2202 3730
292 281 538 318 cLAvmvs
1144 266 1229 312 376
1838 269 2086 309 cLAvmvs

375 425 524 452 versus
553 409 750 463 Pergami
778 406 1053 463 philosophos
1076 405 1268 448 Stoicum
1289 402 1546 459 discipulum
1569 402 1870 458 Philopatoris,
1902 402 2090 444 Platoni-

374 493 470 519 cum
501 476 756 532 discipulum
778 476 873 528 Grai,
906 474 1243 530 Peripateticum
1272 471 1443 528 Aspasii
1475 470 1748 526 discipulum,
1779 470 1966 526 denique
1986 470 2088 526 Epi-

372 559 549 586 cureum
580 543 794 599 quendam
823 542 992 584 audivit
1019 543 1109 595 ipse
1139 541 1164 584 l.
1198 540 1224 582 l.
1280 540 1431 582 Annos
1471 538 1777 595 septemdecim
1806 544 1934 580 natus
1964 544 2087 594 patre

370 619 545 654 auctore
584 612 672 665 ipse
703 611 727 653 l.
761 610 801 661 l„
844 612 1128 667 θεραπευτικῆς
1165 609 1337 666 μεθόδου
1368 611 1407 658 9,
1437 610 1465 649 3
1493 607 1541 650 X
1560 622 1607 661 p.
1639 610 1732 658 609,
1773 609 1858 664 περὶ
1897 611 1966 651 τοῦ
1995 622 2086 665 προ-

368 683 569 737 γινώσκειν
603 694 635 721 c.
667 683 698 723 2
727 679 854 722 XIV
866 693 914 733 p.
936 681 1021 721 608
1051 678 1291 719 medicinae
1319 691 1494 733 operam
1523 676 1627 719 dare
1657 677 1799 732 coepit
1828 682 1871 717 et
1899 677 2086 732 primum

367 750 411 789 in
442 749 581 804 patria
610 748 755 803 Satyri
795 747 947 789 medici
980 745 1217 802 discipulus
1253 745 1335 787 fuit
1363 745 1452 799 ipse
1481 747 1567 801 περὶ
1596 749 1665 801 τῆς
1693 745 1840 791 τάξεως
1868 748 1946 787 τῶν
1977 746 2085 787 ἰδίων

369 818 527 874 βιβλίων
546 830 578 858 e.
595 819 623 857 3
640 815 766 857 ΧΙΧ
775 830 821 869 Ρ.
836 818 901 865 57,
925 817 1011 871 περὶ
1032 817 1281 871 ἀνατομικῶν
1298 814 1569 870 ἐγχειρήσεων
1587 816 1625 863 1,
1645 816 1681 854 1.
1698 812 1853 866 2ΙΙΡ.
1867 815 1965 855 217.
1981 815 2083 863 224,

368 886 453 940 περὶ
483 889 560 927 τῶν
596 883 806 927 ἅντιδότων
828 887 865 934 1,
887 887 940 926 14
960 884 1039 925 ΧΙ
1044 883 1085 925 V
1088 898 1136 937 p.
1160 886 1224 933 69,
1258 884 1311 929 εἰς
1333 881 1613 938 Ἱπποκράτους
1643 883 1730 938 περὶ
1762 882 1899 939 φύσιος
1928 881 2083 937 ἀνθρώ-

366 968 441 993 που
474 952 684 1008 ὑπόμνημα
715 966 746 993 c.
769 955 795 993 6
813 951 912 994 XV
916 966 964 1005 p.
981 955 1073 1001 136,
1106 952 1151 993 in
1179 950 1361 993 eiusdem
1391 953 1478 1008 περὶ
1505 954 1645 1007 χυμῶν
1667 951 1809 1006 ὑπομν.
1829 953 1868 1001 3,
1886 952 1940 992 34
1959 949 2083 992 XVI

360 1034 408 1073 Ρ.
429 1022 522 1070 484,
555 1022 770 1077 ἐπιδημιῶν
802 1022 1066 1076 ὑπομνήματα
1082 1023 1124 1070 >1,
1146 1022 1203 1063 29
1224 1018 1377 1061 XVII
1388 1022 1413 1060 1
1434 1033 1482 1073 p.
1503 1021 1595 1069 575,
1621 1023 1891 1076 προρρητικῶν
1913 1020 2085 1075 ὑπομνή-

366 1103 469 1143 ματα
489 1091 527 1138 1,
548 1090 575 1130 5
595 1088 642 1130 Χ
652 1087 719 1130 VI
723 1103 770 1142 p.
787 1092 894 1139 524,·
916 1089 1016 1129 item
1038 1088 1237 1142 Pergami
1259 1087 1501 1131 Stratonico
1525 1094 1566 1129 et
1581 1086 1846 1129 Aeschrione
1866 1087 2084 1141 magistris

365 1170 467 1197 usus
498 1162 563 1197 est
592 1158 678 1212 περὶ
710 1158 896 1213 μελαίνης
925 1160 1052 1212 χολῆς
1082 1170 1115 1198 c.
1136 1160 1162 1198 4
1197 1155 1297 1210 Vp.
1320 1159 1413 1206 119,
1443 1158 1530 1213 περὶ
1559 1160 1628 1212 τῆς
1657 1160 1734 1199 τῶν
1767 1157 1905 1199 ἁπλῶν
1931 1156 2083 1214 φαρμά-

365 1240 446 1266 κων
479 1227 661 1280 κράσεων
691 1228 774 1267 κτλ.
806 1228 881 1276 11,
912 1228 969 1268 24
1000 1225 1108 1267 ΧΙΙ
1130 1239 1179 1279 Ρ.
1211 1226 1304 1267 356.
1366 1224 1533 1279 Viginti
1573 1238 1709 1266 annos
1750 1231 1875 1266 natus
1917 1230 2084 1280 patrem

364 1292 506 1333 amisit
533 1295 619 1349 περὶ
651 1294 841 1350 εὐχυμίας
870 1296 935 1336 καὶ
972 1295 1220 1350 κακοχυμίας
1246 1297 1404 1350 τροφῶν
1437 1306 1470 1335 c.
1492 1296 1517 1334 1
1548 1292 1616 1335 VI
1628 1308 1676 1347 p.
1700 1295 1792 1336 756.
1852 1292 2083 1348 Smyrnam

363 1360 578 1414 migravit,
602 1367 650 1403 ut
670 1360 873 1417 Pelopem
893 1362 1107 1404 medicum
1130 1369 1172 1403 et
1187 1360 1395 1404 Albinum
1417 1361 1687 1403 Platonicum
1708 1360 1877 1403 audiret
1897 1363 1983 1419 περὶ
2003 1365 2082 1405 τῶν

361 1428 466 1470 ἰδίων
499 1430 658 1486 βιβλίων
690 1443 721 1472 e.
744 1433 776 1473 2
795 1430 922 1472 ΧΙΧ
940 1444 987 1484 Ρ.
1009 1433 1063 1472 16
1072 1444 1085 1482 ;
1114 1429 1271 1486 Pelops
1301 1430 1507 1485 magister
1537 1429 1693 1472 Galeni
1723 1432 1810 1487 περὶ
1839 1434 1909 1485 τῆς
1935 1431 2084 1477 τάξεως

360 1512 394 1538 τ.
419 1497 468 1538 ἰδ.
496 1498 595 1553 βιβλ.
627 1511 659 1540 c.
693 1501 733 1548 3,
764 1500 852 1555 περὶ
883 1500 1127 1555 ἀνατομικῶν
1159 1499 1430 1556 ἐγχειρήσεων
1453 1502 1491 1549 1,
1514 1501 1540 1540 1
1562 1498 1622 1540 ΙΙ
1635 1513 1683 1552 Ρ.
1704 1501 1800 1549 217,
1833 1499 1887 1545 εἰς
1907 1497 2081 1556 Ἱπποκρ.

361 1566 448 1620 περὶ
480 1565 617 1619 φύσιος
647 1565 860 1623 ὑπόμνημα
891 1581 925 1609 c.
949 1570 975 1610 6
994 1567 1042 1609 X
1052 1567 1145 1622 Vp.
1166 1570 1257 1618 136,
1289 1569 1377 1624 περὶ
1403 1568 1593 1624 μελαίνης
1611 1570 1737 1624 χολῆς
1763 1580 1797 1609 e.
1818 1569 1846 1608 3
1875 1566 1966 1621 Vp.
1983 1570 2080 1617 112,

361 1634 448 1687 περὶ
477 1637 555 1674 τῶν
586 1635 845 1678 πεπονθότων
876 1635 1008 1679 τόπων
1039 1639 1078 1687 3,
1109 1640 1160 1678 11
1192 1635 1314 1679 VIII
1326 1651 1375 1690 p.
1397 1639 1490 1686 194,
1522 1637 1577 1682 εἰς
1607 1634 1780 1692 Ἱπποκρ.
1813 1640 2082 1692 προρρητικῶν
2148 1689 2151 1692 .

360 1699 621 1757 ὑπομνήματα
650 1707 687 1752 1,
714 1705 741 1744 5
760 1703 885 1745 XVI
900 1718 947 1758 p.
968 1707 1066 1747 524.
1114 1705 1341 1746 Praeterea
1370 1703 1592 1746 Aeficiano
1624 1703 1670 1758 (2
1696 1704 1750 1757 ef.
1775 1704 1899 1746 Iwan
1921 1703 2084 1746 Maller

357 1769 503 1821 praef.
526 1783 574 1823 p.
603 1770 768 1813 LXIV
788 1771 867 1814 vol.
898 1772 959 1814 II
988 1773 1240 1827 scriptorum
1279 1773 1488 1814 minorum
1523 1772 1681 1815 Galeni
1716 1771 1778 1814 ed.
1815 1772 1987 1828 Teubn.)
2029 1774 2083 1819 εἰς

362 1832 532 1893 Ἱπποκρ.
555 1841 642 1895 περὶ
662 1844 803 1896 χυμῶν
826 1842 1090 1897 ὑπομνήματα
1109 1844 1148 1891 3,
1169 1844 1223 1883 34
1242 1840 1368 1883 XVI
1381 1856 1429 1895 Ρ.
1452 1844 1546 1892 484,
1577 1841 1624 1883 in
1655 1840 1835 1883 eiusdem
1863 1841 2080 1898 ἐπιδήμιῶν

360 1906 398 1954 1,
419 1906 478 1946 29
497 1904 649 1948 XVII
661 1911 687 1948 1
708 1922 755 1962 p.
776 1911 857 1951 575
888 1916 930 1951 et
957 1909 1212 1951 Numisiano
1242 1910 1460 1964 magistris
1491 1925 1594 1951 usus
1625 1916 1700 1964 est,
1733 1923 1863 1965 quem
1884 1908 2081 1951 Corinthi

361 1971 529 2015 audivit
557 1977 644 2031 περὶ
674 1978 922 2033 ἀνατομικῶν
949 1978 1218 2035 ἐγχειρήσεων
1238 1981 1277 2028 1,
1299 1982 1325 2020 1
1341 1978 1403 2020 ΙΙ
1416 1992 1463 2032 Ρ.
1485 1981 1575 2021 217
1591 1990 1650 2031 sq.
1701 1977 1873 2019 Deinde
1892 1977 2080 2020 Alexan-

362 2038 491 2082 dreae
523 2042 761 2086 studiorum
793 2060 922 2087 causa
942 2045 1213 2102 aliquantum
1233 2047 1438 2102 temporis
1459 2045 1578 2100 degit
1597 2047 1885 2103 θεραπευτικῆς
1905 2046 2078 2103 μεθόδου

363 2110 402 2157 1,
427 2110 454 2149 7
469 2108 519 2150 Χ
536 2124 583 2163 Ρ.
602 2113 656 2153 53
674 2125 747 2165 sq„
780 2116 866 2170 περὶ
895 2118 973 2156 τῶν
1005 2116 1141 2157 ἁπλῶν
1175 2117 1399 2171 φαρμάκων
1429 2117 1513 2157 κτλ.
1543 2117 1581 2165 9,
1612 2117 1644 2158 2
1671 2114 1780 2157 ΧΙΙ
1791 2129 1841 2169 Ρ.
1862 2118 1955 2166 177,
1992 2118 2079 2173 περὶ

367 2176 592 2225 συνθέσεως
623 2184 844 2238 φαρμάκων
875 2187 953 2226 τῶν
984 2183 1084 2230 κατὰ
1112 2183 1255 2229 τόπους
1280 2186 1317 2233 6,
1339 2187 1371 2226 2
1399 2183 1506 2225 ΧΙΙ
1520 2197 1567 2237 Ρ.
1588 2185 1680 2234 905,
1711 2182 1786 2225 ubi
1814 2198 1914 2225 cum
1943 2183 2079 2225 Hera-

361 2242 500 2286 cliano
530 2247 698 2290 medico
726 2250 981 2292 versabatur
1011 2252 1064 2298 εἰς
1085 2249 1259 2309 Ἱπποκρ.
1290 2254 1378 2310 περὶ
1398 2253 1537 2309 φύσιος
1556 2253 1669 2309 ἀνθρ.
1693 2255 1735 2303 2,
1759 2255 1785 2294 6
1802 2251 1902 2294 XV
1914 2266 1961 2307 Ρ.
1984 2253 2076 2295 136.

363 2311 480 2354 Puer
520 2321 562 2357 et
598 2315 848 2360 adulescens
884 2318 1077 2361 febribus
1108 2318 1292 2376 aliisque
1321 2320 1481 2362 morbis
1511 2335 1640 2377 saepe
1670 2325 1893 2377 correptus
1923 2318 2024 2361 inde
2054 2333 2080 2361 a

365 2380 564 2424 vicesimo
589 2391 742 2427 octavo
764 2388 914 2429 aetatis
936 2402 1048 2430 anno
1071 2387 1198 2430 firma
1212 2387 1459 2431 valetudine
1478 2403 1581 2431 usus
1599 2395 1663 2431 est
1683 2390 1770 2446 περὶ
1790 2388 1981 2445 εὐχυμίας
1993 2389 2078 2430 κτλ.

363 2460 395 2489 c.
417 2452 443 2490 1
474 2449 542 2493 VI
553 2466 600 2505 p.
625 2455 715 2495 756.
739 2457 830 2505 757,
863 2457 1038 2513 ὑγιεινῶν
1068 2459 1107 2507 5,
1130 2460 1156 2498 1
1188 2456 1255 2499 VI
1265 2471 1314 2511 p.
1336 2460 1430 2507 309,
1462 2459 1550 2514 περὶ
1576 2457 1722 2514 τρόμου
1754 2460 1838 2501 κτλ.
1869 2470 1903 2499 c.
1923 2459 1951 2498 7
1980 2454 2076 2498 VII

356 2529 405 2568 Ρ.
427 2520 522 2568 638,
553 2523 639 2576 περὶ
668 2527 746 2564 τῶν
777 2525 1034 2567 πεπονθότων
1065 2525 1197 2568 τόπων
1225 2529 1263 2576 4,
1293 2529 1326 2568 2
1356 2525 1479 2568 VIII
1491 2541 1539 2580 Ρ.
1560 2529 1661 2569 226.

448 2585 556 2628 Cum
578 2589 830 2633 vicesimum
850 2607 1011 2634 nonum
1030 2608 1190 2635 annum
1213 2607 1341 2648 agere
1361 2597 1581 2650 coepisset,
1604 2595 1649 2636 in
1671 2595 1857 2650 patriam
1876 2607 2078 2636 reversus

363 2653 554 2697 consulto
577 2658 849 2701 sacerdotum
865 2661 1096 2718 (ἀρχιερεῖς)
1114 2663 1478 2716 Pergamenorum
1494 2677 1648 2705 munus
1664 2663 1896 2705 curationis
1916 2661 2078 2717 gladia-

363 2726 502 2763 torum
528 2727 716 2781 suscepit
735 2730 822 2783 περὶ
843 2729 1070 2776 συνθέσεως
1093 2733 1314 2787 φαρμάκων
1335 2736 1414 2774 τῶν
1434 2731 1535 2774 κατὰ
1558 2730 1652 2787 γένη
1673 2734 1714 2782 3,
1730 2730 1911 2774 2XIII
1915 2745 1964 2785 p
1979 2732 2074 2780 599,

364 2789 417 2834 εἰς
447 2788 618 2848 Ιπποκρ.
651 2797 737 2850 περὶ
767 2798 904 2852 ἀγμῶν
928 2801 967 2848 3,
987 2802 1045 2841 21
1065 2798 1245 2841 XVIII
1256 2803 1289 2842 2
1309 2814 1356 2853 Ρ.
1378 2802 1470 2844 567.
1524 2800 1711 2854 Quinque
1738 2799 1802 2842 vel
1829 2812 1901 2841 sex
1930 2811 2076 2848 annos,

361 2856 573 2901 sciliceta.
590 2864 785 2905 158-164
801 2864 1011 2908 Galenum
1026 2855 1229 2921 Perywmi
1248 2870 1344 2909 tune
1363 2871 1573 2910 versatum
1593 2881 1677 2910 esse
1696 2867 1867 2922 scripsit
1881 2866 2078 2909 Labbeus

359 2938 406 2977 Ρ.
437 2928 464 2967 5
494 2927 675 2978 afferens
712 2933 840 2974 verba
866 2932 1023 2976 Galeni
1052 2934 1079 2976 l.
1110 2934 1135 2977 l.
1166 2935 1301 2978 XIII
1324 2951 1372 2990 Ρ.
1397 2939 1478 2978 600
1507 2938 1528 2979 6
1561 2937 1659 2993 μετὰ
1697 2938 1762 2980 τὸν
1803 2936 2077 2994 ἐγχειρίσαντά

365 3009 430 3048 μοι
459 2994 546 3037 τότε
575 2998 644 3052 τὴν
676 2999 890 3055 θεραπείαν
923 3002 1097 3056 (scilicet
1129 3003 1432 3059 yladiatomm)
1466 3006 1647 3062 δεύτερος
1685 3006 1891 3063 ἀρχιερευς
1928 3005 2078 3061 ὁμοίως

363 3063 426 3102 καὶ
455 3062 569 3110 αὐτὸς
594 3065 796 3109 ἐπίστευσε
816 3071 885 3125 τὴν
908 3071 1131 3126 ἐπιμέλειαν
1154 3076 1232 3115 τῶν
1260 3075 1503 3130 μονομάχων
1525 3074 1626 3116 κατὰ
1646 3078 1772 3130 μῆνας
1791 3073 1889 3116 ἑπτὰ
1909 3072 2076 3130 μέσους·

365 3129 385 3169 ὃ
418 3130 487 3184 μὲν
518 3131 591 3187 γὰρ
622 3139 776 3189 πρῶτος
814 3139 899 3192 περὶ
928 3140 996 3194 τὴν
1029 3141 1321 3196 φθινοπωρινὴν
1362 3143 1573 3198 ἰσομερίαν,
1615 3144 1636 3185 6
1668 3144 1711 3185 δὲ
1743 3143 1923 3199 δεύτερος
1952 3141 2078 3198 ἀκμά-

366 3198 499 3244 ζοντος
536 3204 604 3241 τοῦ
644 3201 737 3258 ἦρος
776 3206 1082 3261 ἡρχιερεόσατο·
1113 3210 1228 3251 πάλιν
1261 3207 1296 3251 δ’
1326 3209 1389 3252 ἐπὶ
1428 3211 1553 3267 τούτῳ
1593 3210 1805 3254 σωθέντων
1837 3212 2021 3254 ἁπάντων
2051 3209 2074 3252 6

364 3268 489 3319 τρίτος
527 3269 591 3309 καὶ
624 3270 645 3310 6
678 3270 860 3327 τέταρτος
888 3276 952 3316 καὶ
980 3276 1000 3316 ὁ
1030 3275 1205 3331 πέμπτος
1244 3278 1430 3324 ὡςαύτως
1469 3279 1712 3335 ἐνεχείρισοίν
1753 3296 1820 3336 μοι
1855 3280 1925 3336 τὴν
1960 3280 2076 3335 θερα-

365 3334 476 3375 πείαν
505 3340 582 3379 τῶν
612 3342 870 3395 μονομάχων.
920 3343 1106 3396 Quinque
1134 3345 1267 3399 iyitur
1294 3345 1528 3389 sacerdotes
1556 3347 1745 3401 deinceps
1775 3346 2078 3402 (probabiliter
