<?xml version="1.0" encoding="UTF-8"?>
<!DOCTYPE html PUBLIC "-//W3C//DTD XHTML 1.0 Transitional//EN"
    "http://www.w3.org/TR/xhtml1/DTD/xhtml1-transitional.dtd">
<html xmlns="http://www.w3.org/1999/xhtml" xml:lang="en" lang="en">
 <head>
  <title>
</title>
<meta http-equiv="Content-Type" content="text/html;charset=utf-8" />
  <meta name='ocr-system' content='tesseract 3.04.00' />
  <meta name='ocr-capabilities' content='ocr_page ocr_carea ocr_par ocr_line ocrx_word'/>
</head>
<body>
  <div class='ocr_page' id='page_1' title='image "./prosopographiaim01akaduoft/prosopographiaim01akaduoft_0342.png"; bbox 0 0 2202 3730; ppageno 0'>
   <div class='ocr_carea' id='block_1_1' title="bbox 281 302 2080 349">
    <p class='ocr_par' dir='ltr' id='par_1_1' title="bbox 281 302 2080 349">
     <span class='ocr_line' id='line_1_1' title="bbox 281 302 2080 349; baseline -0.002 -1"><span class='ocrx_word' id='word_1_1' title='bbox 281 312 513 349; x_wconf 87' lang='lat' dir='ltr'><em>CEIONIVS</em></span> <span class='ocrx_word' id='word_1_2' title='bbox 1136 302 1220 344; x_wconf 85' lang='grc'><em>326</em></span> <span class='ocrx_word' id='word_1_3' title='bbox 1847 309 2080 345; x_wconf 86' lang='lat' dir='ltr'><em>CEIONIVS</em></span> 
     </span>
    </p>
   </div>
   <div class='ocr_carea' id='block_1_2' title="bbox 482 371 1152 381">
    <p class='ocr_par' dir='ltr' id='par_1_2' title="bbox 482 371 1152 381">
     <span class='ocr_line' id='line_1_2' title="bbox 482 371 1152 381; baseline 0 0"><span class='ocrx_word' id='word_1_4' title='bbox 482 371 1152 381; x_wconf 95' lang='lat' dir='ltr'><em> </em></span> 
     </span>
    </p>
   </div>
   <div class='ocr_carea' id='block_1_3' title="bbox 287 377 455 382">
    <p class='ocr_par' dir='ltr' id='par_1_3' title="bbox 287 377 455 382">
     <span class='ocr_line' id='line_1_3' title="bbox 287 377 455 382; baseline 0 0"><span class='ocrx_word' id='word_1_5' title='bbox 287 377 455 382; x_wconf 95' lang='lat' dir='ltr'><em> </em></span> 
     </span>
    </p>
   </div>
   <div class='ocr_carea' id='block_1_4' title="bbox 362 437 2082 628">
    <p class='ocr_par' dir='ltr' id='par_1_4' title="bbox 362 437 2082 628">
     <span class='ocr_line' id='line_1_4' title="bbox 451 437 2082 494; baseline -0.002 -10"><span class='ocrx_word' id='word_1_6' title='bbox 451 440 612 485; x_wconf 92' lang='lat' dir='ltr'><em>Consul</em></span> <span class='ocrx_word' id='word_1_7' title='bbox 643 455 679 482; x_wconf 86' lang='lat' dir='ltr'><em>a.</em></span> <span class='ocrx_word' id='word_1_8' title='bbox 704 440 757 482; x_wconf 82' lang='lat'><em>78</em></span> <span class='ocrx_word' id='word_1_9' title='bbox 777 439 886 493; x_wconf 80' lang='lat' dir='ltr'><em>fasti</em></span> <span class='ocrx_word' id='word_1_10' title='bbox 893 451 907 489; x_wconf 89' lang='lat'><em>,·</em></span> <span class='ocrx_word' id='word_1_11' title='bbox 935 438 1093 480; x_wconf 85' lang='lat' dir='ltr'><em>VIIvir</em></span> <span class='ocrx_word' id='word_1_12' title='bbox 1114 437 1348 493; x_wconf 83' lang='lat' dir='ltr'>epulonum</span> <span class='ocrx_word' id='word_1_13' title='bbox 1369 441 1397 481; x_wconf 86' lang='lat' dir='ltr'><em>t.</em></span> <span class='ocrx_word' id='word_1_14' title='bbox 1416 442 1459 482; x_wconf 91' lang='grc'><em>2.</em></span> <span class='ocrx_word' id='word_1_15' title='bbox 1503 438 1684 480; x_wconf 83' lang='lat' dir='ltr'><em>Maritus</em></span> <span class='ocrx_word' id='word_1_16' title='bbox 1705 437 1874 494; x_wconf 80' lang='lat' dir='ltr'>Appiae</span> <span class='ocrx_word' id='word_1_17' title='bbox 1895 438 2082 481; x_wconf 78' lang='lat' dir='ltr'><em>severae</em></span> 
     </span>
     <span class='ocr_line' id='line_1_5' title="bbox 367 505 2079 562; baseline -0.002 -10"><span class='ocrx_word' id='word_1_18' title='bbox 367 514 394 552; x_wconf 81' lang='lat' dir='ltr'><em>t.</em></span> <span class='ocrx_word' id='word_1_19' title='bbox 420 513 458 551; x_wconf 92' lang='lat'><em>1.</em></span> <span class='ocrx_word' id='word_1_20' title='bbox 479 513 522 559; x_wconf 92' lang='grc'><em>2,</em></span> <span class='ocrx_word' id='word_1_21' title='bbox 551 522 684 562; x_wconf 88' lang='lat' dir='ltr'><em>gener</em></span> <span class='ocrx_word' id='word_1_22' title='bbox 715 507 816 550; x_wconf 84' lang='lat' dir='ltr'><em>Sex.</em></span> <span class='ocrx_word' id='word_1_23' title='bbox 838 505 969 562; x_wconf 86' lang='lat' dir='ltr'>Appii</span> <span class='ocrx_word' id='word_1_24' title='bbox 997 505 1147 548; x_wconf 83' lang='lat' dir='ltr'><em>Severi</em></span> <span class='ocrx_word' id='word_1_25' title='bbox 1179 509 1206 548; x_wconf 88' lang='lat' dir='ltr'><em>t.</em></span> <span class='ocrx_word' id='word_1_26' title='bbox 1229 509 1267 549; x_wconf 94' lang='lat'><em>1.</em></span> <span class='ocrx_word' id='word_1_27' title='bbox 1320 506 1453 548; x_wconf 89' lang='lat' dir='ltr'><em>Pater</em></span> <span class='ocrx_word' id='word_1_28' title='bbox 1472 507 1523 550; x_wconf 91' lang='lat' dir='ltr'><em>L.</em></span> <span class='ocrx_word' id='word_1_29' title='bbox 1554 505 1719 549; x_wconf 77' lang='lat' dir='ltr'><em>Ceionii</em></span> <span class='ocrx_word' id='word_1_30' title='bbox 1743 506 1960 549; x_wconf 84' lang='lat' dir='ltr'><em>Cormnodi</em></span> <span class='ocrx_word' id='word_1_31' title='bbox 1987 521 2079 549; x_wconf 87' lang='lat' dir='ltr'><em>con·</em></span> 
     </span>
     <span class='ocr_line' id='line_1_6' title="bbox 362 572 2079 628; baseline -0.001 -9"><span class='ocrx_word' id='word_1_32' title='bbox 362 577 466 619; x_wconf 87' lang='lat' dir='ltr'><em>sulis</em></span> <span class='ocrx_word' id='word_1_33' title='bbox 496 591 535 618; x_wconf 94' lang='lat' dir='ltr'><em>a.</em></span> <span class='ocrx_word' id='word_1_34' title='bbox 567 579 657 626; x_wconf 89' lang='lat'><strong><em>106,</em></strong></span> <span class='ocrx_word' id='word_1_35' title='bbox 701 588 802 617; x_wconf 84' lang='lat' dir='ltr'><em>avus</em></span> <span class='ocrx_word' id='word_1_36' title='bbox 841 575 892 616; x_wconf 90' lang='lat' dir='ltr'><em>L.</em></span> <span class='ocrx_word' id='word_1_37' title='bbox 926 572 1088 617; x_wconf 77' lang='lat' dir='ltr'><em>Ceionii</em></span> <span class='ocrx_word' id='word_1_38' title='bbox 1116 572 1331 616; x_wconf 79' lang='lat' dir='ltr'><em>Commodi</em></span> <span class='ocrx_word' id='word_1_39' title='bbox 1357 575 1429 628; x_wconf 80' lang='lat' dir='ltr'><em>qui</em></span> <span class='ocrx_word' id='word_1_40' title='bbox 1458 578 1610 628; x_wconf 87' lang='lat' dir='ltr'><em>postea</em></span> <span class='ocrx_word' id='word_1_41' title='bbox 1648 575 1699 616; x_wconf 93' lang='lat' dir='ltr'><em>L.</em></span> <span class='ocrx_word' id='word_1_42' title='bbox 1730 574 1881 616; x_wconf 84' lang='lat' dir='ltr'><em>Aelius</em></span> <span class='ocrx_word' id='word_1_43' title='bbox 1911 574 2079 626; x_wconf 86' lang='lat' dir='ltr'><em>Caesar,</em></span> 
     </span>
    </p>
   </div>
   <div class='ocr_carea' id='block_1_5' title="bbox 361 641 2158 699">
    <p class='ocr_par' dir='ltr' id='par_1_5' title="bbox 361 641 2158 699">
     <span class='ocr_line' id='line_1_7' title="bbox 361 641 2158 699; baseline -0.001 -13"><span class='ocrx_word' id='word_1_44' title='bbox 361 657 550 699; x_wconf 82' lang='lat' dir='ltr'><em>proavus</em></span> <span class='ocrx_word' id='word_1_45' title='bbox 569 644 619 685; x_wconf 95' lang='lat' dir='ltr'><em>L.</em></span> <span class='ocrx_word' id='word_1_46' title='bbox 651 643 750 685; x_wconf 91' lang='lat' dir='ltr'><em>Veri</em></span> <span class='ocrx_word' id='word_1_47' title='bbox 768 642 964 696; x_wconf 75' lang='lat' dir='ltr'><em>Auyusti.</em></span> <span class='ocrx_word' id='word_1_48' title='bbox 988 667 1040 671; x_wconf 97' lang='lat'><strong>—</strong></span> <span class='ocrx_word' id='word_1_49' title='bbox 1074 641 1146 685; x_wconf 90' lang='lat' dir='ltr'><em>Vel</em></span> <span class='ocrx_word' id='word_1_50' title='bbox 1174 642 1243 684; x_wconf 80' lang='lat' dir='ltr'><em>hic</em></span> <span class='ocrx_word' id='word_1_51' title='bbox 1271 642 1334 684; x_wconf 82' lang='lat' dir='ltr'><em>vel</em></span> <span class='ocrx_word' id='word_1_52' title='bbox 1353 642 1469 697; x_wconf 69' lang='lat' dir='ltr'><em>filius</em></span> <span class='ocrx_word' id='word_1_53' title='bbox 1490 642 1786 697; x_wconf 72' lang='lat' dir='ltr'><em>intelleyendus</em></span> <span class='ocrx_word' id='word_1_54' title='bbox 1806 645 1866 685; x_wconf 92' lang='lat' dir='ltr'><em>est</em></span> <span class='ocrx_word' id='word_1_55' title='bbox 1882 642 2080 686; x_wconf 87' lang='lat' dir='ltr'><em>Frontin.</em></span> <span class='ocrx_word' id='word_1_56' title='bbox 2155 674 2158 677; x_wconf 49' lang='lat'><strong>&gt;</strong></span> 
     </span>
    </p>
   </div>
   <div class='ocr_carea' id='block_1_6' title="bbox 270 710 2122 3422">
    <p class='ocr_par' dir='ltr' id='par_1_6' title="bbox 360 710 2082 902">
     <span class='ocr_line' id='line_1_8' title="bbox 362 710 2081 766; baseline -0.002 -12"><span class='ocrx_word' id='word_1_57' title='bbox 362 713 412 755; x_wconf 90' lang='lat' dir='ltr'><em>dc</em></span> <span class='ocrx_word' id='word_1_58' title='bbox 449 712 569 766; x_wconf 76' lang='lat' dir='ltr'><em>aquis</em></span> <span class='ocrx_word' id='word_1_59' title='bbox 597 715 662 761; x_wconf 89' lang='lat'><em>70,</em></span> <span class='ocrx_word' id='word_1_60' title='bbox 702 711 778 753; x_wconf 85' lang='lat' dir='ltr'><em>ubi</em></span> <span class='ocrx_word' id='word_1_61' title='bbox 815 713 1072 752; x_wconf 85' lang='lat' dir='ltr'><em>memoratur</em></span> <span class='ocrx_word' id='word_1_62' title='bbox 1106 723 1211 764; x_wconf 84' lang='lat' dir='ltr'><em>ager</em></span> <span class='ocrx_word' id='word_1_63' title='bbox 1245 710 1517 752; x_wconf 88' lang='lat' dir='ltr'><em>suburbanus</em></span> <span class='ocrx_word' id='word_1_64' title='bbox 1553 711 1626 766; x_wconf 92' lang='lat' dir='ltr'><em>qui</em></span> <span class='ocrx_word' id='word_1_65' title='bbox 1667 725 1781 752; x_wconf 84' lang='lat' dir='ltr'><em>nune</em></span> <span class='ocrx_word' id='word_1_66' title='bbox 1816 717 1880 753; x_wconf 89' lang='lat' dir='ltr'><em>est</em></span> <span class='ocrx_word' id='word_1_67' title='bbox 1914 710 2081 753; x_wconf 84' lang='lat' dir='ltr'><em>Ceionii</em></span> 
     </span>
     <span class='ocr_line' id='line_1_9' title="bbox 363 777 2082 832; baseline -0.001 -10"><span class='ocrx_word' id='word_1_68' title='bbox 363 779 599 823; x_wconf 88' lang='lat' dir='ltr'><em>Commodi.</em></span> <span class='ocrx_word' id='word_1_69' title='bbox 625 803 672 808; x_wconf 91' lang='lat'><em>-</em></span> <span class='ocrx_word' id='word_1_70' title='bbox 696 778 933 820; x_wconf 82' lang='lat' dir='ltr'><em>Familiam</em></span> <span class='ocrx_word' id='word_1_71' title='bbox 961 777 1086 820; x_wconf 79' lang='lat' dir='ltr'><em>huius</em></span> <span class='ocrx_word' id='word_1_72' title='bbox 1111 792 1161 820; x_wconf 66' lang='lat' dir='ltr'><em>esc</em></span> <span class='ocrx_word' id='word_1_73' title='bbox 1179 778 1364 820; x_wconf 78' lang='lat' dir='ltr'><em>Etruria</em></span> <span class='ocrx_word' id='word_1_74' title='bbox 1393 778 1597 832; x_wconf 72' lang='lat' dir='ltr'><em>oriyinem</em></span> <span class='ocrx_word' id='word_1_75' title='bbox 1627 778 1794 820; x_wconf 74' lang='lat' dir='ltr'><em>duxisse</em></span> <span class='ocrx_word' id='word_1_76' title='bbox 1825 781 2004 832; x_wconf 87' lang='lat' dir='ltr'><em>apparet</em></span> <span class='ocrx_word' id='word_1_77' title='bbox 2030 792 2082 821; x_wconf 73' lang='lat' dir='ltr'><em>ex</em></span> 
     </span>
     <span class='ocr_line' id='line_1_10' title="bbox 360 845 2078 902; baseline -0.001 -13"><span class='ocrx_word' id='word_1_78' title='bbox 360 849 449 890; x_wconf 85' lang='lat' dir='ltr'><em>vita</em></span> <span class='ocrx_word' id='word_1_79' title='bbox 477 847 576 890; x_wconf 88' lang='lat' dir='ltr'><em>Veri</em></span> <span class='ocrx_word' id='word_1_80' title='bbox 601 851 638 898; x_wconf 90' lang='lat'><em>1,</em></span> <span class='ocrx_word' id='word_1_81' title='bbox 661 851 709 890; x_wconf 88' lang='lat'><em>9:</em></span> <span class='ocrx_word' id='word_1_82' title='bbox 740 847 860 901; x_wconf 86' lang='lat' dir='ltr'><em>origo</em></span> <span class='ocrx_word' id='word_1_83' title='bbox 892 847 983 888; x_wconf 90' lang='lat' dir='ltr'><em>eius</em></span> <span class='ocrx_word' id='word_1_84' title='bbox 1015 846 1088 899; x_wconf 85' lang='lat'><em>(=</em></span> <span class='ocrx_word' id='word_1_85' title='bbox 1114 845 1229 900; x_wconf 84' lang='lat' dir='ltr'><em>Veri)</em></span> <span class='ocrx_word' id='word_1_86' title='bbox 1260 852 1440 902; x_wconf 86' lang='lat' dir='ltr'><em>paterna</em></span> <span class='ocrx_word' id='word_1_87' title='bbox 1469 846 1676 902; x_wconf 82' lang='lat' dir='ltr'><em>pleraque</em></span> <span class='ocrx_word' id='word_1_88' title='bbox 1707 861 1761 887; x_wconf 89' lang='lat' dir='ltr'><em>ex</em></span> <span class='ocrx_word' id='word_1_89' title='bbox 1780 847 1956 888; x_wconf 83' lang='lat' dir='ltr'><em>Etruria</em></span> <span class='ocrx_word' id='word_1_90' title='bbox 1985 846 2078 888; x_wconf 84' lang='lat' dir='ltr'><em>fuit.</em></span> 
     </span>
    </p>

    <p class='ocr_par' dir='ltr' id='par_1_7' title="bbox 276 914 2082 1707">
     <span class='ocr_line' id='line_1_11' title="bbox 276 914 2081 970; baseline -0.002 -11"><span class='ocrx_word' id='word_1_91' title='bbox 276 916 357 959; x_wconf 83' lang='lat'><em>502</em></span> <span class='ocrx_word' id='word_1_92' title='bbox 391 916 471 970; x_wconf 88' lang='lat' dir='ltr'><em>(L.)</em></span> <span class='ocrx_word' id='word_1_93' title='bbox 500 921 733 957; x_wconf 86' lang='lat' dir='ltr'><em>CEIONIVS</em></span> <span class='ocrx_word' id='word_1_94' title='bbox 762 921 1049 969; x_wconf 87' lang='lat' dir='ltr'><strong><em>COMMODVS,</em></strong></span> <span class='ocrx_word' id='word_1_95' title='bbox 1083 914 1233 956; x_wconf 85' lang='lat' dir='ltr'><em>consul</em></span> <span class='ocrx_word' id='word_1_96' title='bbox 1260 930 1298 957; x_wconf 89' lang='lat' dir='ltr'><em>a.</em></span> <span class='ocrx_word' id='word_1_97' title='bbox 1322 916 1403 957; x_wconf 91' lang='lat'><em>106</em></span> <span class='ocrx_word' id='word_1_98' title='bbox 1429 929 1526 956; x_wconf 83' lang='lat' dir='ltr'><em>oum</em></span> <span class='ocrx_word' id='word_1_99' title='bbox 1548 914 1730 957; x_wconf 84' lang='lat' dir='ltr'><em>Ceriale.</em></span> <span class='ocrx_word' id='word_1_100' title='bbox 1780 915 1837 956; x_wconf 94' lang='lat' dir='ltr'><em>In</em></span> <span class='ocrx_word' id='word_1_101' title='bbox 1861 914 2081 957; x_wconf 78' lang='lat' dir='ltr'><em>consulatu</em></span> 
     </span>
     <span class='ocr_line' id='line_1_12' title="bbox 361 981 2079 1039; baseline -0.001 -14"><span class='ocrx_word' id='word_1_102' title='bbox 361 981 621 1026; x_wconf 84' lang='lat' dir='ltr'><em>Commodus</em></span> <span class='ocrx_word' id='word_1_103' title='bbox 642 984 761 1037; x_wconf 83' lang='lat' dir='ltr'><em>fasti.</em></span> <span class='ocrx_word' id='word_1_104' title='bbox 796 984 927 1025; x_wconf 81' lang='lat' dir='ltr'><em>‘Huic</em></span> <span class='ocrx_word' id='word_1_105' title='bbox 948 982 1021 1036; x_wconf 71' lang='grc' dir='ltr'><em>(Ξ</em></span> <span class='ocrx_word' id='word_1_106' title='bbox 1037 983 1088 1025; x_wconf 92' lang='lat' dir='ltr'><em>L.</em></span> <span class='ocrx_word' id='word_1_107' title='bbox 1105 982 1230 1024; x_wconf 89' lang='lat' dir='ltr'><em>Aelio</em></span> <span class='ocrx_word' id='word_1_108' title='bbox 1249 983 1443 1036; x_wconf 86' lang='lat' dir='ltr'><em>Caesari)</em></span> <span class='ocrx_word' id='word_1_109' title='bbox 1459 989 1581 1039; x_wconf 83' lang='lat' dir='ltr'><em>pater</em></span> <span class='ocrx_word' id='word_1_110' title='bbox 1598 982 1800 1025; x_wconf 85' lang='lat' dir='ltr'><em>Ceionius</em></span> <span class='ocrx_word' id='word_1_111' title='bbox 1818 982 2079 1025; x_wconf 90' lang='lat' dir='ltr'><em>Commodus</em></span> 
     </span>
     <span class='ocr_line' id='line_1_13' title="bbox 362 1049 2078 1107; baseline -0.001 -14"><span class='ocrx_word' id='word_1_112' title='bbox 362 1051 455 1105; x_wconf 84' lang='lat' dir='ltr'><em>fuit,</em></span> <span class='ocrx_word' id='word_1_113' title='bbox 479 1065 604 1107; x_wconf 90' lang='lat' dir='ltr'><em>quem</em></span> <span class='ocrx_word' id='word_1_114' title='bbox 626 1050 699 1093; x_wconf 84' lang='lat' dir='ltr'><em>alii</em></span> <span class='ocrx_word' id='word_1_115' title='bbox 716 1051 892 1105; x_wconf 81' lang='lat' dir='ltr'><em>Verum,</em></span> <span class='ocrx_word' id='word_1_116' title='bbox 915 1050 987 1092; x_wconf 88' lang='lat' dir='ltr'><em>alii</em></span> <span class='ocrx_word' id='word_1_117' title='bbox 1009 1051 1061 1092; x_wconf 87' lang='lat' dir='ltr'><em>L.</em></span> <span class='ocrx_word' id='word_1_118' title='bbox 1083 1050 1319 1104; x_wconf 88' lang='lat' dir='ltr'><em>Aurelium,</em></span> <span class='ocrx_word' id='word_1_119' title='bbox 1338 1050 1462 1092; x_wconf 83' lang='lat' dir='ltr'><em>multi</em></span> <span class='ocrx_word' id='word_1_120' title='bbox 1478 1049 1670 1092; x_wconf 89' lang='lat' dir='ltr'><em>Annium</em></span> <span class='ocrx_word' id='word_1_121' title='bbox 1691 1050 1989 1107; x_wconf 71' lang='lat' dir='ltr'><em>prodiderunt,²</em></span> <span class='ocrx_word' id='word_1_122' title='bbox 2007 1050 2078 1092; x_wconf 82' lang='lat' dir='ltr'><em>vit.</em></span> 
     </span>
     <span class='ocr_line' id='line_1_14' title="bbox 357 1117 2081 1174; baseline 0 -14"><span class='ocrx_word' id='word_1_123' title='bbox 357 1118 477 1161; x_wconf 83' lang='lat' dir='ltr'><em>Aelii</em></span> <span class='ocrx_word' id='word_1_124' title='bbox 503 1122 546 1169; x_wconf 88' lang='grc'><em>2,</em></span> <span class='ocrx_word' id='word_1_125' title='bbox 581 1122 608 1160; x_wconf 98' lang='grc'><em>7</em></span> <span class='ocrx_word' id='word_1_126' title='bbox 626 1133 865 1174; x_wconf 74' lang='lat' dir='ltr'><em>perperam,</em></span> <span class='ocrx_word' id='word_1_127' title='bbox 897 1121 945 1160; x_wconf 91' lang='lat' dir='ltr'><em>ut</em></span> <span class='ocrx_word' id='word_1_128' title='bbox 973 1118 1082 1160; x_wconf 88' lang='lat' dir='ltr'><em>idem</em></span> <span class='ocrx_word' id='word_1_129' title='bbox 1096 1139 1099 1142; x_wconf 97' lang='lat'>·</span> <span class='ocrx_word' id='word_1_130' title='bbox 1113 1118 1369 1172; x_wconf 70' lang='lat' dir='ltr'><em>bioyraphus</em></span> <span class='ocrx_word' id='word_1_131' title='bbox 1397 1119 1443 1160; x_wconf 86' lang='lat' dir='ltr'><em>in</em></span> <span class='ocrx_word' id='word_1_132' title='bbox 1471 1118 1710 1160; x_wconf 81' lang='lat' dir='ltr'><em>nominibus</em></span> <span class='ocrx_word' id='word_1_133' title='bbox 1738 1117 1856 1160; x_wconf 88' lang='lat' dir='ltr'><em>Aelii</em></span> <span class='ocrx_word' id='word_1_134' title='bbox 1881 1118 2081 1161; x_wconf 82' lang='lat' dir='ltr'><em>Caesaris</em></span> 
     </span>
     <span class='ocr_line' id='line_1_15' title="bbox 359 1185 2080 1230; baseline -0.001 -1"><span class='ocrx_word' id='word_1_135' title='bbox 359 1190 398 1229; x_wconf 89' lang='lat' dir='ltr'><em>et</em></span> <span class='ocrx_word' id='word_1_136' title='bbox 427 1187 478 1229; x_wconf 93' lang='lat' dir='ltr'><em>L.</em></span> <span class='ocrx_word' id='word_1_137' title='bbox 511 1186 610 1229; x_wconf 86' lang='lat' dir='ltr'><em>Veri</em></span> <span class='ocrx_word' id='word_1_138' title='bbox 644 1186 787 1229; x_wconf 90' lang='lat' dir='ltr'><em>eadem</em></span> <span class='ocrx_word' id='word_1_139' title='bbox 817 1187 983 1228; x_wconf 91' lang='lat' dir='ltr'><em>ratione</em></span> <span class='ocrx_word' id='word_1_140' title='bbox 1014 1187 1181 1228; x_wconf 87' lang='lat' dir='ltr'><em>titubat.</em></span> <span class='ocrx_word' id='word_1_141' title='bbox 1241 1186 1384 1228; x_wconf 89' lang='lat' dir='ltr'><em>Filius</em></span> <span class='ocrx_word' id='word_1_142' title='bbox 1411 1187 1502 1228; x_wconf 93' lang='lat' dir='ltr'><em>sine</em></span> <span class='ocrx_word' id='word_1_143' title='bbox 1531 1186 1657 1228; x_wconf 84' lang='lat' dir='ltr'><em>dubio</em></span> <span class='ocrx_word' id='word_1_144' title='bbox 1687 1187 1736 1230; x_wconf 92' lang='lat' dir='ltr'><em>L.</em></span> <span class='ocrx_word' id='word_1_145' title='bbox 1770 1185 1934 1228; x_wconf 91' lang='lat' dir='ltr'><em>Ceionii</em></span> <span class='ocrx_word' id='word_1_146' title='bbox 1959 1185 2080 1229; x_wconf 91' lang='lat' dir='ltr'><em>Com—</em></span> 
     </span>
     <span class='ocr_line' id='line_1_16' title="bbox 358 1253 2082 1309; baseline -0.001 -12"><span class='ocrx_word' id='word_1_147' title='bbox 358 1255 474 1298; x_wconf 84' lang='lat' dir='ltr'><em>modi</em></span> <span class='ocrx_word' id='word_1_148' title='bbox 501 1269 581 1299; x_wconf 90' lang='lat' dir='ltr'><em>cos.</em></span> <span class='ocrx_word' id='word_1_149' title='bbox 614 1270 653 1297; x_wconf 89' lang='lat' dir='ltr'><em>a.</em></span> <span class='ocrx_word' id='word_1_150' title='bbox 676 1258 731 1297; x_wconf 82' lang='lat'><em>78</em></span> <span class='ocrx_word' id='word_1_151' title='bbox 760 1258 800 1297; x_wconf 91' lang='lat' dir='ltr'><em>et</em></span> <span class='ocrx_word' id='word_1_152' title='bbox 818 1255 988 1309; x_wconf 86' lang='lat' dir='ltr'><em>Appiae</em></span> <span class='ocrx_word' id='word_1_153' title='bbox 1009 1255 1199 1305; x_wconf 79' lang='lat' dir='ltr'><em>Severae,</em></span> <span class='ocrx_word' id='word_1_154' title='bbox 1223 1258 1355 1309; x_wconf 87' lang='lat' dir='ltr'><em>pater</em></span> <span class='ocrx_word' id='word_1_155' title='bbox 1371 1255 1586 1297; x_wconf 89' lang='lat' dir='ltr'><em>naturalis</em></span> <span class='ocrx_word' id='word_1_156' title='bbox 1605 1255 1655 1297; x_wconf 92' lang='lat' dir='ltr'><em>L.</em></span> <span class='ocrx_word' id='word_1_157' title='bbox 1680 1254 1846 1297; x_wconf 88' lang='lat' dir='ltr'><em>Ceionii</em></span> <span class='ocrx_word' id='word_1_158' title='bbox 1865 1253 2082 1297; x_wconf 84' lang='lat' dir='ltr'><em>Commodi</em></span> 
     </span>
     <span class='ocr_line' id='line_1_17' title="bbox 359 1321 2080 1379; baseline -0.001 -14"><span class='ocrx_word' id='word_1_159' title='bbox 359 1323 432 1377; x_wconf 79' lang='lat' dir='ltr'><em>qui</em></span> <span class='ocrx_word' id='word_1_160' title='bbox 460 1324 513 1365; x_wconf 84' lang='lat' dir='ltr'><em>ab</em></span> <span class='ocrx_word' id='word_1_161' title='bbox 540 1323 771 1366; x_wconf 86' lang='lat' dir='ltr'><em>Hadriano</em></span> <span class='ocrx_word' id='word_1_162' title='bbox 801 1323 1027 1377; x_wconf 88' lang='lat' dir='ltr'><em>adoptatus</em></span> <span class='ocrx_word' id='word_1_163' title='bbox 1047 1323 1097 1365; x_wconf 88' lang='lat' dir='ltr'><em>L.</em></span> <span class='ocrx_word' id='word_1_164' title='bbox 1120 1323 1270 1365; x_wconf 88' lang='lat' dir='ltr'><em>Aelius</em></span> <span class='ocrx_word' id='word_1_165' title='bbox 1297 1323 1458 1365; x_wconf 89' lang='lat' dir='ltr'><em>Caesar</em></span> <span class='ocrx_word' id='word_1_166' title='bbox 1478 1323 1613 1365; x_wconf 89' lang='lat' dir='ltr'><em>dictus</em></span> <span class='ocrx_word' id='word_1_167' title='bbox 1632 1326 1703 1373; x_wconf 86' lang='lat' dir='ltr'><em>est,</em></span> <span class='ocrx_word' id='word_1_168' title='bbox 1727 1326 1767 1364; x_wconf 91' lang='lat' dir='ltr'><em>et</em></span> <span class='ocrx_word' id='word_1_169' title='bbox 1787 1322 1853 1365; x_wconf 86' lang='lat' dir='ltr'><em>M.</em></span> <span class='ocrx_word' id='word_1_170' title='bbox 1876 1321 2080 1379; x_wconf 86' lang='lat' dir='ltr'><em>(Ceionii)</em></span> 
     </span>
     <span class='ocr_line' id='line_1_18' title="bbox 363 1389 2079 1446; baseline -0.002 -12"><span class='ocrx_word' id='word_1_171' title='bbox 363 1390 528 1434; x_wconf 86' lang='lat' dir='ltr'><em>Civicae</em></span> <span class='ocrx_word' id='word_1_172' title='bbox 557 1391 765 1434; x_wconf 86' lang='lat' dir='ltr'><em>Barbari.</em></span> <span class='ocrx_word' id='word_1_173' title='bbox 784 1416 840 1422; x_wconf 94' lang='lat'>—</span> <span class='ocrx_word' id='word_1_174' title='bbox 860 1392 933 1434; x_wconf 74' lang='lat' dir='ltr'><em>Ea:</em></span> <span class='ocrx_word' id='word_1_175' title='bbox 962 1394 989 1435; x_wconf 94' lang='lat' dir='ltr'><em>t.</em></span> <span class='ocrx_word' id='word_1_176' title='bbox 1021 1391 1210 1433; x_wconf 85' lang='lat' dir='ltr'><em>Avidiae</em></span> <span class='ocrx_word' id='word_1_177' title='bbox 1240 1390 1437 1433; x_wconf 85' lang='lat' dir='ltr'><em>Plautiae</em></span> <span class='ocrx_word' id='word_1_178' title='bbox 1467 1390 1534 1445; x_wconf 91' lang='lat' dir='ltr'><strong><em>(C.</em></strong></span> <span class='ocrx_word' id='word_1_179' title='bbox 1565 1390 1732 1446; x_wconf 87' lang='lat' dir='ltr'><em>Avidii)</em></span> <span class='ocrx_word' id='word_1_180' title='bbox 1763 1391 1934 1446; x_wconf 85' lang='lat' dir='ltr'><em>Nigrini</em></span> <span class='ocrx_word' id='word_1_181' title='bbox 1964 1389 2079 1432; x_wconf 87' lang='lat' dir='ltr'><em>filiae</em></span> 
     </span>
     <span class='ocr_line' id='line_1_19' title="bbox 358 1458 2081 1514; baseline -0.001 -13"><span class='ocrx_word' id='word_1_182' title='bbox 358 1459 410 1501; x_wconf 89' lang='lat' dir='ltr'><em>L.</em></span> <span class='ocrx_word' id='word_1_183' title='bbox 440 1458 607 1502; x_wconf 89' lang='lat' dir='ltr'><em>Aurelii</em></span> <span class='ocrx_word' id='word_1_184' title='bbox 629 1460 734 1502; x_wconf 89' lang='lat' dir='ltr'><em>Veri</em></span> <span class='ocrx_word' id='word_1_185' title='bbox 764 1459 880 1514; x_wconf 88' lang='lat' dir='ltr'><strong><em>Aug.</em></strong></span> <span class='ocrx_word' id='word_1_186' title='bbox 911 1460 1066 1502; x_wconf 83' lang='lat' dir='ltr'><em>amitae</em></span> <span class='ocrx_word' id='word_1_187' title='bbox 1088 1459 1137 1501; x_wconf 94' lang='lat' dir='ltr'><strong><em>X</em></strong></span> <span class='ocrx_word' id='word_1_188' title='bbox 1154 1463 1260 1502; x_wconf 86' lang='lat'><strong><em>6706</em></strong></span> <span class='ocrx_word' id='word_1_189' title='bbox 1289 1460 1476 1514; x_wconf 78' lang='lat' dir='ltr'><em>sequitur</em></span> <span class='ocrx_word' id='word_1_190' title='bbox 1503 1473 1677 1502; x_wconf 67' lang='lat' dir='ltr'><em>uxorem</em></span> <span class='ocrx_word' id='word_1_191' title='bbox 1702 1458 1920 1502; x_wconf 81' lang='lat' dir='ltr'><em>Commodi</em></span> <span class='ocrx_word' id='word_1_192' title='bbox 1942 1458 2081 1500; x_wconf 90' lang='lat' dir='ltr'><em>nostri</em></span> 
     </span>
     <span class='ocr_line' id='line_1_20' title="bbox 354 1527 2079 1583; baseline -0.001 -13"><span class='ocrx_word' id='word_1_193' title='bbox 354 1530 454 1582; x_wconf 88' lang='lat' dir='ltr'><em>post</em></span> <span class='ocrx_word' id='word_1_194' title='bbox 482 1531 656 1570; x_wconf 89' lang='lat' dir='ltr'><em>mortem</em></span> <span class='ocrx_word' id='word_1_195' title='bbox 685 1528 810 1570; x_wconf 73' lang='lat' dir='ltr'><em>liuius</em></span> <span class='ocrx_word' id='word_1_196' title='bbox 836 1529 1027 1582; x_wconf 75' lang='lat' dir='ltr'><em>nupsisse</em></span> <span class='ocrx_word' id='word_1_197' title='bbox 1059 1528 1244 1583; x_wconf 73' lang='lat' dir='ltr'><em>Niyrino</em></span> <span class='ocrx_word' id='word_1_198' title='bbox 1273 1541 1310 1570; x_wconf 83' lang='lat' dir='ltr'><em>v.</em></span> <span class='ocrx_word' id='word_1_199' title='bbox 1339 1541 1473 1582; x_wconf 82' lang='lat' dir='ltr'><em>supra</em></span> <span class='ocrx_word' id='word_1_200' title='bbox 1501 1527 1544 1569; x_wconf 90' lang='lat' dir='ltr'><strong><em>A</em></strong></span> <span class='ocrx_word' id='word_1_201' title='bbox 1569 1531 1689 1571; x_wconf 87' lang='grc'><em>1169.</em></span> <span class='ocrx_word' id='word_1_202' title='bbox 1741 1527 1871 1570; x_wconf 76' lang='lat' dir='ltr'><em>onri</em></span> <span class='ocrx_word' id='word_1_203' title='bbox 1897 1528 2079 1580; x_wconf 80' lang='lat' dir='ltr'><em>fortasse</em></span> 
     </span>
     <span class='ocr_line' id='line_1_21' title="bbox 354 1595 2080 1651; baseline -0.001 -13"><span class='ocrx_word' id='word_1_204' title='bbox 354 1610 503 1638; x_wconf 88' lang='lat' dir='ltr'><em>nomen</em></span> <span class='ocrx_word' id='word_1_205' title='bbox 530 1596 714 1638; x_wconf 89' lang='lat' dir='ltr'><em>Plautia</em></span> <span class='ocrx_word' id='word_1_206' title='bbox 744 1599 847 1646; x_wconf 86' lang='lat' dir='ltr'><em>erat,</em></span> <span class='ocrx_word' id='word_1_207' title='bbox 879 1596 991 1650; x_wconf 77' lang='lat' dir='ltr'><em>quod</em></span> <span class='ocrx_word' id='word_1_208' title='bbox 1017 1611 1167 1639; x_wconf 88' lang='lat' dir='ltr'><em>nomen</em></span> <span class='ocrx_word' id='word_1_209' title='bbox 1187 1599 1362 1651; x_wconf 87' lang='lat' dir='ltr'><em>praeter</em></span> <span class='ocrx_word' id='word_1_210' title='bbox 1391 1596 1529 1651; x_wconf 73' lang='lat' dir='ltr'><em>filliam</em></span> <span class='ocrx_word' id='word_1_211' title='bbox 1558 1596 1646 1638; x_wconf 91' lang='lat' dir='ltr'><em>eius</em></span> <span class='ocrx_word' id='word_1_212' title='bbox 1676 1599 1715 1638; x_wconf 91' lang='lat' dir='ltr'><em>et</em></span> <span class='ocrx_word' id='word_1_213' title='bbox 1746 1595 1924 1650; x_wconf 73' lang='lat' dir='ltr'><em>Niyrini</em></span> <span class='ocrx_word' id='word_1_214' title='bbox 1951 1595 2080 1637; x_wconf 90' lang='lat' dir='ltr'><em>etiam</em></span> 
     </span>
     <span class='ocr_line' id='line_1_22' title="bbox 354 1663 1034 1707; baseline 0.004 -3"><span class='ocrx_word' id='word_1_215' title='bbox 354 1664 400 1705; x_wconf 91' lang='lat' dir='ltr'><em>in</em></span> <span class='ocrx_word' id='word_1_216' title='bbox 433 1663 611 1707; x_wconf 89' lang='lat' dir='ltr'><em>Ceionia</em></span> <span class='ocrx_word' id='word_1_217' title='bbox 641 1663 812 1706; x_wconf 85' lang='lat' dir='ltr'><em>Plautia</em></span> <span class='ocrx_word' id='word_1_218' title='bbox 840 1665 1034 1707; x_wconf 75' lang='lat' dir='ltr'><em>recurrit.</em></span> 
     </span>
    </p>

    <p class='ocr_par' dir='ltr' id='par_1_8' title="bbox 353 1732 2079 1857">
     <span class='ocr_line' id='line_1_23' title="bbox 440 1732 2079 1787; baseline -0.001 -12"><span class='ocrx_word' id='word_1_219' title='bbox 440 1732 526 1775; x_wconf 91' lang='lat' dir='ltr'><em>Hic</em></span> <span class='ocrx_word' id='word_1_220' title='bbox 570 1733 706 1786; x_wconf 75' lang='lat' dir='ltr'><em>mayis</em></span> <span class='ocrx_word' id='word_1_221' title='bbox 748 1746 874 1786; x_wconf 80' lang='lat' dir='ltr'><em>quam</em></span> <span class='ocrx_word' id='word_1_222' title='bbox 910 1735 1051 1787; x_wconf 89' lang='lat' dir='ltr'><em>pater,</em></span> <span class='ocrx_word' id='word_1_223' title='bbox 1097 1733 1171 1787; x_wconf 79' lang='lat' dir='ltr'><em>qui</em></span> <span class='ocrx_word' id='word_1_224' title='bbox 1213 1733 1367 1775; x_wconf 81' lang='lat' dir='ltr'><em>VIIvir</em></span> <span class='ocrx_word' id='word_1_225' title='bbox 1409 1732 1630 1787; x_wconf 82' lang='lat' dir='ltr'><em>epulonum</em></span> <span class='ocrx_word' id='word_1_226' title='bbox 1673 1732 1770 1786; x_wconf 80' lang='lat' dir='ltr'><em>fuit,</em></span> <span class='ocrx_word' id='word_1_227' title='bbox 1809 1734 1951 1786; x_wconf 86' lang='lat' dir='ltr'><em>potest</em></span> <span class='ocrx_word' id='word_1_228' title='bbox 1993 1744 2079 1774; x_wconf 89' lang='lat' dir='ltr'><em>esse</em></span> 
     </span>
     <span class='ocr_line' id='line_1_24' title="bbox 353 1800 1702 1857; baseline 0.001 -15"><span class='ocrx_word' id='word_1_229' title='bbox 353 1800 404 1843; x_wconf 87' lang='lat' dir='ltr'><em>L.</em></span> <span class='ocrx_word' id='word_1_230' title='bbox 437 1800 670 1855; x_wconf 85' lang='lat' dir='ltr'><em>Cei[onius]</em></span> <span class='ocrx_word' id='word_1_231' title='bbox 704 1833 714 1843; x_wconf 99' lang='lat'><em>.</em></span> <span class='ocrx_word' id='word_1_232' title='bbox 732 1833 740 1842; x_wconf 96' lang='lat'><em>.</em></span> <span class='ocrx_word' id='word_1_233' title='bbox 760 1834 769 1843; x_wconf 92' lang='lat'><em>.</em></span> <span class='ocrx_word' id='word_1_234' title='bbox 788 1834 798 1843; x_wconf 93' lang='lat'><em>.</em></span> <span class='ocrx_word' id='word_1_235' title='bbox 830 1807 1054 1857; x_wconf 82' lang='lat' dir='ltr'><em>cooptatus</em></span> <span class='ocrx_word' id='word_1_236' title='bbox 1085 1817 1122 1843; x_wconf 85' lang='lat' dir='ltr'><em>a.</em></span> <span class='ocrx_word' id='word_1_237' title='bbox 1145 1801 1195 1843; x_wconf 88' lang='grc'><em>91</em></span> <span class='ocrx_word' id='word_1_238' title='bbox 1232 1801 1300 1844; x_wconf 93' lang='lat' dir='ltr'><strong><em>VI</em></strong></span> <span class='ocrx_word' id='word_1_239' title='bbox 1321 1804 1432 1844; x_wconf 92' lang='grc'><em>1988</em></span> <span class='ocrx_word' id='word_1_240' title='bbox 1461 1801 1516 1855; x_wconf 78' lang='lat' dir='ltr'><em>cf.</em></span> <span class='ocrx_word' id='word_1_241' title='bbox 1545 1815 1587 1843; x_wconf 91' lang='lat' dir='ltr'><em>n.</em></span> <span class='ocrx_word' id='word_1_242' title='bbox 1607 1804 1702 1843; x_wconf 83' lang='lat'><strong><em>496.</em></strong></span> 
     </span>
    </p>

    <p class='ocr_par' dir='ltr' id='par_1_9' title="bbox 270 1868 2122 3202">
     <span class='ocr_line' id='line_1_25' title="bbox 270 1868 2081 1922; baseline -0.001 -11"><span class='ocrx_word' id='word_1_243' title='bbox 270 1869 354 1911; x_wconf 84' lang='lat'><em>503</em></span> <span class='ocrx_word' id='word_1_244' title='bbox 384 1875 427 1910; x_wconf 92' lang='lat' dir='ltr'><em>L.</em></span> <span class='ocrx_word' id='word_1_245' title='bbox 461 1874 694 1910; x_wconf 85' lang='lat' dir='ltr'><strong>OEIONIVS</strong></span> <span class='ocrx_word' id='word_1_246' title='bbox 727 1874 1001 1911; x_wconf 87' lang='lat' dir='ltr'>COMMODVS</span> <span class='ocrx_word' id='word_1_247' title='bbox 1032 1889 1086 1903; x_wconf 70' lang='grc' dir='ltr'><strong>Ξ</strong></span> <span class='ocrx_word' id='word_1_248' title='bbox 1116 1876 1161 1913; x_wconf 86' lang='lat' dir='ltr'><em>L.</em></span> <span class='ocrx_word' id='word_1_249' title='bbox 1182 1876 1362 1911; x_wconf 88' lang='lat' dir='ltr'><strong><em>AELIVS</em></strong></span> <span class='ocrx_word' id='word_1_250' title='bbox 1392 1875 1599 1911; x_wconf 88' lang='lat' dir='ltr'><strong><em>CAESAR.</em></strong></span> <span class='ocrx_word' id='word_1_251' title='bbox 1654 1869 1807 1911; x_wconf 73' lang='lat' dir='ltr'><em>Tituli:</em></span> <span class='ocrx_word' id='word_1_252' title='bbox 1833 1869 1921 1922; x_wconf 58' lang='lat' dir='ltr'><em>{pse</em></span> <span class='ocrx_word' id='word_1_253' title='bbox 1933 1868 2081 1922; x_wconf 70' lang='lat' dir='ltr'><em>posuit</em></span> 
     </span>
     <span class='ocr_line' id='line_1_26' title="bbox 356 1936 2080 1992; baseline -0.001 -14"><span class='ocrx_word' id='word_1_254' title='bbox 356 1951 395 1979; x_wconf 91' lang='lat' dir='ltr'><em>a.</em></span> <span class='ocrx_word' id='word_1_255' title='bbox 418 1939 510 1986; x_wconf 84' lang='lat'><strong><em>137,</em></strong></span> <span class='ocrx_word' id='word_1_256' title='bbox 550 1949 644 1978; x_wconf 81' lang='lat' dir='ltr'><em>cwm</em></span> <span class='ocrx_word' id='word_1_257' title='bbox 674 1936 912 1978; x_wconf 86' lang='lat' dir='ltr'><em>Pannoniis</em></span> <span class='ocrx_word' id='word_1_258' title='bbox 941 1940 1171 1991; x_wconf 79' lang='lat' dir='ltr'><em>praeesset,</em></span> <span class='ocrx_word' id='word_1_259' title='bbox 1212 1937 1442 1980; x_wconf 86' lang='lat' dir='ltr'><em>Hadriano</em></span> <span class='ocrx_word' id='word_1_260' title='bbox 1474 1941 1502 1979; x_wconf 88' lang='lat' dir='ltr'><em>t.</em></span> <span class='ocrx_word' id='word_1_261' title='bbox 1533 1938 1579 1979; x_wconf 87' lang='lat' dir='ltr'><em>in</em></span> <span class='ocrx_word' id='word_1_262' title='bbox 1608 1937 1842 1992; x_wconf 75' lang='lat' dir='ltr'><em>Hunyaria</em></span> <span class='ocrx_word' id='word_1_263' title='bbox 1870 1938 2080 1991; x_wconf 89' lang='lat' dir='ltr'><em>repertum</em></span> 
     </span>
     <span class='ocr_line' id='line_1_27' title="bbox 354 2004 2078 2062; baseline 0 -16"><span class='ocrx_word' id='word_1_264' title='bbox 354 2005 443 2047; x_wconf 91' lang='lat' dir='ltr'><em>III</em></span> <span class='ocrx_word' id='word_1_265' title='bbox 452 2008 560 2047; x_wconf 90' lang='grc'><em>4366</em></span> <span class='ocrx_word' id='word_1_266' title='bbox 580 2004 651 2059; x_wconf 90' lang='grc'><em>(1),</em></span> <span class='ocrx_word' id='word_1_267' title='bbox 682 2005 722 2047; x_wconf 89' lang='lat' dir='ltr'><em>ei</em></span> <span class='ocrx_word' id='word_1_268' title='bbox 740 2005 878 2059; x_wconf 87' lang='lat' dir='ltr'><em>positi</em></span> <span class='ocrx_word' id='word_1_269' title='bbox 895 2008 994 2047; x_wconf 87' lang='lat' dir='ltr'><em>sunt</em></span> <span class='ocrx_word' id='word_1_270' title='bbox 1014 2009 1041 2047; x_wconf 92' lang='lat' dir='ltr'><em>t.</em></span> <span class='ocrx_word' id='word_1_271' title='bbox 1068 2005 1271 2048; x_wconf 87' lang='lat' dir='ltr'><em>Ostiensis</em></span> <span class='ocrx_word' id='word_1_272' title='bbox 1289 2005 1466 2060; x_wconf 79' lang='lat' dir='ltr'><em>Ephem.</em></span> <span class='ocrx_word' id='word_1_273' title='bbox 1489 2021 1551 2060; x_wconf 88' lang='lat' dir='ltr'><em>ep.</em></span> <span class='ocrx_word' id='word_1_274' title='bbox 1575 2009 1613 2057; x_wconf 91' lang='lat'><em>7,</em></span> <span class='ocrx_word' id='word_1_275' title='bbox 1635 2009 1746 2049; x_wconf 91' lang='lat'><strong><em>1197</em></strong></span> <span class='ocrx_word' id='word_1_276' title='bbox 1764 2008 1841 2062; x_wconf 93' lang='grc'><em>(2),</em></span> <span class='ocrx_word' id='word_1_277' title='bbox 1863 2008 1893 2047; x_wconf 86' lang='lat' dir='ltr'><em>t.</em></span> <span class='ocrx_word' id='word_1_278' title='bbox 1915 2004 2078 2047; x_wconf 81' lang='lat' dir='ltr'><em>Vmbri-</em></span> 
     </span>
     <span class='ocr_line' id='line_1_28' title="bbox 354 2070 2079 2129; baseline 0.001 -15"><span class='ocrx_word' id='word_1_279' title='bbox 354 2086 426 2114; x_wconf 90' lang='lat' dir='ltr'><em>cus</em></span> <span class='ocrx_word' id='word_1_280' title='bbox 454 2072 535 2114; x_wconf 85' lang='lat' dir='ltr'><em>XI</em></span> <span class='ocrx_word' id='word_1_281' title='bbox 554 2074 666 2115; x_wconf 88' lang='lat'><strong><em>5957</em></strong></span> <span class='ocrx_word' id='word_1_282' title='bbox 693 2070 752 2126; x_wconf 88' lang='lat'><em>(3)</em></span> <span class='ocrx_word' id='word_1_283' title='bbox 785 2087 824 2115; x_wconf 89' lang='lat' dir='ltr'><em>a.</em></span> <span class='ocrx_word' id='word_1_284' title='bbox 855 2076 951 2124; x_wconf 86' lang='lat'><strong><em>137,</em></strong></span> <span class='ocrx_word' id='word_1_285' title='bbox 982 2073 1263 2116; x_wconf 88' lang='lat' dir='ltr'><em>Britannicus</em></span> <span class='ocrx_word' id='word_1_286' title='bbox 1295 2074 1390 2117; x_wconf 93' lang='lat' dir='ltr'><em>VII</em></span> <span class='ocrx_word' id='word_1_287' title='bbox 1413 2077 1493 2116; x_wconf 89' lang='grc'><em>748</em></span> <span class='ocrx_word' id='word_1_288' title='bbox 1522 2074 1581 2129; x_wconf 87' lang='grc'><em>(4)</em></span> <span class='ocrx_word' id='word_1_289' title='bbox 1622 2088 1663 2116; x_wconf 91' lang='lat' dir='ltr'><em>a.</em></span> <span class='ocrx_word' id='word_1_290' title='bbox 1692 2076 1901 2129; x_wconf 83' lang='lat' dir='ltr'><strong><em>136l137)‚</em></strong></span> <span class='ocrx_word' id='word_1_291' title='bbox 1929 2086 2079 2127; x_wconf 64' lang='lat' dir='ltr'><em>graece</em></span> 
     </span>
     <span class='ocr_line' id='line_1_29' title="bbox 351 2140 2079 2197; baseline 0.001 -15"><span class='ocrx_word' id='word_1_292' title='bbox 351 2141 503 2195; x_wconf 88' lang='lat' dir='ltr'><em>scripti</em></span> <span class='ocrx_word' id='word_1_293' title='bbox 540 2154 580 2182; x_wconf 91' lang='lat' dir='ltr'><em>a.</em></span> <span class='ocrx_word' id='word_1_294' title='bbox 611 2143 695 2182; x_wconf 86' lang='lat'><em>137</em></span> <span class='ocrx_word' id='word_1_295' title='bbox 720 2140 914 2195; x_wconf 75' lang='lat' dir='ltr'><em>Mysicus</em></span> <span class='ocrx_word' id='word_1_296' title='bbox 941 2141 1405 2197; x_wconf 74' lang='lat' dir='ltr'><em>Lebas-Waddinyton</em></span> <span class='ocrx_word' id='word_1_297' title='bbox 1434 2144 1542 2185; x_wconf 87' lang='lat'><strong><em>1053</em></strong></span> <span class='ocrx_word' id='word_1_298' title='bbox 1570 2141 1628 2197; x_wconf 84' lang='grc'><em>(5)</em></span> <span class='ocrx_word' id='word_1_299' title='bbox 1659 2145 1698 2184; x_wconf 89' lang='lat' dir='ltr'><em>et</em></span> <span class='ocrx_word' id='word_1_300' title='bbox 1725 2141 1941 2184; x_wconf 87' lang='lat' dir='ltr'><em>Pisidicus</em></span> <span class='ocrx_word' id='word_1_301' title='bbox 1967 2140 2037 2183; x_wconf 93' lang='lat' dir='ltr'><em>CI</em></span> <span class='ocrx_word' id='word_1_302' title='bbox 2037 2140 2079 2184; x_wconf 76' lang='lat' dir='ltr'><strong><em>G</em></strong></span> 
     </span>
     <span class='ocr_line' id='line_1_30' title="bbox 353 2207 2079 2265; baseline -0.001 -14"><span class='ocrx_word' id='word_1_303' title='bbox 353 2209 522 2251; x_wconf 74' lang='grc'><em>438061</em></span> <span class='ocrx_word' id='word_1_304' title='bbox 550 2207 664 2250; x_wconf 90' lang='lat' dir='ltr'><em>Add.</em></span> <span class='ocrx_word' id='word_1_305' title='bbox 697 2223 746 2262; x_wconf 90' lang='lat' dir='ltr'><em>p.</em></span> <span class='ocrx_word' id='word_1_306' title='bbox 771 2212 882 2251; x_wconf 89' lang='grc'><em>1167</em></span> <span class='ocrx_word' id='word_1_307' title='bbox 911 2229 965 2244; x_wconf 84' lang='lat'>=</span> <span class='ocrx_word' id='word_1_308' title='bbox 994 2210 1461 2265; x_wconf 74' lang='lat' dir='ltr'><em>Lebas-Waddinyton</em></span> <span class='ocrx_word' id='word_1_309' title='bbox 1498 2212 1610 2254; x_wconf 91' lang='grc'><em>1215</em></span> <span class='ocrx_word' id='word_1_310' title='bbox 1639 2209 1723 2264; x_wconf 87' lang='grc'><em>(6);</em></span> <span class='ocrx_word' id='word_1_311' title='bbox 1762 2213 1791 2252; x_wconf 93' lang='lat' dir='ltr'><em>t.</em></span> <span class='ocrx_word' id='word_1_312' title='bbox 1831 2208 2079 2264; x_wconf 88' lang='lat' dir='ltr'><em>sepulcralis</em></span> 
     </span>
     <span class='ocr_line' id='line_1_31' title="bbox 354 2276 2078 2335; baseline -0.001 -16"><span class='ocrx_word' id='word_1_313' title='bbox 354 2278 442 2319; x_wconf 87' lang='lat' dir='ltr'><em>eius</em></span> <span class='ocrx_word' id='word_1_314' title='bbox 470 2277 516 2318; x_wconf 88' lang='lat' dir='ltr'><em>in</em></span> <span class='ocrx_word' id='word_1_315' title='bbox 545 2276 755 2318; x_wconf 88' lang='lat' dir='ltr'><em>mausoleo</em></span> <span class='ocrx_word' id='word_1_316' title='bbox 785 2277 1011 2319; x_wconf 87' lang='lat' dir='ltr'><em>Hadriani</em></span> <span class='ocrx_word' id='word_1_317' title='bbox 1040 2277 1109 2320; x_wconf 91' lang='lat' dir='ltr'><strong><em>VI</em></strong></span> <span class='ocrx_word' id='word_1_318' title='bbox 1130 2281 1211 2321; x_wconf 87' lang='grc'><em>985</em></span> <span class='ocrx_word' id='word_1_319' title='bbox 1231 2278 1257 2334; x_wconf 96' lang='lat'><em>(</em></span> <span class='ocrx_word' id='word_1_320' title='bbox 1255 2282 1283 2320; x_wconf 92' lang='lat'><strong><em>7</em></strong></span> <span class='ocrx_word' id='word_1_321' title='bbox 1275 2281 1327 2335; x_wconf 89' lang='lat'><em>),·</em></span> <span class='ocrx_word' id='word_1_322' title='bbox 1354 2293 1444 2321; x_wconf 75' lang='lat' dir='ltr'><em>uma</em></span> <span class='ocrx_word' id='word_1_323' title='bbox 1474 2292 1566 2321; x_wconf 90' lang='lat' dir='ltr'><em>cum</em></span> <span class='ocrx_word' id='word_1_324' title='bbox 1586 2279 1840 2333; x_wconf 86' lang='lat' dir='ltr'><em>parentibus</em></span> <span class='ocrx_word' id='word_1_325' title='bbox 1870 2277 2078 2331; x_wconf 83' lang='lat' dir='ltr'><em>adoptivis</em></span> 
     </span>
     <span class='ocr_line' id='line_1_32' title="bbox 354 2342 2101 2402; baseline -0.001 -15"><span class='ocrx_word' id='word_1_326' title='bbox 354 2346 394 2387; x_wconf 92' lang='lat' dir='ltr'><em>ei</em></span> <span class='ocrx_word' id='word_1_327' title='bbox 422 2344 638 2387; x_wconf 83' lang='lat' dir='ltr'><em>dedicatus</em></span> <span class='ocrx_word' id='word_1_328' title='bbox 667 2344 906 2398; x_wconf 80' lang='lat' dir='ltr'><em>Africanus</em></span> <span class='ocrx_word' id='word_1_329' title='bbox 945 2346 1120 2388; x_wconf 87' lang='lat' dir='ltr'><em>mutilus</em></span> <span class='ocrx_word' id='word_1_330' title='bbox 1149 2346 1272 2389; x_wconf 90' lang='lat' dir='ltr'><strong><em>VIII</em></strong></span> <span class='ocrx_word' id='word_1_331' title='bbox 1295 2349 1375 2389; x_wconf 88' lang='lat'><em>799</em></span> <span class='ocrx_word' id='word_1_332' title='bbox 1406 2346 1478 2402; x_wconf 89' lang='grc'><em>(8),</em></span> <span class='ocrx_word' id='word_1_333' title='bbox 1514 2350 1615 2401; x_wconf 91' lang='lat' dir='ltr'><em>post</em></span> <span class='ocrx_word' id='word_1_334' title='bbox 1651 2349 1826 2389; x_wconf 88' lang='lat' dir='ltr'><em>mortem</em></span> <span class='ocrx_word' id='word_1_335' title='bbox 1854 2342 2101 2388; x_wconf 82' lang='lat' dir='ltr'><em>Hadriani</em></span> 
     </span>
     <span class='ocr_line' id='line_1_33' title="bbox 354 2412 2077 2471; baseline 0.001 -17"><span class='ocrx_word' id='word_1_336' title='bbox 354 2414 393 2455; x_wconf 87' lang='lat' dir='ltr'><em>ei</em></span> <span class='ocrx_word' id='word_1_337' title='bbox 421 2413 590 2467; x_wconf 88' lang='lat' dir='ltr'><em>positus</em></span> <span class='ocrx_word' id='word_1_338' title='bbox 622 2412 876 2455; x_wconf 90' lang='lat' dir='ltr'><em>Numidicus</em></span> <span class='ocrx_word' id='word_1_339' title='bbox 912 2414 1035 2456; x_wconf 87' lang='lat' dir='ltr'><strong><em>VIII</em></strong></span> <span class='ocrx_word' id='word_1_340' title='bbox 1056 2414 1100 2457; x_wconf 77' lang='lat' dir='ltr'><em>S.</em></span> <span class='ocrx_word' id='word_1_341' title='bbox 1131 2418 1266 2457; x_wconf 86' lang='grc'><em>17848</em></span> <span class='ocrx_word' id='word_1_342' title='bbox 1296 2416 1369 2471; x_wconf 88' lang='lat'><strong><em>(9).</em></strong></span> <span class='ocrx_word' id='word_1_343' title='bbox 1431 2415 1700 2458; x_wconf 87' lang='lat' dir='ltr'><em>Memoratur</em></span> <span class='ocrx_word' id='word_1_344' title='bbox 1730 2415 1776 2457; x_wconf 91' lang='lat' dir='ltr'><em>in</em></span> <span class='ocrx_word' id='word_1_345' title='bbox 1814 2418 1842 2456; x_wconf 91' lang='lat' dir='ltr'><em>t.</em></span> <span class='ocrx_word' id='word_1_346' title='bbox 1873 2413 2077 2457; x_wconf 85' lang='lat' dir='ltr'><em>Ceioniae</em></span> 
     </span>
     <span class='ocr_line' id='line_1_34' title="bbox 353 2481 2077 2540; baseline 0.001 -18"><span class='ocrx_word' id='word_1_347' title='bbox 353 2481 547 2523; x_wconf 83' lang='lat' dir='ltr'><em>Plautiae</em></span> <span class='ocrx_word' id='word_1_348' title='bbox 572 2481 690 2536; x_wconf 72' lang='lat' dir='ltr'><em>filiae</em></span> <span class='ocrx_word' id='word_1_349' title='bbox 720 2481 843 2524; x_wconf 89' lang='lat' dir='ltr'><strong><em>VIII</em></strong></span> <span class='ocrx_word' id='word_1_350' title='bbox 865 2482 911 2525; x_wconf 81' lang='lat' dir='ltr'><em>S.</em></span> <span class='ocrx_word' id='word_1_351' title='bbox 939 2485 1080 2526; x_wconf 89' lang='grc'><em>14852</em></span> <span class='ocrx_word' id='word_1_352' title='bbox 1112 2481 1216 2540; x_wconf 91' lang='grc'><em>(10),</em></span> <span class='ocrx_word' id='word_1_353' title='bbox 1254 2484 1301 2526; x_wconf 90' lang='lat' dir='ltr'><em>in</em></span> <span class='ocrx_word' id='word_1_354' title='bbox 1331 2487 1359 2528; x_wconf 90' lang='lat' dir='ltr'><em>t.</em></span> <span class='ocrx_word' id='word_1_355' title='bbox 1391 2484 1610 2526; x_wconf 80' lang='lat' dir='ltr'><em>Tomitano</em></span> <span class='ocrx_word' id='word_1_356' title='bbox 1637 2484 1687 2527; x_wconf 90' lang='lat' dir='ltr'><em>T.</em></span> <span class='ocrx_word' id='word_1_357' title='bbox 1718 2482 1858 2525; x_wconf 84' lang='lat' dir='ltr'><em>Flavii</em></span> <span class='ocrx_word' id='word_1_358' title='bbox 1889 2482 2077 2536; x_wconf 88' lang='lat' dir='ltr'><em>Longini</em></span> 
     </span>
     <span class='ocr_line' id='line_1_35' title="bbox 354 2549 2122 2608; baseline -0.002 -16"><span class='ocrx_word' id='word_1_359' title='bbox 354 2549 406 2602; x_wconf 79' lang='lat' dir='ltr'><em>Q.</em></span> <span class='ocrx_word' id='word_1_360' title='bbox 449 2549 603 2591; x_wconf 77' lang='lat' dir='ltr'><em>Marcii</em></span> <span class='ocrx_word' id='word_1_361' title='bbox 644 2549 861 2592; x_wconf 88' lang='lat' dir='ltr'><em>Turbonis</em></span> <span class='ocrx_word' id='word_1_362' title='bbox 903 2551 976 2606; x_wconf 79' lang='lat' dir='ltr'><strong><em>(cf.</em></strong></span> <span class='ocrx_word' id='word_1_363' title='bbox 1006 2550 1054 2592; x_wconf 87' lang='lat' dir='ltr'><em>F</em></span> <span class='ocrx_word' id='word_1_364' title='bbox 1078 2550 1173 2606; x_wconf 90' lang='lat'><strong><em>199)</em></strong></span> <span class='ocrx_word' id='word_1_365' title='bbox 1214 2553 1453 2608; x_wconf 84' lang='lat' dir='ltr'><em>quaestoris</em></span> <span class='ocrx_word' id='word_1_366' title='bbox 1482 2551 1788 2606; x_wconf 80' lang='lat' dir='ltr'><em>Arch.-Epi9r.</em></span> <span class='ocrx_word' id='word_1_367' title='bbox 1822 2549 1967 2593; x_wconf 79' lang='lat' dir='ltr'><em>Mitth.</em></span> <span class='ocrx_word' id='word_1_368' title='bbox 1999 2562 2077 2591; x_wconf 86' lang='lat' dir='ltr'><em>aus</em></span> <span class='ocrx_word' id='word_1_369' title='bbox 2118 2585 2122 2588; x_wconf 76' lang='lat'><strong><em>.</em></strong></span> 
     </span>
     <span class='ocr_line' id='line_1_36' title="bbox 362 2616 2075 2674; baseline 0.003 -14"><span class='ocrx_word' id='word_1_370' title='bbox 362 2617 515 2660; x_wconf 85' lang='lat' dir='ltr'><em>Oester.</em></span> <span class='ocrx_word' id='word_1_371' title='bbox 549 2617 672 2659; x_wconf 92' lang='lat' dir='ltr'><strong><em>VIII</em></strong></span> <span class='ocrx_word' id='word_1_372' title='bbox 685 2632 732 2671; x_wconf 90' lang='lat' dir='ltr'><em>p.</em></span> <span class='ocrx_word' id='word_1_373' title='bbox 755 2621 813 2660; x_wconf 92' lang='grc'><em>20</em></span> <span class='ocrx_word' id='word_1_374' title='bbox 842 2632 884 2660; x_wconf 89' lang='lat' dir='ltr'><em>n.</em></span> <span class='ocrx_word' id='word_1_375' title='bbox 905 2621 958 2660; x_wconf 89' lang='lat'><em>50</em></span> <span class='ocrx_word' id='word_1_376' title='bbox 988 2619 1042 2672; x_wconf 82' lang='lat' dir='ltr'><em>cf.</em></span> <span class='ocrx_word' id='word_1_377' title='bbox 1066 2634 1113 2673; x_wconf 87' lang='lat' dir='ltr'><em>p.</em></span> <span class='ocrx_word' id='word_1_378' title='bbox 1135 2623 1222 2662; x_wconf 90' lang='grc'><em>240</em></span> <span class='ocrx_word' id='word_1_379' title='bbox 1252 2620 1351 2674; x_wconf 88' lang='grc'><em>(11),</em></span> <span class='ocrx_word' id='word_1_380' title='bbox 1380 2620 1426 2662; x_wconf 92' lang='lat' dir='ltr'><em>in</em></span> <span class='ocrx_word' id='word_1_381' title='bbox 1454 2623 1482 2662; x_wconf 91' lang='lat' dir='ltr'><em>t.</em></span> <span class='ocrx_word' id='word_1_382' title='bbox 1512 2620 1697 2663; x_wconf 84' lang='lat' dir='ltr'><em>Ostiensi</em></span> <span class='ocrx_word' id='word_1_383' title='bbox 1723 2619 1804 2662; x_wconf 92' lang='lat' dir='ltr'><strong><em>XI</em></strong></span> <span class='ocrx_word' id='word_1_384' title='bbox 1808 2619 1941 2661; x_wconf 84' lang='lat' dir='ltr'><strong><em>V376</em></strong></span> <span class='ocrx_word' id='word_1_385' title='bbox 1969 2616 2075 2669; x_wconf 74' lang='grc'><em>(1.2),</em></span> 
     </span>
     <span class='ocr_line' id='line_1_37' title="bbox 353 2684 2076 2743; baseline 0.001 -17"><span class='ocrx_word' id='word_1_386' title='bbox 353 2685 401 2726; x_wconf 88' lang='lat' dir='ltr'><em>P.</em></span> <span class='ocrx_word' id='word_1_387' title='bbox 434 2684 590 2726; x_wconf 84' lang='lat' dir='ltr'><em>Lucilii</em></span> <span class='ocrx_word' id='word_1_388' title='bbox 622 2685 830 2729; x_wconf 80' lang='lat' dir='ltr'><em>Gamalae</em></span> <span class='ocrx_word' id='word_1_389' title='bbox 860 2687 990 2728; x_wconf 90' lang='lat' dir='ltr'><em>IIviri</em></span> <span class='ocrx_word' id='word_1_390' title='bbox 1021 2687 1227 2743; x_wconf 82' lang='lat' dir='ltr'><em>praefecti</em></span> <span class='ocrx_word' id='word_1_391' title='bbox 1256 2688 1307 2732; x_wconf 91' lang='lat' dir='ltr'><em>L.</em></span> <span class='ocrx_word' id='word_1_392' title='bbox 1340 2687 1513 2730; x_wconf 87' lang='lat' dir='ltr'><em>Caesar.</em></span> <span class='ocrx_word' id='word_1_393' title='bbox 1543 2687 1658 2742; x_wconf 86' lang='lat' dir='ltr'><strong><em>Aug.</em></strong></span> <span class='ocrx_word' id='word_1_394' title='bbox 1688 2687 1740 2742; x_wconf 89' lang='lat' dir='ltr'><em>f.,</em></span> <span class='ocrx_word' id='word_1_395' title='bbox 1781 2688 1828 2729; x_wconf 88' lang='lat' dir='ltr'><em>in</em></span> <span class='ocrx_word' id='word_1_396' title='bbox 1857 2690 1885 2729; x_wconf 83' lang='lat' dir='ltr'><em>t.</em></span> <span class='ocrx_word' id='word_1_397' title='bbox 1916 2685 2076 2728; x_wconf 88' lang='lat' dir='ltr'><em>Castri-</em></span> 
     </span>
     <span class='ocr_line' id='line_1_38' title="bbox 351 2753 2076 2810; baseline 0.001 -16"><span class='ocrx_word' id='word_1_398' title='bbox 351 2753 579 2795; x_wconf 89' lang='lat' dir='ltr'><em>moeniensi</em></span> <span class='ocrx_word' id='word_1_399' title='bbox 607 2753 788 2796; x_wconf 88' lang='lat' dir='ltr'><em>ancillae</em></span> <span class='ocrx_word' id='word_1_400' title='bbox 810 2754 937 2797; x_wconf 93' lang='lat' dir='ltr'><strong><em>XIV</em></strong></span> <span class='ocrx_word' id='word_1_401' title='bbox 947 2757 1060 2798; x_wconf 89' lang='grc'><em>2486</em></span> <span class='ocrx_word' id='word_1_402' title='bbox 1090 2754 1187 2810; x_wconf 89' lang='grc'><em>(13),</em></span> <span class='ocrx_word' id='word_1_403' title='bbox 1220 2756 1265 2797; x_wconf 90' lang='lat' dir='ltr'><em>in</em></span> <span class='ocrx_word' id='word_1_404' title='bbox 1293 2759 1322 2798; x_wconf 91' lang='lat' dir='ltr'><em>t.</em></span> <span class='ocrx_word' id='word_1_405' title='bbox 1351 2757 1517 2798; x_wconf 83' lang='lat' dir='ltr'><em>urbano</em></span> <span class='ocrx_word' id='word_1_406' title='bbox 1547 2756 1599 2798; x_wconf 91' lang='lat' dir='ltr'><em>L.</em></span> <span class='ocrx_word' id='word_1_407' title='bbox 1629 2755 1808 2798; x_wconf 80' lang='lat' dir='ltr'><em>Aurelii·</em></span> <span class='ocrx_word' id='word_1_408' title='bbox 1828 2753 2076 2797; x_wconf 86' lang='lat' dir='ltr'><em>Nicomedis</em></span> 
     </span>
     <span class='ocr_line' id='line_1_39' title="bbox 356 2819 2074 2878; baseline 0.002 -16"><span class='ocrx_word' id='word_1_409' title='bbox 356 2819 606 2863; x_wconf 81' lang='lat' dir='ltr'><em>cubicularii</em></span> <span class='ocrx_word' id='word_1_410' title='bbox 649 2821 719 2863; x_wconf 92' lang='lat' dir='ltr'><strong><em>VI</em></strong></span> <span class='ocrx_word' id='word_1_411' title='bbox 739 2824 848 2864; x_wconf 89' lang='grc'><em>1598</em></span> <span class='ocrx_word' id='word_1_412' title='bbox 878 2822 981 2876; x_wconf 86' lang='grc'><em>(14),</em></span> <span class='ocrx_word' id='word_1_413' title='bbox 1024 2823 1071 2865; x_wconf 91' lang='lat' dir='ltr'><em>in</em></span> <span class='ocrx_word' id='word_1_414' title='bbox 1111 2826 1139 2867; x_wconf 87' lang='lat' dir='ltr'><em>t.</em></span> <span class='ocrx_word' id='word_1_415' title='bbox 1171 2823 1412 2866; x_wconf 86' lang='lat' dir='ltr'><em>Laodiceno</em></span> <span class='ocrx_word' id='word_1_416' title='bbox 1443 2837 1593 2878; x_wconf 74' lang='lat' dir='ltr'><em>yraece</em></span> <span class='ocrx_word' id='word_1_417' title='bbox 1627 2824 1784 2878; x_wconf 87' lang='lat' dir='ltr'><em>scripto</em></span> <span class='ocrx_word' id='word_1_418' title='bbox 1823 2822 2000 2877; x_wconf 61' lang='lat' dir='ltr'><em>Anaeiy.</em></span> <span class='ocrx_word' id='word_1_419' title='bbox 2035 2822 2074 2865; x_wconf 91' lang='lat' dir='ltr'><em>d.</em></span> 
     </span>
     <span class='ocr_line' id='line_1_40' title="bbox 358 2888 2078 2948; baseline 0.001 -17"><span class='ocrx_word' id='word_1_420' title='bbox 358 2888 525 2931; x_wconf 76' lang='lat' dir='ltr'><em>Wener</em></span> <span class='ocrx_word' id='word_1_421' title='bbox 563 2888 705 2930; x_wconf 72' lang='lat' dir='ltr'><em>Alcad.</em></span> <span class='ocrx_word' id='word_1_422' title='bbox 746 2889 1018 2933; x_wconf 68' lang='lat' dir='ltr'><em>Phil-Hist.</em></span> <span class='ocrx_word' id='word_1_423' title='bbox 1057 2891 1109 2932; x_wconf 87' lang='lat' dir='ltr'><strong><em>K</em></strong></span> <span class='ocrx_word' id='word_1_424' title='bbox 1113 2890 1139 2933; x_wconf 91' lang='lat' dir='ltr'><em>l.</em></span> <span class='ocrx_word' id='word_1_425' title='bbox 1170 2894 1280 2934; x_wconf 89' lang='grc'><em>1893</em></span> <span class='ocrx_word' id='word_1_426' title='bbox 1309 2906 1357 2946; x_wconf 87' lang='lat' dir='ltr'><em>p.</em></span> <span class='ocrx_word' id='word_1_427' title='bbox 1389 2895 1443 2934; x_wconf 89' lang='lat'><em>13</em></span> <span class='ocrx_word' id='word_1_428' title='bbox 1472 2893 1570 2948; x_wconf 83' lang='lat'><strong><em>(15),</em></strong></span> <span class='ocrx_word' id='word_1_429' title='bbox 1616 2892 1663 2934; x_wconf 91' lang='lat' dir='ltr'><em>in</em></span> <span class='ocrx_word' id='word_1_430' title='bbox 1701 2892 1824 2946; x_wconf 85' lang='lat' dir='ltr'><em>cippo</em></span> <span class='ocrx_word' id='word_1_431' title='bbox 1862 2890 2078 2933; x_wconf 87' lang='lat' dir='ltr'><em>terminali</em></span> 
     </span>
     <span class='ocr_line' id='line_1_41' title="bbox 354 2956 2074 3016; baseline 0.002 -19"><span class='ocrx_word' id='word_1_432' title='bbox 354 2956 656 2998; x_wconf 88' lang='lat' dir='ltr'><em>Mauretaniae</em></span> <span class='ocrx_word' id='word_1_433' title='bbox 693 2956 887 2999; x_wconf 88' lang='lat' dir='ltr'><em>Bulletin</em></span> <span class='ocrx_word' id='word_1_434' title='bbox 927 2958 1096 3002; x_wconf 86' lang='lat' dir='ltr'><em>d&#39;Oran</em></span> <span class='ocrx_word' id='word_1_435' title='bbox 1125 2962 1232 3002; x_wconf 87' lang='grc'><em>1895</em></span> <span class='ocrx_word' id='word_1_436' title='bbox 1262 2974 1310 3013; x_wconf 87' lang='lat' dir='ltr'><em>p.</em></span> <span class='ocrx_word' id='word_1_437' title='bbox 1342 2963 1398 3002; x_wconf 90' lang='lat'><em>67</em></span> <span class='ocrx_word' id='word_1_438' title='bbox 1432 2959 1531 3016; x_wconf 87' lang='lat'><strong><em>(16),</em></strong></span> <span class='ocrx_word' id='word_1_439' title='bbox 1577 2960 1655 3002; x_wconf 86' lang='lat' dir='ltr'><em>ubi</em></span> <span class='ocrx_word' id='word_1_440' title='bbox 1692 2959 1829 3002; x_wconf 90' lang='lat' dir='ltr'><em>editur</em></span> <span class='ocrx_word' id='word_1_441' title='bbox 1867 2959 2074 3015; x_wconf 81' lang='lat' dir='ltr'><em>auspiciis</em></span> 
     </span>
     <span class='ocr_line' id='line_1_42' title="bbox 352 3023 2072 3083; baseline 0.004 -19"><span class='ocrx_word' id='word_1_442' title='bbox 352 3024 400 3065; x_wconf 89' lang='lat' dir='ltr'><em>L.</em></span> <span class='ocrx_word' id='word_1_443' title='bbox 433 3023 530 3065; x_wconf 90' lang='lat' dir='ltr'><em>Aeli</em></span> <span class='ocrx_word' id='word_1_444' title='bbox 562 3024 717 3080; x_wconf 83' lang='lat' dir='ltr'><em>O[aes.]</em></span> <span class='ocrx_word' id='word_1_445' title='bbox 750 3026 850 3082; x_wconf 89' lang='lat' dir='ltr'><em>imp.</em></span> <span class='ocrx_word' id='word_1_446' title='bbox 883 3027 983 3083; x_wconf 86' lang='lat' dir='ltr'><em>imp.</em></span> <span class='ocrx_word' id='word_1_447' title='bbox 1012 3027 1071 3072; x_wconf 89' lang='lat' dir='ltr'><em>fil.</em></span> <span class='ocrx_word' id='word_1_448' title='bbox 1103 3042 1211 3082; x_wconf 83' lang='lat' dir='ltr'><em>cos.;</em></span> <span class='ocrx_word' id='word_1_449' title='bbox 1240 3028 1314 3071; x_wconf 92' lang='lat' dir='ltr'><em>sed</em></span> <span class='ocrx_word' id='word_1_450' title='bbox 1341 3042 1433 3070; x_wconf 90' lang='lat' dir='ltr'><em>cum</em></span> <span class='ocrx_word' id='word_1_451' title='bbox 1455 3029 1506 3071; x_wconf 92' lang='lat' dir='ltr'><em>L.</em></span> <span class='ocrx_word' id='word_1_452' title='bbox 1527 3028 1677 3071; x_wconf 88' lang='lat' dir='ltr'><em>Aelius</em></span> <span class='ocrx_word' id='word_1_453' title='bbox 1703 3042 1918 3082; x_wconf 77' lang='lat' dir='ltr'><em>nunquam</em></span> <span class='ocrx_word' id='word_1_454' title='bbox 1947 3029 2072 3083; x_wconf 80' lang='lat' dir='ltr'><em>impe-</em></span> 
     </span>
     <span class='ocr_line' id='line_1_43' title="bbox 351 3092 2076 3151; baseline 0.003 -19"><span class='ocrx_word' id='word_1_455' title='bbox 351 3094 473 3133; x_wconf 91' lang='lat' dir='ltr'><em>rator</em></span> <span class='ocrx_word' id='word_1_456' title='bbox 501 3092 643 3146; x_wconf 80' lang='lat' dir='ltr'><em>fuerit,</em></span> <span class='ocrx_word' id='word_1_457' title='bbox 675 3106 836 3136; x_wconf 86' lang='lat' dir='ltr'><em>necesse</em></span> <span class='ocrx_word' id='word_1_458' title='bbox 866 3098 926 3137; x_wconf 90' lang='lat' dir='ltr'><em>est</em></span> <span class='ocrx_word' id='word_1_459' title='bbox 955 3109 1138 3138; x_wconf 88' lang='lat' dir='ltr'><em>errorem</em></span> <span class='ocrx_word' id='word_1_460' title='bbox 1164 3099 1240 3138; x_wconf 90' lang='lat' dir='ltr'><em>aut</em></span> <span class='ocrx_word' id='word_1_461' title='bbox 1259 3096 1534 3150; x_wconf 79' lang='lat' dir='ltr'><em>quadratarii</em></span> <span class='ocrx_word' id='word_1_462' title='bbox 1562 3099 1636 3139; x_wconf 84' lang='lat' dir='ltr'><em>aut</em></span> <span class='ocrx_word' id='word_1_463' title='bbox 1655 3097 1744 3139; x_wconf 87' lang='lat' dir='ltr'><em>eius</em></span> <span class='ocrx_word' id='word_1_464' title='bbox 1765 3096 1838 3150; x_wconf 79' lang='lat' dir='ltr'><em>qui</em></span> <span class='ocrx_word' id='word_1_465' title='bbox 1857 3095 2076 3151; x_wconf 87' lang='lat' dir='ltr'><em>descripsit</em></span> 
     </span>
     <span class='ocr_line' id='line_1_44' title="bbox 354 3159 530 3202; baseline 0.006 -1"><span class='ocrx_word' id='word_1_466' title='bbox 354 3159 530 3202; x_wconf 83' lang='lat' dir='ltr'><em>subesse.</em></span> 
     </span>
    </p>

    <p class='ocr_par' dir='ltr' id='par_1_10' title="bbox 350 3226 2073 3422">
     <span class='ocr_line' id='line_1_45' title="bbox 440 3226 2072 3287; baseline 0.003 -18"><span class='ocrx_word' id='word_1_467' title='bbox 440 3226 615 3269; x_wconf 84' lang='lat' dir='ltr'><em>Nwmmi</em></span> <span class='ocrx_word' id='word_1_468' title='bbox 643 3228 803 3271; x_wconf 79' lang='lat' dir='ltr'><em>Eckhel</em></span> <span class='ocrx_word' id='word_1_469' title='bbox 834 3229 901 3272; x_wconf 91' lang='lat' dir='ltr'><strong><em>VI</em></strong></span> <span class='ocrx_word' id='word_1_470' title='bbox 916 3245 964 3284; x_wconf 87' lang='lat' dir='ltr'><em>p.</em></span> <span class='ocrx_word' id='word_1_471' title='bbox 985 3233 1071 3274; x_wconf 88' lang='grc'><em>525</em></span> <span class='ocrx_word' id='word_1_472' title='bbox 1099 3245 1207 3286; x_wconf 64' lang='lat' dir='ltr'><em>sqq„</em></span> <span class='ocrx_word' id='word_1_473' title='bbox 1241 3230 1379 3275; x_wconf 76' lang='lat' dir='ltr'><em>Cohen</em></span> <span class='ocrx_word' id='word_1_474' title='bbox 1407 3232 1488 3275; x_wconf 76' lang='lat'><em>112</em></span> <span class='ocrx_word' id='word_1_475' title='bbox 1511 3247 1559 3287; x_wconf 87' lang='lat' dir='ltr'><em>p.</em></span> <span class='ocrx_word' id='word_1_476' title='bbox 1582 3235 1669 3275; x_wconf 89' lang='grc'><em>258</em></span> <span class='ocrx_word' id='word_1_477' title='bbox 1697 3245 1782 3286; x_wconf 78' lang='lat' dir='ltr'><strong><em>sqq.</em></strong></span> <span class='ocrx_word' id='word_1_478' title='bbox 1843 3231 2072 3275; x_wconf 79' lang='lat' dir='ltr'><em>Nwrmnwm</em></span> 
     </span>
     <span class='ocr_line' id='line_1_46' title="bbox 350 3293 2073 3356; baseline 0.004 -21"><span class='ocrx_word' id='word_1_479' title='bbox 350 3293 703 3347; x_wconf 79' lang='lat' dir='ltr'><em>Alexandrinum,</em></span> <span class='ocrx_word' id='word_1_480' title='bbox 744 3298 817 3350; x_wconf 81' lang='lat' dir='ltr'><em>qui</em></span> <span class='ocrx_word' id='word_1_481' title='bbox 853 3299 899 3340; x_wconf 93' lang='lat' dir='ltr'><em>in</em></span> <span class='ocrx_word' id='word_1_482' title='bbox 921 3302 1050 3353; x_wconf 86' lang='lat' dir='ltr'><em>parte</em></span> <span class='ocrx_word' id='word_1_483' title='bbox 1090 3299 1268 3343; x_wconf 83' lang='lat' dir='ltr'><em>adversa</em></span> <span class='ocrx_word' id='word_1_484' title='bbox 1306 3301 1535 3355; x_wconf 89' lang='lat' dir='ltr'><em>inscriptus</em></span> <span class='ocrx_word' id='word_1_485' title='bbox 1571 3303 1633 3343; x_wconf 87' lang='lat' dir='ltr'><em>est</em></span> <span class='ocrx_word' id='word_1_486' title='bbox 1659 3300 1706 3343; x_wconf 87' lang='lat' dir='ltr'><em>A.</em></span> <span class='ocrx_word' id='word_1_487' title='bbox 1738 3298 1877 3347; x_wconf 74' lang='grc' dir='ltr'><strong>Αἴλιος</strong></span> <span class='ocrx_word' id='word_1_488' title='bbox 1906 3298 2073 3356; x_wconf 84' lang='grc' dir='ltr'><em>Καῖσαρ,</em></span> 
     </span>
     <span class='ocr_line' id='line_1_47' title="bbox 354 3362 2073 3422; baseline 0.005 -19"><span class='ocrx_word' id='word_1_489' title='bbox 354 3362 401 3404; x_wconf 87' lang='lat' dir='ltr'><em>in</em></span> <span class='ocrx_word' id='word_1_490' title='bbox 430 3376 577 3405; x_wconf 83' lang='lat' dir='ltr'><em>aversa</em></span> <span class='ocrx_word' id='word_1_491' title='bbox 608 3362 755 3421; x_wconf 82' lang='grc' dir='ltr'>Εἰρήνη</span> <span class='ocrx_word' id='word_1_492' title='bbox 787 3364 934 3419; x_wconf 83' lang='grc' dir='ltr'><em>(ἔτους)</em></span> <span class='ocrx_word' id='word_1_493' title='bbox 965 3365 1016 3422; x_wconf 84' lang='grc' dir='ltr'><em>γ’,</em></span> <span class='ocrx_word' id='word_1_494' title='bbox 1056 3369 1165 3410; x_wconf 87' lang='lat' dir='ltr'><em>&#39;unus</em></span> <span class='ocrx_word' id='word_1_495' title='bbox 1205 3368 1425 3422; x_wconf 88' lang='lat' dir='ltr'><em>descripsit</em></span> <span class='ocrx_word' id='word_1_496' title='bbox 1463 3368 1605 3422; x_wconf 73' lang='lat' dir='ltr'><em>Zoeya</em></span> <span class='ocrx_word' id='word_1_497' title='bbox 1635 3368 1689 3422; x_wconf 84' lang='lat' dir='ltr'><em>cf.</em></span> <span class='ocrx_word' id='word_1_498' title='bbox 1718 3367 1879 3410; x_wconf 79' lang='lat' dir='ltr'><em>Eckhel</em></span> <span class='ocrx_word' id='word_1_499' title='bbox 1898 3382 1946 3422; x_wconf 86' lang='lat' dir='ltr'><em>p.</em></span> <span class='ocrx_word' id='word_1_500' title='bbox 1976 3370 2073 3419; x_wconf 79' lang='lat'><strong><em>525,</em></strong></span> 
     </span>
    </p>
   </div>
  </div>
 </body>
</html>
