2202 3730
94 275 300 311 CAESIVS
956 269 1040 311 269
1615 273 1891 310 CAESONIVS

110 410 113 414 ’
175 410 248 451 29.
277 408 431 456 31-34,
462 405 524 448 ΙΙ
545 407 671 456 2958,
710 405 778 448 VI
798 408 896 449 268.
950 405 1089 449 Plena
1117 406 1290 448 nomina
1318 408 1463 448 extant
1493 405 1561 448 VI
1581 407 1679 456 268,
1711 406 1796 450 tab.
1826 408 1892 456 34,

177 477 355 518 ceterum
383 474 435 518 L.
467 473 646 517 Caesius
675 475 761 517 sive
791 473 969 517 Caesius
997 473 1210 517 Martialis
1236 474 1354 528 fasti.

95 544 175 586 155
207 549 411 585 CAESIVS
438 548 633 596 NASICA,
666 542 834 597 legatus
861 542 1042 598 legionis
1073 544 1118 584 in
1148 543 1373 585 Britannia
1401 557 1439 584 a.
1466 542 1520 585 50
1554 542 1652 584 Tac.
1675 557 1714 585 a.
1741 546 1805 592 12,
1826 546 1894 586 40.

93 613 176 655 156
205 610 254 654 C.
277 610 455 654 Caesius
475 611 622 665 Niger,
656 610 708 664 Q.
730 610 774 661 f.,
806 611 924 654 tribu
955 611 1068 665 Ter„
1101 626 1157 653 ex
1186 611 1327 667 prima
1355 610 1619 653 admissione
1650 611 1756 666 (soil.
1788 612 1894 653 ami-

178 694 319 722 corum
348 679 537 734 Auyusti
573 679 638 722 vel
681 679 870 734 Tiberii),
914 695 970 721 ex
1009 685 1213 736 quattuor
1253 679 1425 721 decuris
1460 679 1575 731 (ante
1604 680 1898 733 imperatorem

178 747 368 804 Gaium),
400 748 519 790 curio
550 748 691 790 minor
720 747 790 790 VI
808 751 920 791 2169
950 752 978 790 t.
1008 747 1270 802 sepulcralis.

98 817 176 860 157
206 817 256 861 P.
279 815 459 859 Caesius
480 815 771 872 Phosphorus,
804 815 999 870 libertus,
1027 817 1098 858 cui
1120 814 1287 858 Plinius
1318 817 1385 858 ius
1407 815 1642 869 Quiritium
1663 831 1690 858 a
1708 816 1895 858 Traiano

175 885 300 942 petiit
329 883 446 926 Plin.
479 884 538 926 ad
571 884 747 928 Traian.
768 888 834 935 11,
854 887 898 928 2.

95 954 176 997 158
208 953 310 997 Sex.
352 952 532 996 Caesius
573 953 904 1009 Propertianus,
947 953 1046 997 Sex.
1084 953 1135 1007 f.,
1177 953 1333 995 flamen
1361 951 1543 1000 Cerialis
1579 953 1760 1006 Romae,
1803 966 1898 1008 pro·

178 1027 351 1063 curator
390 1021 661 1076 imperatoris
701 1036 727 1062 a
768 1022 1026 1077 patrimonio
1057 1027 1100 1063 et
1135 1020 1445 1063 hereditatibus
1476 1027 1519 1063 et
1549 1036 1575 1063 a
1603 1019 1781 1074 libellis,
1824 1021 1895 1062 tri-

177 1089 320 1131 bunus
350 1088 535 1130 militum
566 1088 747 1144 legionis
778 1090 869 1132 1111
898 1089 1218 1144 Macedonicae,
1255 1088 1499 1145 praefectus
1530 1089 1717 1131 cohortis
1746 1089 1897 1131 tertiae

177 1159 484 1214 Hispanorum,
518 1156 642 1199 hasta
673 1172 780 1213 pura
811 1164 853 1199 et
883 1172 1042 1199 corona
1082 1172 1216 1200 aurea
1245 1157 1451 1211 donatus3
1492 1159 1765 1213 quattuorvir
1804 1158 1898 1198 iure

177 1225 387 1279 dicundo,
429 1226 702 1281 quattuorvir
741 1226 1094 1282 quinquennalis,
1137 1225 1335 1282 pontifex
1372 1225 1647 1280 (Mevaniae),
1690 1233 1897 1282 patronus

176 1295 400 1350 municipii
441 1294 704 1347 (Mevaniae)
744 1294 825 1337 XI
845 1297 959 1337 5028
998 1298 1025 1336 t.
1059 1294 1406 1337 Mevanianensis
1441 1294 1607 1348 publice
1630 1295 1808 1348 positus,
1840 1319 1897 1324 —

176 1363 506 1406 Procurationes
543 1362 664 1405 illum
695 1363 903 1417 accepisse
933 1363 986 1405 ab
1018 1363 1271 1416 imperatore
1301 1361 1466 1404 Vitellio
1494 1362 1718 1416 Bormann
1735 1364 1897 1417 proba-

178 1431 322 1474 biliter
355 1430 453 1473 inde
491 1431 653 1482 statuit,
694 1431 807 1485 quod
844 1430 1035 1474 Vitellius
1066 1431 1236 1485 primus
1272 1431 1525 1473 ‘ministeria
1563 1431 1832 1487 principatus
1873 1447 1899 1473 a

175 1500 339 1542 libertis
381 1499 451 1554 agi
493 1498 632 1541 solita‘
666 1500 712 1542 in
751 1499 906 1553 equites
944 1499 1163 1542 Romanos
1195 1498 1416 1542 transtulit
1450 1499 1524 1554 (cf.
1557 1499 1654 1541 Tae.
1685 1499 1726 1541 h.
1757 1502 1796 1549 1,
1826 1498 1898 1552 58)

177 1571 216 1611 et
246 1567 351 1622 leyio
381 1567 498 1609 IIII
520 1566 815 1617 Macedonica,
848 1567 966 1609 euius
995 1568 1192 1609 tribunus
1213 1566 1527 1620 Propertianus
1554 1566 1710 1620 fuerat,
1742 1566 1827 1619 fuit
1855 1567 1901 1608 in

178 1637 409 1691 leyionibus
445 1634 734 1686 Germanicis,
776 1650 884 1689 quae
925 1650 1017 1678 eum
1048 1635 1214 1678 Vitellio
1253 1636 1299 1677 in
1328 1634 1506 1677 Italiam
1537 1635 1761 1688 profectae
1789 1637 1899 1685 sunt,

177 1719 306 1759 neque
351 1707 608 1747 memoratur
653 1718 838 1758 unquam
879 1707 982 1759 post
1031 1718 1189 1746 annum
1234 1707 1305 1754 69,
1352 1706 1629 1746 eoeauetorata
1671 1702 1830 1745 seilicet
1874 1716 1901 1743 a

183 1773 455 1828 Vespasiano.

106 1868 163 1872 —
207 1847 542 1893 Q.PET1LL1VS
573 1847 803 1882 CERIALIS
835 1846 1042 1882 CAESIVS
1073 1846 1247 1884 RVFVS.

95 1912 176 1955 159
207 1910 255 1953 C.
288 1909 464 1952 Caesius
507 1909 694 1952 Sabinus
734 1909 942 1951 dedicavit
980 1909 1044 1951 dis
1076 1909 1312 1963 deabusque
1343 1909 1548 1952 Sassinae
1587 1909 1731 1951 titulos
1771 1908 1902 1950 editos

96 1982 109 1985 ‘
181 1994 209 2021 a
224 1978 473 2021 Bormanno
488 1977 746 2031 Festschrift
760 1978 830 2020 des
844 1977 1147 2031 Gymnasiums
1160 1992 1254 2020 zum
1266 1992 1430 2031 yrauen
1447 1978 1499 2019 K
1502 1978 1629 2020 loster
1643 1981 1750 2019 1874
1762 1992 1810 2031 p.
1823 1980 1903 2018 361

178 2062 218 2090 n.
242 2051 326 2089 1-4
348 2046 480 2102 (1-4),
511 2050 769 2089 memoratur
798 2047 843 2088 in
872 2046 1034 2088 mutilis
1063 2046 1219 2089 ibidem
1247 2047 1425 2101 repertis
1444 2050 1470 2089 5
1491 2046 1550 2101 (5)
1582 2049 1620 2088 et
1649 2050 1702 2087 10
1732 2045 1804 2100 (6),
1830 2046 1905 2098 qui

181 2115 238 2158 ad
270 2116 506 2158 Traianum
527 2115 727 2168 pertinet.

268 2184 457 2226 Nomina
478 2182 614 2237 plena
644 2183 838 2224 eschibent
868 2182 996 2232 tituli,
1026 2182 1100 2224 sed
1128 2183 1173 2224 in
1201 2185 1229 2224 t.
1251 2185 1339 2224 1-4
1367 2182 1529 2236 scripta
1550 2181 1598 2224 C.
1623 2181 1671 2225 C.
1693 2180 1902 2234 Sabinus3

183 2252 299 2307 apud
328 2251 581 2294 Martialem
604 2250 782 2293 Caesius
804 2251 991 2293 Sabinus
1020 2250 1084 2292 vel
1110 2250 1309 2292 Sabinus.
1329 2275 1387 2279 ——
1407 2251 1478 2292 Ex
1500 2251 1676 2292 Sassina
1696 2249 1904 2290 oriundus

184 2320 386 2363 Martial.
417 2323 456 2369 9,
487 2322 554 2370 58,
585 2322 673 2360 1-4
703 2320 758 2372 cf.
792 2322 829 2369 7,
860 2322 926 2368 97,
959 2322 984 2359 1
1019 2318 1236 2360 ‘Caesium
1276 2324 1504 2359 montanae
1535 2317 1666 2359 decus
1698 2317 1905 2359 Vmbriae

185 2389 427 2432 Sabinum‘.
472 2387 654 2429 Amicus
678 2385 903 2441 Martialis,
936 2388 1010 2442 qui
1041 2387 1215 2442 scripsit
1243 2386 1298 2428 ad
1328 2401 1424 2428 eum
1446 2387 1577 2440 epiqr.
1599 2389 1637 2436 7,
1660 2389 1717 2428 97
1722 2399 1735 2436 ,·
1765 2389 1803 2436 9,
1826 2388 1881 2428 58
1890 2399 1903 2436 ;

185 2462 225 2508 9,
250 2461 326 2508 60;
356 2460 420 2507 11,
454 2459 494 2499 8.
523 2459 589 2498 17.
619 2481 677 2485 -
707 2456 777 2497 Ex
805 2456 987 2511 posteris
1019 2456 1112 2496 eius
1142 2455 1314 2496 videtur
1336 2455 1444 2504 Sex,
1476 2455 1644 2497 Tettius
1674 2454 1904 2496 Montanus

183 2525 362 2569 Caesius
393 2524 583 2568 Sabinus
614 2539 723 2580 equo
754 2523 928 2580 publico
958 2524 1004 2566 in
1034 2526 1063 2565 t.
1092 2523 1315 2567 Sassinate
1346 2523 1372 2564 l.
1404 2522 1431 2564 l.
1461 2537 1503 2565 n.
1535 2526 1601 2565 16.

114 2619 170 2625 ——
214 2592 418 2637 Cornelia
447 2592 614 2636 Caesia.

111 2687 170 2693 —-
214 2661 395 2706 Suillius
428 2661 707 2704 Caesoninus.

102 2732 183 2774 160
212 2736 258 2773 L.
290 2728 567 2772 OAESO'NIVS
598 2735 842 2771 LVCILLVS
873 2734 1049 2769 MACER
1086 2733 1407 2770 RVFINIANVS.
1474 2727 1631 2769 Tituli:
1669 2728 1709 2769 ei
1739 2727 1907 2781 positus

186 2801 245 2841 est
282 2798 409 2841 XIV
428 2801 543 2840 3902
570 2796 630 2853 (1)
670 2800 698 2841 t.
739 2798 784 2839 in
824 2811 927 2850 ayro
969 2796 1190 2838 Tiburtino
1229 2799 1441 2850 repertus,
1475 2796 1621 2850 posuit
1652 2796 1907 2849 parentibus

186 2867 271 2909 ibd.
301 2866 428 2909 XIV
442 2869 554 2909 3900
585 2866 662 2921 (2).
691 2868 799 2907 3901
826 2865 883 2920 (3)
914 2868 943 2906 t.
974 2863 1237 2918 sepulcrales,
1269 2867 1526 2906 memoratur
1555 2865 1601 2906 in
1631 2865 1737 2906 aetis
1766 2863 1906 2905 Arva-

185 2935 288 2977 lium
317 2934 386 2977 VI
406 2936 533 2977 2086.
563 2936 676 2976 2104
706 2933 761 2988 (4.
791 2935 848 2988 5).

270 3002 408 3045 Plena
445 3002 619 3044 nomina
657 3001 821 3043 exhibet
852 3003 877 3042 t.
910 3004 948 3050 1,
987 3000 1037 3042 L.
1070 2999 1306 3042 Caesonius
1347 2999 1541 3041 Lucillus
1582 3002 1610 3041 t.
1641 3003 1679 3041 4.
1709 3002 1758 3049 5,
1801 2999 1904 3042 Cae-

187 3072 335 3113 sonius
364 3069 558 3112 Lucillus
591 3073 618 3112 t.
648 3074 692 3114 2.
722 3073 762 3112 3.
813 3068 862 3111 C.
894 3067 1008 3110 filius
1040 3071 1068 3110 t.
1099 3071 1124 3109 1
1152 3068 1311 3110 seilicet
1340 3067 1454 3110 filius
1485 3067 1533 3111 C.
1564 3067 1763 3111 Caesonii
1794 3067 1844 3110 C.
1876 3068 1904 3110 f.

187 3139 325 3181 Macri
355 3138 577 3181 Rufiniani
608 3145 651 3180 ct
676 3136 882 3179 Maniliae
911 3135 1108 3178 Lucillae
1137 3139 1166 3178 t.
1186 3140 1230 3179 2.
1251 3139 1301 3187 3;
1330 3136 1446 3178 tribu
1474 3136 1659 3189 Quirina
1690 3140 1718 3180 t.
1740 3139 1777 3178 1.
1828 3136 1908 3178 Vir

188 3207 448 3248 clarissimus
479 3210 507 3250 t.
532 3211 572 3257 3,
603 3206 761 3248 electus
793 3207 835 3246 in
868 3204 1073 3246 familiam
1104 3205 1330 3261 patriciam
1359 3208 1387 3247 t.
1416 3208 1454 3247 1.

275 3274 387 3315 Xvir
407 3274 594 3317 stlitibus
616 3273 868 3327 iudicandis,
901 3279 1103 3328 quaestor
1123 3272 1401 3327 kandidatus,
1433 3279 1606 3329 praetor
1632 3272 1903 3325 kandidatus,

191 3351 364 3387 curator
401 3347 463 3387 rei
504 3345 706 3401 publicae
744 3343 1090 3397 Puteolanorum,
1123 3344 1224 3385 item
1255 3343 1581 3398 Suessanorum,
1618 3342 1785 3398 legatus
1816 3356 1892 3398 pro
