2176 3750
127 318 378 358 ANICETVS
1004 310 1059 353 55
1734 315 1936 354 ANICIVS

140 476 199 482 —-
242 449 297 503 Q.
327 449 560 505 Pompeius
591 447 812 490 Anicetus.

126 521 211 563 438
243 526 283 564 G,
314 523 516 559 ANICIVS
549 522 805 568 CERIALIS,
845 515 995 558 consul
1035 516 1170 571 (suff.)
1209 515 1266 560 id.
1296 515 1414 571 Aug.
1445 530 1483 557 a.
1515 515 1570 558 65
1600 530 1699 558 cum
1729 515 1778 560 O.
1811 516 1936 558 Pom-

212 587 353 644 ponio.
414 585 461 628 O.
491 585 673 628 Anicius
703 585 784 627 IV
804 588 915 628 2551
954 585 1001 626 in
1041 584 1278 635 consulatu,
1317 587 1497 627 ceterum
1531 583 1715 627 Anicius
1755 583 1938 627 Cerialis

213 655 399 709 (Ἀνίκιον
429 653 648 711 Κερεάλιον
679 653 872 706 Zonar.).
932 652 1097 695 Consul
1124 652 1376 707 designatus
1413 653 1460 694 in
1497 659 1651 695 senatu
1681 653 1938 695 sententiam

210 723 320 766 dixit
339 738 378 766 a.
399 724 453 766 65
481 723 580 766 Tae.
604 737 644 764 a.
666 725 731 773 15,
756 725 808 764 74
817 735 831 773 ,·
858 721 1008 763 consul
1039 736 1076 763 a.
1100 722 1154 764 65
1174 735 1210 765 v.
1232 734 1389 775 supras
1418 736 1457 764 a.
1475 722 1530 763 66
1560 722 1650 763 vim
1679 721 1764 763 sibi
1793 720 1939 764 attulit

212 794 378 835 minore
408 806 540 848 quam
570 791 701 832 ceteri
728 791 1025 843 miseratione,
1068 790 1171 846 quia
1210 789 1424 846 proditam
1456 788 1504 832 C.
1537 788 1713 832 Caesari
1742 790 1937 831 coniura-

213 861 374 903 tionem
409 859 463 902 ab
495 874 543 901 eo
574 860 859 901 meminerant
887 859 973 901 ibd.
1004 861 1070 908 16,
1102 861 1169 900 17.
1227 857 1389 900 Contra
1418 858 1617 900 Zonaras
1645 861 1711 909 11,
1743 861 1769 901 6
1807 858 1941 912 refert

214 943 312 971 eum
341 933 386 970 et
415 927 516 971 Sex.
548 928 779 983 Papinium
808 926 946 969 filium
977 926 1069 981 (sic)
1099 932 1233 969 tortos
1265 941 1357 968 esse
1387 941 1414 968 a
1443 927 1566 981 Gaio,
1598 927 1939 968 coniurationem

153 1016 156 1018 >
213 1003 359 1039 autem
388 996 600 1039 detectam
631 1011 658 1038 a
686 995 789 1037 filio.
833 995 1107 1050 (Coniuratio
1137 995 1223 1048 fuit
1252 1009 1292 1036 a.
1321 998 1376 1037 40
1407 995 1462 1048 of.
1493 994 1583 1037 Dio
1611 998 1679 1046 59,
1709 997 1779 1046 25,
1822 994 1938 1038 Suet.

212 1065 348 1120 Caliy.
370 1068 441 1115 27,
474 1064 636 1108 Seneca
665 1064 715 1106 de
743 1064 815 1105 ira
842 1066 880 1113 3,
911 1065 996 1119 18.)

126 1133 210 1176 439
242 1140 285 1184 Q.
324 1139 526 1175 ANICIVS
566 1138 760 1175 FAVSTV
762 1138 786 1174 S
827 1131 1035 1174 dedicavit
1073 1132 1120 1173 in
1165 1130 1371 1185 leyatione
1411 1131 1645 1174 Numidica
1684 1132 1851 1174 titulos:
1892 1132 1939 1173 in

213 1202 440 1256 provincia
469 1201 740 1255 Tripolitana
769 1200 892 1242 VIII
907 1204 933 1242 6
958 1199 1051 1254 (1a)
1074 1202 1114 1241 et
1135 1199 1275 1241 eodem
1305 1199 1393 1241 loco
1415 1199 1550 1253 plane
1566 1200 1785 1254 yemellum
1816 1199 1938 1241 VIII

213 1270 259 1313 S.
295 1272 438 1313 10992
471 1268 587 1323 (lb),
633 1269 986 1311 Lambaesitanos
1027 1267 1150 1310 VIII
1175 1270 1288 1310 2438
1327 1265 1404 1323 (2).
1449 1271 1570 1311 2527
1597 1266 1670 1325 (3).
1715 1270 1832 1311 2528
1866 1267 1939 1321 (4).

212 1341 324 1381 2549
361 1337 438 1393 (5).
479 1341 591 1381 2550
622 1337 694 1392 (6).
734 1339 846 1380 2551
880 1333 953 1390 (7).
996 1338 1113 1379 2552
1146 1335 1232 1390 (8).-
1259 1339 1372 1379 2553
1406 1336 1481 1393 (9).
1525 1339 1639 1380 2558
1667 1336 1766 1391 (10).
1814 1335 1939 1378 VIII

213 1406 408 1449 818068
423 1406 521 1462 (11).
542 1409 681 1449 18255
693 1405 799 1461 (12).
815 1407 956 1448 18256
970 1404 1070 1460 (13),
1097 1404 1467 1459 Thanzuyadenses
1492 1405 1615 1447 VIII
1624 1405 1820 1447 817870
1836 1403 1936 1458 (14).

211 1477 348 1517 17871
364 1475 461 1530 (15),
482 1473 834 1528 CirtenseniEph.
852 1488 914 1528 ep.
932 1477 969 1523 7,
986 1472 1176 1528 440(16),
1198 1473 1554 1515 Arsacalitanum
1574 1473 1696 1516 VIII
1708 1476 1818 1515 6048
1838 1472 1936 1527 (17),

214 1543 519 1585 Mauretanum
551 1542 673 1586 VIII
700 1545 810 1585 8796
838 1542 950 1596 (18);
980 1543 1024 1583 in
1055 1541 1261 1596 leyatione
1292 1541 1516 1584 Moesiaea
1543 1545 1571 1585 t.
1603 1542 1692 1584 III
1708 1543 1816 1583 1685
1837 1541 1937 1596 (19).

210 1613 319 1655 1686
348 1612 438 1668 (20)
471 1611 725 1653 Moesiacos

299 1679 489 1721 Nomina
518 1679 654 1733 plena
684 1680 930 1733 perscripta
964 1679 1138 1732 fuerunt
1176 1679 1223 1720 in
1253 1681 1281 1720 t.
1314 1679 1527 1730 omnibus,
1567 1678 1689 1720 hodie
1719 1681 1865 1720 extant
1892 1678 1939 1719 in

214 1752 242 1791 t.
273 1751 351 1790 1a.
377 1748 415 1790 b.
445 1751 485 1790 3.
515 1751 554 1790 4.
584 1750 623 1791 5.
656 1750 694 1790 6.
728 1750 766 1789 7.
803 1750 871 1789 10.
902 1750 967 1789 13.
998 1750 1064 1790 14.
1096 1749 1162 1789 15.
1193 1749 1362 1797 17-20,
1394 1746 1498 1801 plus
1536 1747 1676 1788 minus
1714 1745 1866 1788 mutila
1895 1746 1940 1787 in

213 1817 373 1859 ceteris.
405 1815 571 1863 Ἀνίκιος
590 1817 747 1873 Φῆστος
767 1815 860 1871 (sic)
881 1814 970 1858 Dio
989 1817 1056 1865 78,
1077 1818 1153 1866 22,
1175 1818 1218 1865 2,
1250 1816 1432 1862 Φαῦστος
1451 1815 1538 1858 ibd.
1560 1815 1592 1870 5
1611 1818 1650 1857 4.
1667 1839 1725 1845 -
1745 1813 1940 1857 Clarissi-

211 1900 307 1927 mus
336 1887 407 1928 vir
436 1888 464 1926 t.
486 1888 529 1928 2.
560 1888 600 1928 3.
630 1888 670 1929 4.
701 1888 739 1928 6.
772 1887 838 1927 17.

197 1994 208 1996 -
298 1954 489 2009 Legatus
508 1953 699 2008 Augusti
724 1956 752 1996 t.
774 1957 817 1997 2.
839 1956 894 1996 13
913 1953 978 1995 vel
1001 1952 1302 2007 Augustorum
1323 1956 1351 1997 t.
1374 1956 1401 1995 1
1414 1967 1454 1995 a.
1467 1953 1505 1996 b.
1527 1956 1568 1997 3.
1588 1956 1627 1995 4.
1650 1951 1731 2007 [5].
1753 1955 1791 1994 6.
1814 1955 1850 1993 7.
1872 1954 1939 1993 11.

213 2021 326 2078 [12].
347 2025 412 2064 14.
433 2024 488 2064 18
506 2037 572 2078 ΡΥ.
593 2037 659 2078 ΡΥ.
683 2021 949 2076 (Numidiae)
971 2024 1000 2063 t.
1023 2024 1137 2063 1-18
1156 2020 1412 2075 (consularis
1434 2020 1515 2076 leg.
1537 2021 1607 2064 ΙΠ
1626 2020 1741 2075 Aug.
1763 2023 1791 2064 t.
1808 2023 1883 2062 1a.
1898 2019 1940 2073 b)

214 2091 329 2132 intra
357 2105 395 2134 a.
430 2090 509 2132 197
542 2093 570 2132 t.
600 2094 644 2134 2.
674 2093 740 2134 13.
772 2093 838 2132 14.
870 2093 927 2132 17
955 2096 998 2131 et
1027 2091 1106 2132 201
1139 2093 1167 2131 t.
1199 2093 1276 2133 Ia.
1299 2090 1336 2139 b,
1379 2104 1465 2134 cos,
1507 2089 1758 2144 designatus
1789 2103 1827 2130 a.
1863 2087 1941 2130 198

217 2162 244 2201 t.
267 2162 312 2203 2.
332 2162 373 2201 3.
393 2162 433 2200 4.
454 2161 493 2200 6.
517 2162 555 2200 7.
575 2158 656 2213 [8],
690 2173 774 2200 cos.
797 2157 1087 2214 amplissimus
1109 2158 1244 2212 (suff.)
1275 2174 1314 2200 a.
1340 2159 1419 2200 198
1445 2161 1474 2200 t.
1496 2161 1534 2200 9.
1556 2161 1621 2201 11.
1646 2160 1708 2200 15.
1750 2157 1942 2211 Legatus

213 2226 510 2282 Augustorum
540 2241 618 2284 pro
647 2242 713 2283 pr.
735 2227 942 2281 (Moesiae
963 2227 1215 2282 superioris)
1246 2227 1360 2268 intra
1389 2242 1428 2268 a.
1450 2227 1635 2269 2021209
1666 2226 1788 2281 (anni
1809 2225 1942 2267 tribu-

213 2295 352 2337 niciae
373 2296 599 2349 potestatis
629 2296 820 2349 corrupti
846 2298 960 2350 sunt)
993 2297 1021 2336 t.
1049 2298 1115 2336 19.
1149 2298 1218 2338 20.
1268 2294 1396 2336 Anno
1418 2295 1500 2337 217
1532 2295 1767 2351 imperator
1785 2293 1942 2336 Macri-

216 2377 298 2405 nus
328 2377 429 2405 eum
458 2364 503 2405 in
533 2363 676 2405 locum
707 2362 775 2418 (O.
807 2362 926 2415 Iulii)
955 2362 1088 2418 Aspri
1124 2362 1425 2419 proconsulem
1466 2364 1511 2404 in
1541 2362 1692 2405 Asiam
1730 2363 1849 2404 misit
1887 2368 1941 2415 et,

219 2445 318 2473 cum
344 2431 551 2485 exiguum
574 2432 676 2473 anni
705 2429 1024 2487 proconsularis
1054 2432 1240 2486 spatium
1269 2431 1307 2472 ei
1338 2437 1590 2485 remaneret,
1623 2431 1864 2487 imperavit,
1896 2435 1946 2472 ut

219 2506 263 2541 et
301 2500 346 2541 in
385 2514 546 2541 annum
586 2506 837 2556 sequentem
867 2499 1090 2553 (218s219)
1121 2499 1373 2554 provinciae
1402 2506 1620 2556 praeesset
1648 2498 1737 2541 Dio
1770 2500 1834 2549 78,
1866 2501 1942 2541 22.

214 2567 335 2621 Quod
361 2568 521 2609 iussum
548 2582 649 2610 num
678 2567 724 2609 E
729 2566 953 2621 layabalus
981 2570 1123 2608 ratum
1152 2566 1349 2608 habuerit
1376 2568 1612 2621 iynoratur.
1646 2593 1698 2599 —
1731 2568 1944 2609 Patronus

142 2653 147 2658 ·
218 2635 647 2678 Lambaesitanorum
666 2639 694 2678 t.
712 2639 779 2690 13,
803 2634 1228 2689 Thamugadensium
1249 2638 1276 2677 t.
1296 2639 1360 2679 14.
1380 2638 1445 2686 15,
1469 2635 1730 2679 Cirtensium
1754 2638 1783 2679 t.
1798 2638 1864 2679 16.
1880 2637 1944 2677 17.

133 2706 217 2748 440
249 2710 358 2746 SEX.
398 2708 600 2746 ANICIVS
642 2709 885 2758 FAVSTVS,
927 2702 1058 2744 Anici
1099 2702 1336 2745 consularis
1376 2703 1490 2746 filius
1522 2703 1645 2746 VIII
1669 2703 1716 2747 S.
1747 2705 1885 2746 17890
1917 2706 1944 2746 t.

225 2772 586 2827 fflamuyadensis
615 2772 810 2823 mutilum
831 2774 972 2826 potest
1001 2771 1117 2825 filius
1147 2784 1232 2813 esse
1257 2772 1305 2824 Q.
1335 2771 1486 2814 Anicii
1512 2771 1683 2815 Fausti.

133 2842 214 2885 441
249 2847 358 2883 SEX.
378 2846 580 2883 ANICIVS
602 2846 824 2883 FAVSTVS
845 2845 1201 2893 PAVLINIANVS,
1229 2839 1492 2882 clarissimus
1519 2841 1701 2892 iuvenis,
1723 2846 1943 2896 patronus,

220 2910 393 2965 patroni
422 2908 538 2952 filius
570 2910 757 2951 civitatis
787 2908 1057 2964 Vzappensis
1090 2907 1213 2950 VIII
1235 2908 1282 2951 8.
1304 2911 1442 2951 11933
1471 2911 1500 2951 t.
1532 2907 1799 2963 Veappensis.

134 2978 219 3021 442
246 2983 448 3020 ANICIVS
489 2984 710 3020 FAVSTVS
746 2981 1013 3026 PAVLINVS,
1064 2974 1231 3030 legatus
1265 2975 1386 3031 Aug.
1426 2991 1492 3032 pr.
1532 2991 1596 3032 pr.
1638 2976 1846 3030 (Moesiae
1885 2975 1946 3016 in·

222 3045 410 3100 ferioris)
442 3061 480 3090 a.
502 3047 586 3089 230
615 3046 705 3089 III
729 3045 775 3088 8.
799 3047 908 3086 7473
939 3047 967 3085 t.
1000 3043 1136 3087 Moes.
1164 3044 1243 3097 inf.

135 3114 219 3156 443
248 3119 451 3156 ANICIVS
473 3121 718 3169 MAXIMVS,
746 3111 973 3171 proconsul
1000 3111 1233 3167 Bithyniae
1254 3111 1335 3155 sub
1355 3113 1544 3156 Traiano
1561 3112 1680 3155 Plin.
1698 3112 1756 3155 ad
1771 3113 1947 3155 Traian.

221 3185 320 3232 112,
342 3185 385 3226 2.
437 3182 583 3225 Potest
611 3196 697 3225 esse
726 3182 843 3237 filius
873 3180 923 3222 P.
954 3179 1104 3222 Anicii
1134 3180 1336 3223 Maximi.

136 3249 221 3291 444
250 3250 299 3292 P.
322 3249 502 3293 Anicius
524 3251 755 3306 Maximus,
778 3251 1010 3293 honoratus
1031 3248 1165 3299 titulo,
1188 3263 1307 3303 quem
1317 3251 1467 3304 posuit
1481 3249 1735 3292 Antioohiae
1756 3248 1950 3291 Pisidiae

223 3318 377 3360 civitas
414 3318 652 3363 Alexandr.
685 3334 796 3375 quae
838 3325 902 3361 est
941 3318 986 3358 in
1015 3316 1216 3373 Aegypto
1246 3318 1336 3360 III
1360 3318 1407 3361 8.
1439 3320 1560 3361 6809.
1594 3342 1643 3348 -
1677 3318 1726 3360 Ρ.
1756 3317 1801 3367 f.,
1833 3315 1948 3358 tribu

225 3385 397 3442 Sergia,
441 3388 602 3442 oriyine
642 3387 951 3437 Antiochenus,
996 3388 1045 3427 ut
1088 3399 1138 3427 ex
1182 3386 1297 3429 tribu
1339 3389 1379 3428 et
1423 3386 1511 3430 loco
1549 3389 1717 3429 statuae
1757 3386 1950 3440 apparet.
