2176 3750
101 313 343 350 AEMILIVS
985 306 1040 349 29
1670 308 1911 345 AEMILIVS

186 447 247 487 est
275 445 455 487 Iuncum
485 443 615 498 leyati
645 443 861 499 praetorii
888 457 1058 486 munere
1092 443 1139 485 in
1168 441 1341 485 Achaia
1370 442 1563 496 functum
1593 454 1691 483 esse.
1752 439 1913 483 Consul

183 529 221 556 a.
253 513 294 555 d.
325 513 368 555 V
397 512 454 554 id.
488 511 664 555 Octobr.
695 528 733 556 a.
759 512 839 555 127
870 526 906 554 v.
936 525 1082 566 supra.

269 581 413 623 Potest
450 580 560 623 idem
601 594 688 623 esse
727 581 778 623 L.
810 579 1022 625 Aemilius
1056 581 1218 622 Iuncus
1256 581 1303 622 in
1339 579 1482 634 fistula
1525 579 1710 633 aquaria
1742 578 1914 620 urbana

183 650 401 692 Lanciani
428 649 521 704 syll.
554 663 703 703 aquar.
734 652 818 692 567
825 663 839 700 ,·
873 650 1058 703 fortasse
1087 649 1146 691 ad
1172 648 1280 690 hunc
1309 651 1500 703 spectant
1531 647 1694 702 teyulae
1720 647 1912 690 urbanae

184 733 239 760 ex
259 717 420 773 figlinis
440 718 660 760 Iuncianis
681 733 720 762 a.
744 718 826 760 123
845 717 1038 760 XV257
1055 720 1094 759 et
1113 718 1398 771 fraymentum
1419 716 1535 758 tituli
1552 715 1657 759 GIA
1677 716 1766 758 ΙΙΙ
1774 719 1910 759 622α.

97 787 181 830 236
211 786 264 840 Q.
287 785 500 828 Aemilius
521 786 696 828 Laetus.
737 785 875 828 Plena
893 787 1066 828 nomina
1091 789 1238 828 extant
1262 786 1333 829 vit.
1363 785 1519 828 Com-m.
1541 788 1608 835 17,
1631 788 1669 835 1,
1700 783 1911 826 Aemilius

184 856 345 897 Laetus
377 854 465 897 Dio
499 858 566 905 72,
598 858 674 905 19,
714 855 877 896 Laetus
908 854 1027 897 alibi.
1061 879 1114 885 -—
1146 855 1398 896 Praefectus
1430 855 1643 910 praetorio
1676 853 1756 895 sub
1786 853 1910 896 Com-

182 923 309 966 modo
340 924 412 965 vit.
442 923 606 965 Pertin.
638 927 676 973 4,
708 926 746 973 5,
779 922 867 965 Dio
899 926 968 973 72,
995 927 1062 973 19,
1094 923 1330 965 Herodian.
1353 926 1391 972 1,
1415 926 1479 973 16,
1501 925 1540 972 5,
1572 922 1653 965 sub
1683 923 1912 964 Pertinace

182 993 253 1034 vit.
285 991 446 1034 Pertin.
479 995 546 1041 10,
579 994 629 1042 8;
659 995 724 1041 11,
758 994 787 1033 7
814 991 1076 1047 (praefectus
1115 991 1225 1034 nude
1253 992 1467 1045 passini).
1533 990 1643 1034 Cum
1674 990 1911 1034 Commodo

181 1060 433 1115 gladiatoris
464 1059 616 1102 habitu
646 1061 857 1116 pugnavit
884 1059 973 1102 Dio
996 1063 1062 1110 72,
1086 1063 1163 1111 19,·
1189 1074 1287 1102 eum
1318 1059 1551 1116 prohibuit,
1584 1074 1639 1100 ne
1668 1059 1817 1102 urbem
1849 1060 1910 1101 in·

181 1128 384 1170 cenderet
410 1129 482 1170 vit.
511 1127 669 1171 Comm.
699 1131 765 1179 15,
800 1131 838 1170 7.
900 1128 992 1171 Sub
1030 1128 1161 1170 finem
1201 1144 1239 1171 a.
1273 1128 1354 1170 192
1388 1142 1487 1170 cum
1516 1127 1682 1170 Marcia
1712 1129 1757 1169 in
1788 1127 1911 1170 Com-

181 1196 356 1239 modum
401 1198 644 1239 coniuravit
688 1203 730 1239 et
775 1211 873 1239 eum
915 1196 1131 1239 interfecit
1173 1196 1214 1238 d.
1258 1198 1308 1239 31
1357 1211 1491 1240 mens,
1538 1196 1793 1239 Decembris
1837 1198 1909 1239 vit.
1982 1202 1986 1206 ’

179 1264 337 1308 Gomon.
358 1267 425 1315 17,
457 1264 619 1307 Pertin.
640 1268 680 1316 5,
702 1268 741 1316 1,
763 1264 852 1308 Dio
875 1268 943 1316 72,
965 1269 1028 1308 22
1050 1265 1226 1319 (Zonar.
1248 1268 1320 1316 12,
1341 1267 1398 1321 5),
1420 1265 1656 1307 Herodian.
1679 1269 1717 1316 1,
1741 1268 1805 1315 16,
1828 1268 1912 1306 1—

182 1338 221 1384 1,
253 1337 319 1384 17,
363 1340 407 1376 et
447 1333 602 1376 detulit
641 1347 824 1388 regnum
868 1334 1084 1375 Pertinaci
1122 1335 1194 1375 vit.
1231 1333 1395 1376 Pertin.
1426 1337 1472 1384 4,
1504 1336 1606 1384 5-7,
1646 1333 1735 1376 Dio
1767 1336 1839 1383 73,
1871 1337 1910 1384 1,

182 1402 420 1444 Herodian.
451 1405 494 1452 2,
519 1406 629 1453 1-2,·
665 1401 803 1444 multa
843 1403 886 1443 in
926 1401 1230 1444 contumeliam
1261 1401 1486 1445 Commodi
1526 1402 1630 1444 fecit
1658 1401 1746 1444 Dio
1778 1405 1842 1452 73,
1873 1406 1909 1446 6.

182 1471 295 1512 Dein
318 1472 564 1513 coniuravit
585 1471 629 1512 in
650 1471 921 1513 Pertinacem
942 1471 1014 1512 vit.
1032 1470 1196 1513 Pertin.
1218 1474 1284 1521 10,
1305 1473 1334 1512 8
1351 1484 1460 1524 seq.;
1481 1474 1546 1521 11,
1571 1474 1608 1521 7,
1640 1470 1728 1512 Dio
1745 1473 1809 1520 73,
1826 1473 1866 1512 8.
1885 1474 1911 1512 9

181 1537 358 1590 (Zonar.
381 1542 451 1590 12,
473 1539 529 1594 6),
561 1554 646 1595 quo
673 1539 812 1581 occiso
844 1546 887 1581 et
915 1539 1008 1595 ipse
1038 1554 1065 1581 a
1094 1539 1226 1581 Didio
1258 1538 1428 1581 Iuliano
1460 1538 1712 1581 interfectus
1745 1545 1808 1580 est
1836 1539 1908 1580 vit.

178 1606 282 1649 Did.
306 1610 343 1657 6,
365 1610 408 1657 2,
440 1606 528 1650 Dio
558 1610 622 1658 73,
645 1610 699 1649 16
729 1607 906 1662 (Zonar.
935 1611 1004 1658 12,
1031 1607 1086 1662 7).
1116 1632 1175 1638 —
1204 1607 1339 1650 Laeto
1377 1608 1642 1662 suffragante
1673 1607 1910 1663 Septimius

182 1675 370 1718 Severus
401 1677 611 1719 exercitui
643 1676 904 1719 Germanico
935 1677 1207 1732 praepositus
1238 1683 1302 1718 est
1331 1677 1402 1718 vit.
1427 1676 1520 1719 Sco.
1541 1680 1580 1726 4,
1603 1680 1640 1718 4.

95 1743 178 1787 237
209 1744 259 1787 T.
290 1743 443 1786 Aelius
472 1744 666 1800 Largus,
707 1745 758 1788 T.
789 1745 840 1799 f.,
882 1759 1013 1801 eques
1042 1745 1280 1799 Romanus,
1313 1751 1568 1801 procurator
1599 1744 1711 1799 Aug.
1742 1744 1909 1800 byblio-

178 1813 402 1855 thecarum
430 1813 558 1856 XIV
573 1817 688 1857 2916
718 1817 745 1856 t.
778 1814 1094 1858 Praenestinus.

93 1881 176 1924 238
206 1887 450 1924 AEMILIVS
482 1888 800 1937 LATINIANVS,
834 1883 1102 1941 συγκλητικός,
1133 1884 1297 1925 amicus
1322 1882 1453 1925 Acilii
1476 1881 1727 1925 Glabrionis
1759 1882 1816 1936 (n.
1838 1881 1908 1935 48)

176 1949 245 1992 01
245 1949 287 1993 G
310 1953 440 1994 2979.

93 2019 177 2061 239
208 2019 488 2074 (AEMILIVS)
510 2026 724 2062 LEPIDVS
751 2021 890 2062 nescio
910 2021 1004 2074 quis
1024 2020 1197 2075 publice
1216 2020 1448 2063 hanoratus
1480 2023 1508 2062 t.
1530 2020 1674 2062 Attico
1702 2018 1807 2061 CIA
1826 2021 1907 2061 574

176 2088 363 2130 incertae
393 2089 559 2131 aetatis.
686 2079 688 2081 ¹

92 2157 175 2199 240
206 2189 216 2199 .
245 2190 255 2199 .
295 2163 537 2199 AEMILIVS
584 2163 796 2199 LEPIDVS
847 2159 960 2200 inter
1002 2165 1131 2200 testes
1172 2165 1347 2200 senatus
1386 2156 1682 2200 consultorum
1723 2155 1811 2197 Mai
1853 2154 1908 2196 23

178 2240 216 2267 a.
250 2225 331 2268 737
362 2245 420 2260 =
452 2226 503 2268 17
535 2229 634 2268 acta
663 2226 921 2269 saecularia.

91 2293 172 2335 241
206 2295 268 2347 (C.
298 2295 561 2348 AEMILIVS)
592 2300 818 2349 LEPIDVS,
851 2298 1111 2337 memoratur
1139 2296 1185 2337 in
1217 2295 1337 2337 titulo
1370 2295 1512 2337 liberti
1546 2294 1614 2336 VI
1636 2296 1758 2335 6071.

93 2361 176 2403 242
207 2362 276 2404 Μ’.
307 2367 551 2402 AEMILIVS
581 2368 810 2412 LEPIDVS,
842 2362 992 2404 consul
1021 2378 1059 2405 a.
1094 2364 1141 2405 11
1177 2378 1218 2418 p.
1251 2362 1300 2407 G.
1333 2377 1431 2405 cum
1460 2363 1510 2406 T.
1544 2360 1714 2405 Statilio
1745 2361 1906 2402 Tauro.

179 2428 449 2471 Memoratur
482 2429 528 2471 in
559 2432 588 2471 t.
620 2429 823 2484 acephalo
853 2430 984 2485 leyati
1015 2430 1139 2473 VIII
1161 2434 1277 2474 9247
1299 2429 1359 2487 (1)
1392 2431 1485 2485 (ubi
1515 2430 1702 2472 traditur
1731 2435 1797 2470 VE
1820 2442 1906 2482 pro

179 2497 283 2551 M'.),
324 2498 371 2538 in
407 2500 434 2539 t.
459 2497 672 2551 praefecti
709 2498 880 2552 fabrum
912 2499 1001 2541 III
1020 2501 1105 2542 398
1134 2520 1189 2534 Ξ
1217 2499 1307 2542 ΙΙΙ
1327 2499 1373 2542 S.
1398 2502 1507 2542 7089
1537 2498 1613 2555 (2),
1655 2498 1799 2540 liberti
1836 2496 1904 2539 VI

181 2568 288 2608 9359
321 2565 392 2619 (3).

263 2634 320 2676 In
349 2634 591 2676 consulatu:
630 2634 734 2689 [M'.]
774 2635 1018 2690 [Ae]milius
1055 2636 1249 2693 Lepidus
1288 2637 1389 2691 fast.
1418 2636 1546 2690 Cap„
1583 2635 1660 2679 Μ’.
1692 2633 1906 2678 Aemilius

178 2703 278 2756 fast.
300 2701 540 2753 Arvalium,
571 2702 631 2745 M.
659 2701 752 2757 (sic)
783 2703 996 2746 Aemilius
1025 2705 1218 2761 Lepidus
1247 2706 1349 2760 fast.
1378 2706 1477 2747 min.
1506 2704 1586 2747 XI
1591 2703 1700 2747 V:
1718 2704 1767 2746 X
1784 2706 1903 2753 6639,

176 2770 265 2813 Dio
300 2771 386 2815 ind.
420 2771 446 2813 l.
476 2774 530 2814 56
539 2785 553 2823 ,·
592 2774 658 2822 56,
689 2775 770 2823 25;
808 2772 887 2814 Μ’.
924 2773 1135 2816 Aemilius
1174 2774 1368 2831 Lepidus
1407 2774 1485 2817 IX
1506 2776 1624 2824 1456,
1655 2772 1764 2814 XII
1784 2774 1903 2821 4333,

177 2839 257 2882 XI
260 2835 442 2890 V2302,
474 2839 552 2884 M’.
585 2840 777 2897 Lepidus
805 2841 839 2883 I
863 2844 955 2892 759,
986 2846 1167 2884 ceterum
1195 2843 1388 2900 Lepidus
1418 2843 1537 2897 fasti.
1570 2867 1622 2873 ——
1662 2841 1719 2883 In
1748 2839 1906 2882 titulis:

178 2907 274 2961 (M’.
305 2907 537 2962 Aemilius)
565 2909 759 2965 Lepidus
792 2913 819 2951 t.
849 2913 888 2951 3.
939 2909 1013 2952 Μ’.
1042 2911 1234 2967 Lepidus
1266 2915 1294 2954 t.
1316 2915 1355 2954 1.
1381 2916 1424 2955 2.
1447 2936 1499 2941 -
1522 2910 1654 2965 Apud
1678 2910 1905 2963 scripturos

174 2990 436 3030 praenomen
466 2976 617 3019 Manii
646 2978 800 3020 litteris
830 2979 1084 3032 perscriptis
1122 2994 1207 3022 uno
1247 2980 1335 3023 loco
1370 2984 1477 3023 certe
1507 2979 1695 3021 traditur
1732 2977 1829 3020 Tac.
1864 2990 1904 3019 a.

174 3047 213 3094 3,
245 3048 320 3094 22,
364 3048 542 3087 ceterum
582 3045 738 3088 (licitur
773 3047 947 3089 Marcus
977 3047 1170 3104 Lepidus
1207 3050 1293 3091 sive
1321 3048 1526 3106 Lepidus.
1587 3048 1722 3089 Locos
1767 3046 1907 3088 Taciti

176 3114 250 3166 qui
269 3114 435 3167 partim
466 3113 525 3156 ad
552 3114 662 3156 hunc
683 3116 850 3169 partim
882 3115 940 3157 acl
970 3116 1169 3158 Marcum
1192 3117 1401 3172 Lepidum
1431 3116 1638 3159 consulem
1670 3130 1709 3158 a.
1731 3117 1757 3156 6
1779 3128 1826 3167 p.
1856 3112 1902 3154 C.

178 3181 404 3234 pertinent,
426 3185 535 3224 recte
556 3182 750 3226 distinxit
770 3183 980 3238 Boryhesi
999 3198 1091 3239 om).
1115 3185 1252 3228 V287
1267 3199 1353 3240 sqq.
1383 3185 1723 3228 Fundamentum
1748 3185 1902 3224 certum

177 3249 458 3292 distinctiora-5
477 3251 688 3304 praebent
706 3253 834 3294 verba
860 3252 1000 3294 Taciti
1020 3267 1117 3295 ann.
1138 3257 1178 3304 3,
1199 3257 1258 3298 32
1287 3269 1393 3309 quae
1414 3254 1472 3296 ad
1492 3253 1707 3302 Marcum,
1741 3254 1780 3293 et
1800 3263 1900 3291 ann.

175 3320 214 3367 3,
236 3321 290 3360 35
299 3331 312 3369 ,·
340 3321 380 3368 4,
401 3321 455 3360 56
484 3333 591 3372 quac
615 3319 674 3361 acl
694 3320 896 3362 Manium
914 3334 1000 3363 non
1022 3326 1203 3375 possunt
1229 3337 1315 3366 non
1343 3323 1511 3377 referri,
1544 3321 1692 3364 deinde
1723 3334 1762 3362 a.
1786 3322 1823 3368 6,
1845 3320 1906 3360 27

178 3385 270 3428 coll.
301 3389 394 3428 cum
424 3401 463 3430 a.
488 3390 527 3437 4,
548 3390 620 3431 29.
