2202 3730
313 312 564 348 ANTONIVS
1189 303 1243 344 98
1862 290 2123 343 ANTONIVS

484 442 646 485 Contra
667 440 911 483 Gordianos
934 437 1210 494 Capellianus
1241 437 1408 492 legatus
1436 437 1666 479 Numidiae
1696 437 1913 494 profectus
1934 437 2117 481 Gordia-

400 526 504 552 num
534 511 746 551 iuniorem
777 508 903 558 vioit;
936 507 1081 548 iunior
1110 507 1155 547 in
1186 520 1332 561 pugna
1361 505 1538 560 cecidit,
1581 507 1724 548 senior
1764 505 1886 548 clade
1920 507 2119 549 nuntiata

398 579 531 620 vitam
566 577 720 633 laqueo
760 576 904 617 finivit
942 574 1179 616 Herodian.
1212 577 1251 624 7,
1283 577 1322 624 9,
1356 574 1446 615 vita
1475 576 1637 624 15-16,
1673 575 1744 618 vit.
1787 575 2025 617 Maximini
2050 578 2117 625 19,

399 645 653 687 Ammianus
684 643 965 686 Marcellinus
994 645 1063 692 26,
1096 645 1133 692 6,
1165 645 1237 684 20.
1289 641 1576 684 consecratus
1604 649 1668 684 est
1695 643 1785 684 vita
1813 646 1878 694 16,
1909 647 1959 695 4;
1993 642 2119 685 divus

397 714 644 757 Gordianus
674 713 719 755 in
751 712 885 754 titulis
913 711 1088 765 nepotis.

482 782 605 824 onr
633 780 770 823 Fabia
800 778 1006 822 Orestilla
1031 780 1121 821 vita
1150 782 1216 830 17,
1247 783 1296 829 4,
1338 779 1472 821 Annii
1503 779 1654 822 Severi
1688 778 1778 822 filia
1807 780 1861 833 cf.
1893 779 1977 822 ibd.
2010 782 2047 829 6,
2078 783 2118 821 4.

397 849 532 892 Filios
563 849 671 891 duos
702 847 864 902 habuit,
898 847 1018 889 illum
1049 846 1330 902 consularem,
1364 848 1439 903 qui
1470 862 1568 889 oum
1597 848 1689 903 ipso
1720 846 1945 902 Augustus
1975 846 2119 903 appel·

395 917 507 960 latus
539 924 614 972 est,
647 924 690 959 et
718 915 850 958 filiam
881 916 1093 957 Maeciam
1122 915 1395 970 Faustinam,
1433 930 1544 972 quae
1570 921 1707 972 nupta
1736 923 1801 958 est
1829 916 1952 958 Iunio
1982 914 2119 957 Balbo

396 987 486 1028 vita
511 990 550 1035 4,
577 989 621 1029 2.

479 1053 807 1108 Chronoloqiam
823 1067 862 1094 a.
874 1055 961 1095 238
974 1051 1263 1112 incredibilem
1282 1052 1329 1094 in
1347 1052 1515 1094 modum
1531 1052 1751 1106 confusam
1767 1051 1883 1106 apud
1895 1052 2121 1107 scriptores

393 1136 657 1165 nummorum
678 1135 728 1163 cx
745 1120 827 1175 fide
838 1121 1008 1175 primus
1029 1120 1238 1174 disposuit
1256 1119 1416 1162 Eclchel
1446 1120 1542 1163 VII
1549 1135 1596 1174 p.
1618 1123 1716 1164 293.
1758 1120 1954 1162 Virorum
1983 1120 2120 1179 docto-

396 1205 492 1232 rum
529 1190 899 1239 ratiocinationes,
941 1189 1091 1246 quibus
1121 1191 1274 1242 postea
1311 1203 1443 1243 reqna
1482 1188 1740 1239 Maximini,
1789 1180 2118 1239 Gordianorum,

397 1259 583 1313 Pupieni
621 1261 661 1300 et
693 1257 877 1299 Balbini
913 1270 1042 1310 usque
1083 1256 1140 1298 ad
1188 1256 1275 1298 dies
1314 1260 1573 1311 computasse
1611 1257 1696 1299 sibi
1729 1257 1811 1299 visi
1847 1260 1944 1299 sunt
1983 1269 2121 1299 omnes

397 1327 564 1369 omnino
605 1326 723 1368 haud
759 1326 896 1381 firmis
933 1325 1191 1380 arqumentis
1229 1325 1318 1375 usi,
1364 1326 1608 1367 examinare
1645 1325 1722 1367 hoc
1760 1325 1849 1367 loco
1885 1338 1970 1367 non
2012 1324 2119 1367 licet.

396 1395 516 1438 Haec
545 1395 634 1448 fere
663 1397 772 1444 sunt,
805 1408 911 1447 quae
932 1393 1219 1447 probabiliter
1248 1393 1298 1435 de
1326 1393 1498 1435 illorum
1526 1394 1717 1447 imperiis
1747 1392 1832 1435 dici
1856 1396 2054 1447 possunt:

485 1463 755 1505 Maximinus
792 1462 927 1504 medio
970 1463 1060 1516 fere
1099 1475 1237 1504 mense
1277 1462 1450 1505 Martio
1491 1477 1532 1504 a.
1561 1465 1647 1506 235
1687 1462 1909 1516 imperium
1948 1462 2123 1518 adeptus
2154 1513 2157 1514 ⁷

395 1535 455 1574 est
485 1530 557 1585 (ef.
598 1530 808 1584 Boquesi
847 1544 939 1584 opp.
968 1529 1057 1572 III
1086 1531 1179 1579 445,
1220 1529 1262 1571 V
1281 1529 1404 1584 486),·
1443 1543 1641 1585 rcqnasse
1671 1533 1754 1573 tres
1785 1543 1919 1572 annos
1947 1528 2123 1586 ([Vict.]

393 1599 581 1653 Epitom.
602 1601 671 1650 25,
701 1599 853 1643 Ioann.
875 1598 1073 1640 Antioch.
1102 1598 1168 1642 M.
1192 1598 1272 1640 IV
1286 1599 1344 1652 fr.
1366 1602 1459 1650 146,
1489 1599 2009 1653 Eusebius-Hieronymus
2028 1601 2121 1655 etc.)

394 1667 459 1709 vel
491 1668 689 1709 ‘triennio
720 1673 762 1709 et
791 1668 939 1723 paucis
965 1666 1131 1708 diebus'
1160 1666 1342 1720 Eutrop.
1365 1670 1403 1717 9,
1426 1671 1452 1709 1
1473 1667 1668 1721 plerique
1697 1670 1818 1710 testes
1847 1668 2119 1709 consentiunt.

397 1735 558 1788 Quibus
598 1735 846 1777 conveniunt
878 1749 985 1788 quae
1024 1734 1300 1777 Herodianus
1338 1735 1364 1779 l.
1398 1735 1521 1777 VIII
1555 1735 1604 1777 de
1642 1735 1868 1789 Aquileiae
1908 1735 2122 1778 obsidione

395 1804 597 1857 optimum·
628 1806 840 1845 auctorem
869 1806 1033 1845 secutus
1063 1803 1157 1856 fuse
1187 1804 1417 1854 enarravit,
1449 1804 1504 1857 cf.
1535 1804 1731 1857 inprimis
1755 1806 1796 1854 8,
1817 1807 1856 1854 4,
1877 1807 1910 1847 2
1937 1807 2029 1847 τῶν,
2045 1805 2120 1861 γὰρ

398 1872 689 1928 ὑπερκειμένων
717 1873 820 1929 ὀρῶν
850 1872 920 1918 τὰς
951 1870 1101 1914 δι’ὅλου
1132 1876 1200 1914 τοῦ
1230 1876 1428 1928 χειμῶνος
1456 1872 1646 1929 παγείσας
1671 1873 1808 1929 χίονας
1836 1872 1986 1915 λόουσα
2005 1874 2031 1929 ἡ
2052 1875 2121 1915 τοῦ

399 1939 509 1986 ἔτους
549 1942 635 1996 ὥρα
675 1940 914 1997 παμμεγέθη
950 1941 1014 1982 τὸν
1050 1942 1289 1996 χειμάρρουν
1321 1941 1521 1997 εἰργάζετο
1551 1943 1649 1992 κτλ.,
1689 1940 1800 1982 unde
1830 1940 2122 1983 Maximinum

397 2008 565 2050 ineunte
603 2022 696 2050 vere
727 2022 766 2050 a.
798 2010 884 2051 238
925 2007 983 2050 ad
1018 2008 1165 2050 urbem
1195 2007 1440 2061 Aquileiam
1470 2009 1691 2050 accessisse
1721 2011 1912 2063 apparet.
1969 2009 2122 2062 Itaque

398 2077 556 2119 occisus
589 2079 650 2118 est
678 2077 753 2118 sub
783 2077 909 2131 finem
938 2076 1091 2118 mensis
1124 2076 1285 2118 Martii
1312 2076 1375 2118 vel
1394 2076 1531 2130 paulo
1552 2079 1667 2130 post.
2048 2110 2050 2112 .

483 2144 646 2187 Seditio
676 2143 987 2198 Africanorum
1027 2147 1123 2186 orta
1161 2147 1222 2186 est
1260 2147 1360 2186 teste
1390 2144 1636 2187 Herodiano
1668 2147 1707 2195 7,
1736 2148 1776 2195 4,
1807 2148 1834 2186 1
1874 2148 2122 2203 συμπληρου-

397 2213 517 2270 μένης
546 2214 657 2271 αὐτῷ
682 2214 756 2267 (=
776 2212 1001 2271 Μαξιμίνῳ)
1030 2217 1202 2270 τριετοῦς
1233 2214 1432 2270 βασιλείας
1461 2213 1508 2255 id
1536 2216 1597 2255 est
1628 2219 1743 2255 ‘eum
1772 2214 1923 2255 tertius
1949 2215 2120 2270 imperii

397 2295 535 2322 annus
557 2280 611 2322 ad
631 2281 760 2323 finem
781 2287 1053 2335 verteretur’,
1083 2295 1169 2323 non
1189 2284 1237 2323 ut
1257 2281 1429 2335 quidam
1449 2295 1679 2335 perperam
1707 2282 1976 2336 interpretati
2002 2285 2122 2325 sunt:

400 2355 641 2405 ‘postquam
662 2350 815 2391 tertius
837 2364 975 2391 annus
996 2348 1214 2405 perfectus
1246 2356 1341 2393 est‘.
1385 2349 1459 2391 Ex
1483 2350 1538 2391 iis
1566 2352 1704 2392 autem
1724 2364 1831 2404 quae
1851 2350 1901 2392 de
1923 2351 2121 2405 temporis

395 2418 534 2471 spatio
572 2418 741 2472 imperii
773 2417 1091 2460 Gordianorum
1119 2418 1262 2472 patris
1296 2418 1456 2472 filiique
1496 2417 1747 2469 traduntur,
1787 2421 1950 2460 tantum
1987 2419 2120 2474 respi-

397 2486 546 2528 cienda
574 2489 672 2528 sunt
701 2486 939 2528 testimonia
968 2486 1167 2528 Zonarae
1198 2489 1267 2536 12,
1298 2489 1365 2537 17,
1396 2487 1471 2540 qui
1499 2486 1635 2528 XXII
1670 2486 1761 2528 dies
1791 2487 1846 2529 iis
1875 2487 2046 2538 tribuit,
2081 2490 2122 2530 et

397 2553 734 2609 Chronoqraphi,
767 2555 840 2608 qui
868 2554 960 2596 dies
985 2554 1089 2596 XX.
1147 2554 1447 2609 Reqnaverunt
1477 2555 1609 2609 iqitur
1628 2569 1712 2609 per
1742 2557 1826 2597 tres
1853 2555 1941 2609 fere
1969 2554 2120 2598 hebdo-

396 2621 548 2664 madas
575 2622 638 2664 vel
667 2636 805 2664 mense
833 2622 1078 2665 Februario
1107 2622 1170 2664 vel
1199 2623 1275 2664 sub
1305 2623 1475 2664 initium
1502 2623 1657 2665 mensis
1687 2622 1850 2665 Martii
1877 2637 1918 2665 a.
1938 2626 2038 2666 238.

483 2689 587 2732 Post
614 2704 754 2732 necem
782 2690 1098 2733 Gordianorum
1128 2690 1346 2744 Pupienus
1382 2693 1421 2732 et
1448 2690 1663 2733 Balbinus
1691 2690 1879 2745 Auqusti
1915 2691 2122 2746 appellati

397 2760 505 2808 sunt,
543 2757 790 2800 Gordianus
817 2772 945 2813 nepos
974 2758 1135 2801 Caesar
1163 2761 1444 2813 nuncupatus.
1494 2758 1551 2801 Id
1579 2759 1690 2812 quod
1717 2760 1879 2813 factum
1908 2772 1993 2802 esse
2022 2762 2120 2803 ante

397 2839 576 2867 mensem
596 2826 791 2880 Aprilem
820 2828 1008 2880 sequitur
1038 2841 1088 2870 ex
1114 2827 1182 2877 iis,
1212 2840 1318 2881 quae
1348 2826 1397 2869 de
1428 2826 1642 2869 obsidione
1662 2826 1887 2881 Aquileiae
1912 2830 2118 2871 constant.

400 2893 548 2935 Mense
599 2893 724 2936 Maio
770 2898 854 2936 tres
894 2895 1168 2949 imperatores
1210 2894 1374 2936 Romae
1418 2895 1548 2948 fuisse
1591 2895 1815 2950 confirmat
1858 2898 1886 2939 t.
1929 2896 2120 2938 urbanus

399 2961 467 3003 VI
479 2963 560 3003 816
580 2962 749 3015 positus
772 2963 834 3005 VI
854 2963 912 3005 id.
934 2963 1084 3018 Maias,
1114 2963 1190 3005 ubi
1207 2965 1463 3005 memoratur
1483 2962 1657 3017 Auggg.
1677 2962 1859 3005 libertus
1879 2962 1951 3018 (=
1970 2962 2119 3018 Anqu-

398 3032 557 3071 storum
596 3030 746 3080 trium,
786 3031 925 3073 minus
964 3031 1128 3085 quidem
1170 3033 1386 3085 accurate,
1426 3030 1501 3073 sed
1538 3030 1618 3073 levi
1655 3031 1826 3085 errore).
1877 3030 2119 3085 Interfectis

399 3100 537 3139 autem
576 3097 768 3151 Pupieno
808 3102 847 3140 et
879 3098 1069 3141 Balbino
1105 3098 1373 3142 Gordianum
1410 3098 1649 3153 Auqustum
1689 3099 1948 3153 appellatum
1984 3099 2118 3142 solwm

398 3165 608 3219 imperare
648 3167 827 3219 coepisse
868 3170 965 3209 ante
1002 3180 1180 3209 mensem
1209 3166 1493 3220 Septembrem
1522 3180 1614 3208 cum
1642 3168 1805 3209 nummi
1831 3166 2120 3210 Alexandrini

398 3234 617 3287 septimum
649 3247 803 3275 annum
831 3235 1067 3277 indicantes
1098 3234 1284 3284 doceant,
1317 3237 1404 3276 tum
1430 3237 1527 3276 ante
1557 3234 1596 3276 cl.
1622 3237 1682 3278 23
1710 3250 1764 3279 φη.
1785 3235 1906 3278 Iunii
1932 3235 2119 3289 sequitwr

400 3314 450 3343 ex
493 3301 613 3343 titulo
659 3301 820 3344 Norico
863 3302 906 3345 V
929 3305 1043 3346 4820
1086 3303 1141 3356 cf.
1176 3317 1226 3357 p.
1260 3305 1369 3345 1118
1398 3302 1542 3356 posito
1581 3302 1691 3345 VIII
1730 3302 1817 3345 kal.
1857 3302 2003 3359 Iulias,
2042 3302 2120 3345 ubi

399 3368 660 3424 Aug(ustus)
700 3370 882 3425 n(oster)
921 3371 1145 3413 invenitur.
1213 3370 1321 3412 Dies
1361 3370 1694 3424 LXXXXVIH
1724 3370 1884 3414 duobus
1912 3370 2119 3427 Auqustis
