2202 3730
80 334 321 370 GERVIDIA
939 331 1023 374 339
1683 336 1890 373 CESTIVS

161 466 233 515 28,
264 467 302 515 6,
332 467 399 515 38,
429 468 478 516 3,
526 465 757 509 Cervidius
800 466 1010 510 Scaevola
1049 466 1176 509 index
1213 467 1516 518 Florentinus,
1556 466 1720 522 Diyest.
1751 470 1823 517 27,
1852 470 1891 517 1,

162 536 229 583 13,
250 537 304 584 2;
332 537 399 584 40,
421 536 460 584 5,
483 537 549 584 50,
582 538 760 577 ceterum
792 534 1014 579 Scaevola.

246 599 487 658 Imperator
508 603 568 644 M.
591 602 794 645 Aurelius
825 604 869 644 in
900 604 994 645 iure
1021 604 1321 646 constituendo
1353 619 1402 646 eo
1433 604 1667 660 praecipue
1694 619 1798 645 usus
1829 609 1894 645 est

162 670 234 712 vit.
267 670 417 712 Marci
444 675 510 721 11,
542 675 608 713 10.
660 672 868 726 Magister
898 672 1098 728 Septimii
1129 673 1279 715 Severi
1311 679 1353 715 et
1384 673 1612 728 Papiniani
1637 673 1709 715 vit.
1737 672 1890 716 Carae.

161 740 202 788 8,
234 741 298 780 3.>
344 740 445 781 Iure
490 738 714 782 consultus
760 739 1021 782 clarissimus
1064 740 1332 783 Modestinus
1373 740 1537 795 Diyest.
1577 743 1649 791 27,
1680 744 1718 794 1,
1751 743 1816 792 13,
1846 743 1891 790 2,

162 821 318 861 magno
350 808 523 862 ingenio
555 808 609 849 de
639 809 732 850 iure
762 816 910 864 aperto
943 809 1167 865 respondit
1201 808 1496 864 Tryphoninus
1526 809 1611 851 ibd.
1641 812 1708 859 35,
1731 812 1769 859 1,
1796 812 1891 853 109.

166 875 352 932 Scripsit
380 876 662 930 Digestorum
691 875 719 918 l.
749 877 857 929 XL,
889 878 1191 933 quaestionum
1218 877 1245 919 l.
1276 877 1388 929 XX,
1420 890 1724 933 responsorum
1753 876 1782 919 l.
1813 877 1889 931 VI,

163 943 411 998 regularum
442 944 467 985 l.
497 945 574 997 IV,
606 944 660 986 de
691 946 943 1001 quaestione
981 945 1171 987 familiae
1209 945 1236 989 l.
1274 944 1535 999 singularem
1575 945 1702 988 index
1739 945 1893 996 Flor.,·

163 1019 388 1068 praeterea
424 1019 718 1055 memorantur
755 1013 866 1055 liber
904 1013 1137 1068 singularis
1175 1015 1475 1070 quaestionum
1514 1013 1690 1069 publice
1734 1021 1890 1056 tracta-

164 1086 326 1134 tarum,
369 1088 495 1124 notae
535 1081 590 1123 ad
629 1081 786 1124 Iuliani
826 1082 1009 1137 Digesta
1049 1090 1092 1125 et
1127 1082 1183 1124 ad
1222 1082 1415 1124 Marcelli
1446 1083 1631 1137 Digesta
1661 1083 1715 1136 cf.
1747 1082 1889 1132 Lenel,

164 1148 464 1203 Palinyenesia
483 1150 545 1192 II
551 1164 601 1204 p.
623 1153 708 1193 215
721 1164 820 1205 sqq„
850 1149 1248 1202 Teuffel-Schwabe,
1278 1150 1522 1193 Gesehichte
1542 1151 1617 1194 der
1638 1150 1892 1193 Ro'misehen

165 1217 388 1259 Literatur
416 1218 448 1272 5
478 1221 560 1261 369
572 1219 602 1259 ⁵.

94 1309 151 1315 —
194 1292 348 1327 ΑΤΤΙΑ
380 1292 623 1328 CERVIDIA
652 1293 884 1331 VESTINA.

79 1354 163 1396 566
193 1353 378 1396 Cervius
408 1356 542 1397 iratus
569 1355 685 1410 leges
707 1357 932 1398 minitatur
957 1363 1000 1398 et
1023 1370 1176 1398 urna-m
1196 1356 1352 1400 Horat.
1372 1359 1453 1399 sat.
1474 1360 1518 1407 2,
1538 1360 1576 1406 1,
1599 1359 1657 1399 47
1664 1369 1677 1407 ;
1707 1355 1892 1399 Cervius

167 1422 372 1465 *Ascanii
402 1422 582 1466 libertus
607 1423 893 1466 calumniator
913 1425 1133 1466 accusavit
1153 1423 1232 1466 Cn.
1256 1424 1488 1467 Calvinum
1509 1423 1734 1477 (consulem
1755 1439 1794 1466 a.
1812 1427 1892 1466 701

163 1493 212 1532 ut
238 1490 418 1546 videtur)
448 1491 543 1546 lege
573 1491 628 1533 de
657 1493 822 1533 sicariis
852 1491 978 1534 schol.
1012 1491 1244 1546 Cruquian.
1281 1516 1339 1522 —
1377 1492 1582 1535 Diversus
1619 1496 1680 1534 est
1709 1491 1892 1535 Cervius

161 1560 330 1601 vicinus
360 1559 531 1602 Horatii
560 1563 642 1605 sat.
670 1563 713 1611 2,
746 1563 784 1610 6,
815 1564 881 1602 77.

81 1628 163 1669 567
196 1626 392 1683 Gerulus,
423 1627 604 1670 libertus
630 1629 861 1685 praedives
882 1630 1118 1683 ingenuum
1141 1643 1187 1670 se
1207 1636 1249 1671 et
1268 1628 1504 1671 Lachetem
1526 1636 1688 1671 mutato
1718 1630 1891 1670 nomine

165 1689 308 1753 coepit
336 1695 462 1751 ferre,
495 1697 549 1738 de
579 1712 662 1754 quo
695 1698 858 1739 iocatus
890 1704 955 1739 est
979 1697 1271 1753 Vespasianus
1293 1697 1465 1740 Sueten.
1493 1697 1737 1751 Vespasian.
1764 1700 1834 1742 23.

81 1765 162 1807 568
194 1771 236 1807 C.
269 1771 549 1807 CERVONIVS
587 1772 764 1820 PAPVS,
807 1765 958 1807 consul
999 1780 1111 1807 anno
1152 1767 1236 1808 243
1277 1780 1369 1807 cum
1413 1766 1462 1809 L.
1495 1765 1640 1807 Annio
1680 1765 1891 1820 Arriano,

162 1833 296 1888 plena
323 1834 498 1876 nomina
527 1834 693 1876 exhibet
721 1834 822 1888 dipl.
852 1834 939 1879 mil.
970 1834 1059 1876 III
1078 1837 1150 1884 52,
1181 1837 1361 1876 ceterum
1395 1835 1537 1890 Papus
1565 1834 1685 1887 fasti.

95 1927 152 1932 —
194 1902 261 1945 Ti.
293 1902 502 1945 Claudius
533 1902 744 1944 Proculus
775 1902 1063 1958 Ceryllianus.

96 1992 152 1999 —
194 1970 360 2013 Fabius
389 1970 676 2027 CeryllianuS.

95 2063 152 2068 —
194 2045 376 2080 AELIVS
408 2045 763 2081 CESETTIANVS.

96 2132 150 2136 —
194 2140 205 2149 .
222 2139 233 2149 .
251 2139 262 2149 .
282 2107 669 2162 [POJMPONIANVS
691 2113 950 2150 SECVNDVS
972 2114 1013 2151 P.
1032 2113 1155 2149 CEST
1172 2139 1296 2150 .....
1312 2113 1391 2149 IVS
1413 2113 1615 2149 PRISCVS
1637 2113 1890 2149 DVCENIVS

167 2182 439 2219 PROCVLVS.

97 2269 152 2273 —
200 2277 323 2287 .....
355 2244 560 2297 Quintius
592 2243 820 2286 Cestianus
850 2244 1074 2285 Ducenius
1106 2242 1329 2285 Proculus.

82 2313 167 2354 569
198 2319 239 2354 C.
262 2318 478 2366 CESTIVS,
510 2312 561 2354 L.
583 2312 625 2365 f.‚
658 2311 775 2354 tribu
797 2311 920 2361 Pob.,
952 2311 1091 2367 epu10‚
1123 2318 1308 2367 praetor,
1331 2310 1535 2353 tribunus
1562 2310 1711 2367 plebis,
1735 2311 1894 2353 VIIvir

169 2380 401 2437 epulonum
433 2380 502 2422 VI
523 2383 630 2422 1374
660 2383 688 2422 t.
716 2380 974 2422 monumenti
999 2379 1141 2422 Cestii.
1192 2379 1249 2421 In
1277 2379 1475 2421 honorem
1506 2378 1550 2421 C.
1582 2377 1712 2421 Cestii
1736 2378 1894 2420 mortui

167 2450 266 2491 item
304 2449 456 2503 scripti
493 2451 591 2490 sunt
623 2447 739 2489 tituli
768 2448 848 2489 duo
880 2448 948 2490 VI
970 2450 1089 2497 1375,
1128 2447 1238 2489 unde
1275 2450 1457 2501 apparet
1486 2461 1577 2489 eum
1606 2450 1703 2489 asnte
1737 2462 1777 2491 a.
1810 2449 1894 2489 742

169 2537 224 2551 z
253 2520 312 2560 12
342 2531 382 2559 a.
411 2516 457 2560 C.
486 2519 696 2558 mortuum
726 2529 829 2566 esse,
863 2530 955 2558 eum
983 2516 1095 2558 inter
1123 2515 1293 2557 heredes
1322 2516 1411 2557 eius
1439 2518 1544 2557 esset
1574 2515 1640 2557 M.
1671 2515 1894 2569 Agrippa·

168 2585 219 2628 L.
252 2584 422 2628 Cestius
450 2584 585 2627 frater
616 2584 664 2627 C.
698 2584 814 2627 Cesti
845 2584 931 2626 ibd.
972 2609 1022 2614 —
1066 2583 1184 2626 Num
1213 2584 1323 2625 idem
1350 2584 1406 2625 sit
1437 2583 1484 2627 C.
1517 2583 1689 2626 Cestius
1719 2589 1894 2638 praetor

169 2669 208 2696 a.
239 2655 321 2696 710
351 2674 407 2688 Ξ
437 2654 504 2706 44,
548 2654 622 2709 qui
662 2654 931 2709 provinciam
970 2651 1024 2694 ab
1064 2651 1255 2694 Antonio
1296 2651 1484 2693 oblatam
1524 2652 1769 2708 repudiavit
1805 2650 1891 2693 Cic.

169 2721 362 2775 Philipp.
386 2724 427 2771 3,
457 2725 527 2770 26,
568 2721 742 2762 dubium
779 2720 956 2771 videtur,
996 2720 1107 2774 quod
1142 2719 1306 2762 Cestius
1334 2719 1508 2773 quidam
1547 2720 1674 2761 etiam
1714 2720 1760 2761 in
1791 2733 1892 2773 pro-

167 2790 337 2843 scriptis
368 2790 455 2843 fuit
482 2790 673 2843 Appian.
707 2788 798 2831 bell.
831 2789 906 2832 civ.
937 2792 977 2838 4,
1008 2791 1078 2831 26.
1112 2813 1163 2817 -
1202 2787 1323 2841 Quod
1360 2788 1406 2829 in
1440 2791 1468 2830 t.
1498 2787 1729 2841 sepulcrali
1764 2787 1895 2830 Cestii

168 2857 450 2900 sacerdotium
480 2858 544 2899 bis
574 2858 831 2907 enuntiatur,
853 2857 959 2898 mihi
977 2856 1074 2898 inde
1094 2855 1389 2910 explicandum
1407 2856 1584 2906 videtur,
1615 2856 1727 2909 quod
1745 2857 1894 2910 priore

170 2925 258 2968 loco
287 2926 543 2980 coynominis
571 2926 712 2967 instar
740 2925 903 2967 nomini
931 2924 1153 2974 adhaeret,
1191 2927 1240 2966 ut
1278 2924 1419 2966 eadem
1459 2925 1625 2966 ratione
1657 2938 1743 2966 non
1772 2923 1894 2965 semel

173 3000 343 3048 ‘augur‘
376 2994 439 3036 vel
472 2994 698 3049 ‘pontifex‘
722 2994 903 3047 ponitur
940 2990 1013 3046 (cf.
1042 2992 1309 3046 Calpurnios‚
1348 2991 1580 3046 Cornelios)
1613 2991 1895 3034 distinctionis

168 3075 300 3104 causa
328 3062 543 3104 hominum
572 3062 859 3116 coynominum
891 3060 1074 3103 eiusdem
1103 3060 1270 3102 aetatis.

84 3131 168 3174 570
199 3137 243 3173 L.
265 3136 481 3172 CESTIVS.
527 3130 584 3172 In
602 3130 785 3171 nummis
806 3130 948 3171 aureis
977 3129 1088 3171 cusis
1118 3129 1234 3170 circa
1258 3128 1383 3183 finem
1404 3129 1509 3171 anni
1529 3132 1609 3171 710
1628 3148 1685 3163 -—-
1704 3131 1758 3170 44
1779 3141 1807 3169 a
1829 3126 1896 3171 C..-

170 3199 220 3242 L.
253 3198 424 3241 Cestius
466 3197 515 3241 C.
552 3197 820 3252 Norban(us)
862 3197 1120 3254 pr(aet0res)
1164 3197 1375 3251 s(enatus)
1415 3197 1647 3251 c(onsulto)
1687 3195 1894 3245 Babelon,

175 3266 404 3308 Monnaies
425 3266 474 3308 de
495 3265 539 3307 la
559 3265 822 3319 Republique
841 3265 1052 3307 Romaine
1071 3265 1105 3306 I
1118 3278 1167 3318 p.
1187 3267 1268 3306 340
1292 3265 1348 3319 cf.
1371 3265 1620 3315 Mommsen,
1651 3263 1895 3306 Romisches

172 3335 442 3377 Mu'nzwesen
463 3348 511 3387 p.
533 3335 630 3375 652.
661 3335 753 3376 658,
787 3336 877 3374 741.
911 3358 963 3363 -
994 3331 1114 3374 Idem
1142 3331 1307 3373 mdetur
1334 3333 1386 3376 L.
1419 3332 1588 3375 Cestius
1618 3333 1669 3374 L.
1704 3331 1730 3374 f.
1762 3331 1895 3373 frater

172 3402 222 3445 C.
249 3401 382 3444 Cestii
412 3401 549 3453 (cuius
576 3404 882 3443 monumentum
922 3402 1054 3455 eoetat)
1086 3399 1153 3442 VI
1174 3402 1294 3442 1375.
1326 3426 1379 3432 —
1422 3400 1494 3443 Vel
1531 3401 1642 3443 idem
1678 3399 1742 3441 vel
1779 3399 1895 3453 filius

1551 3468 1622 3503 22*
