2202 3730
291 292 591 328 CASOELLIVS
1144 283 1228 325 308
1815 290 2083 327 CASPERIVS

459 420 721 462 Praenomcn
742 419 887 473 patris
908 418 1056 472 periit,
1088 418 1204 460 tribu
1235 419 1399 473 Sergia.
1430 443 1480 449 -
1520 419 1712 474 [11]11vir
1741 422 1909 463 viarum
1940 436 2089 464 cur-an-

374 489 537 542 darum,
560 487 759 530 tribunus
780 486 965 528 militum
990 485 1170 541 legionis
1192 487 1313 539 VIII,
1344 486 1588 543 [qu]aestor‚
1615 495 1798 544 praetor,
1833 489 2089 545 [praefectus

371 556 588 610 fru]menti
628 545 780 608 dandi,
825 553 1068 610 [proconsul
1108 550 1372 610 erovinciae
1411 555 1597 598 Siciliae.
1639 581 1692 587 --
1733 556 1863 599 Versu
1907 560 2088 600 coetremo

377 656 498 666 .....
528 635 553 664 1.
586 635 728 665 DELA'r.
759 634 848 665 nnc.
885 634 934 663 ΕΤ
972 633 1119 664 POPVLI
1157 622 1291 665 honor
1329 623 1501 677 quidam
1539 624 1810 678 municipalis
1849 625 1889 667 ei
1927 624 2090 667 delatus

371 691 534 732 videtur
562 693 815 732 memoratus
846 703 943 732 esse.

287 759 370 800 388
402 758 648 812 Cascellius,
680 758 872 799 medicus
904 757 1104 800 Martial.
1126 761 1192 808 10,
1214 760 1279 808 56,
1303 761 1341 802 3.

288 826 372 868 389
401 834 446 868 A.
481 833 780 868 CASCELLIVS
823 829 1081 868 memoratur
1109 829 1157 868 ut
1186 826 1303 868 testis
1331 829 1502 872 senatus
1531 827 1713 869 consulti
1741 827 1790 870 de
1817 827 1988 883 Oropiis
2016 828 2091 870 In-

373 895 620 948 scriptiones
647 894 855 936 Graeciae
884 886 1225 948 septentrionalis
1253 894 1288 936 I
1308 897 1401 936 413.

457 961 511 1006 A.
534 961 771 1004 Cascellius
797 962 877 1012 tit„
908 961 1180 1016 Pomponius,
1213 961 1435 1015 Horatius,
1469 966 1647 1005 ceterum
1677 963 1925 1008 Cascellius.
1970 963 2024 1006 A.
2045 964 2089 1014 f.,

374 1030 493 1072 tribu
514 1029 699 1072 Romilia
729 1031 793 1072 tit.
818 1032 870 1060 —'-
891 1031 995 1072 Fuit
1018 1031 1290 1086 quaestorius
1320 1045 1401 1072 nec
1430 1030 1544 1073 ultra
1574 1031 1782 1087 proficere
1811 1031 1961 1086 voluit,
1994 1046 2091 1073 cum

374 1097 432 1139 illi
466 1099 595 1139 etiam
619 1098 846 1153 Augustus
878 1097 1150 1140 consulatum
1182 1098 1354 1140 offerret
1375 1098 1634 1153 Pomponius
1652 1099 1817 1154 Diyest.
1837 1103 1876 1150 1,
1897 1102 1941 1151 2,
1961 1103 2005 1150 2,
2025 1103 2092 1143 45.

376 1167 581 1219 Quaestor
609 1170 717 1208 certe
747 1170 843 1209 ante
874 1181 1032 1208 annum
1062 1169 1142 1210 681
1173 1186 1228 1201 =
1256 1170 1309 1208 73
1340 1181 1380 1208 a.
1413 1165 1471 1217 0.,
1512 1181 1591 1221 quo
1629 1181 1741 1210 anno
1780 1169 1896 1210 testis
1924 1171 2094 1210 senatus

375 1235 555 1276 consulti
574 1235 671 1288 fuit.
718 1235 862 1278 Senex
885 1242 928 1277 et
949 1235 1081 1278 orbus
1103 1235 1368 1290 temporibus
1389 1236 1664 1277 triumvirum
1694 1235 1888 1278 Valerius
1908 1236 2091 1278 Maxim.

375 1306 412 1353 6,
434 1307 477 1353 2,
500 1306 569 1345 12.
619 1303 675 1344 In
703 1303 807 1344 vivis
837 1317 928 1345 eum
957 1303 1100 1356 fuisse,
1133 1316 1225 1344 cum
1245 1302 1455 1344 Horatius
1488 1303 1538 1345 de
1568 1306 1659 1346 arte
1681 1304 1852 1357 poetica
1879 1304 2090 1355 scriberet,

375 1385 426 1412 cx
453 1384 573 1413 versu
592 1374 672 1414 371
697 1378 792 1412 ‘nec
823 1372 905 1413 scit
935 1377 1146 1427 quantum
1167 1370 1402 1413 Cascellius
1428 1370 1584 1413 Aulus’
1602 1385 1880 1426 ,nequaquam
1909 1375 2093 1414 statuere

374 1453 534 1481 necesse
564 1442 634 1481 est.

460 1507 682 1550 Volcatius
713 1506 971 1549 Cascellium
1004 1508 1069 1549 ius
1100 1506 1230 1548 civile
1259 1507 1406 1549 docuit
1436 1507 1555 1551 Plin.
1587 1521 1628 1551 n.
1649 1507 1690 1549 h.
1711 1510 1750 1558 8,
1773 1511 1876 1560 144;
1910 1507 1979 1550 ιΑ.
2012 1507 2093 1551 Ca·

377 1574 546 1617 scellius
568 1575 755 1627 Quintus
777 1575 947 1617 Mucius
969 1574 1174 1617 Volusius
1196 1574 1383 1617 auditor’
1407 1578 1600 1630 corrupte
1621 1575 1808 1617 traditur
1838 1575 1954 1631 apud
1971 1575 2094 1618 Pom-

372 1643 551 1697 ponium
582 1643 606 1685 l.
641 1643 667 1686 l.
699 1643 753 1696 cf.
786 1643 927 1685 adnot.
956 1643 1222 1693 Mommseni,
1254 1644 1328 1696 qui
1357 1644 1532 1686 coniecit
1555 1643 1722 1696 ‘Quinti
1744 1644 1860 1685 Muci
1883 1644 2094 1686 auditoris

377 1711 570 1753 Volcacii
616 1711 827 1765 auditor‘3
873 1711 1061 1767 denique
1106 1712 1150 1752 in
1197 1710 1312 1753 illius
1352 1711 1558 1754 honorem
1602 1718 1855 1754 testamento
1900 1712 2094 1754 Mucium

299 1812 301 1814 .
376 1779 575 1835 nepotem
607 1780 698 1821 eius
728 1779 903 1835 reliquit
938 1778 1142 1820 heredem
1172 1779 1258 1822 ibd.
1319 1780 1419 1821 Iure
1450 1780 1671 1822 consultus
1703 1780 1964 1822 clarissimus
1993 1779 2094 1830 ibd„

380 1846 518 1891 Valer.
542 1847 742 1898 Maxim„
774 1847 930 1891 Horat.
959 1847 985 1891 l.
1008 1847 1048 1897 l.,
1080 1847 1295 1889 Ammian.
1320 1851 1389 1898 30,
1410 1851 1449 1898 4,
1471 1851 1541 1891 12.
1588 1847 1786 1891 Cascellii
1818 1849 1979 1905 scripta
2007 1862 2094 1890 non

313 1961 316 1964 ,
377 1921 527 1957 extant
567 1915 649 1956 nisi
690 1930 803 1957 unus
842 1914 954 1957 liber
994 1915 1105 1957 bene
1143 1915 1357 1957 dictorum
1398 1915 1657 1971 Pomponius
1687 1916 1713 1960 l.
1746 1916 1771 1959 l.
1832 1916 1963 1958 Dicta
2001 1916 2095 1957 eius

377 1983 626 2035 Quintilian.
649 1983 827 2027 institut.
850 1986 887 2033 6,
909 1986 947 2033 3,
969 1986 1028 2025 87
1054 2003 1109 2018 =
1142 1984 1338 2026 Macrob.
1370 1987 1450 2026 sat.
1473 1988 1515 2034 2,
1539 1987 1577 2035 6,
1598 1988 1624 2026 1
1654 1987 1694 2026 ct
1721 1984 1806 2027 ibd.
1838 1985 1870 2039 §³
1899 1988 1942 2028 2.
2003 1983 2095 2027 Sub

376 2052 614 2098 triumviris
638 2050 836 2107 compelli
856 2063 942 2093 non
963 2052 1116 2107 potuit,
1150 2058 1198 2093 ut
1217 2051 1271 2093 de
1291 2051 1437 2108 aliqua
1458 2067 1602 2094 earum
1625 2067 1783 2103 rerum,
1815 2067 1922 2108 quas
1949 2053 2094 2094 trium·
2158 2087 2166 2100 ,

376 2119 459 2160 viri
489 2118 706 2172 dederant,
739 2119 966 2162 formulam
990 2126 1267 2197 componeret
1292 2120 1430 2163 Valer.
1454 2120 1579 2162 Max.
1602 2120 1628 2163 l.
1652 2120 1678 2162 l.
1701 2121 1774 2175 (cf.
1800 2121 1995 2162 Macrob.
2018 2120 2044 2162 l.
2068 2119 2094 2162 l.

305 2241 309 2246 ·
379 2188 488 2229 iure
518 2187 738 2230 consultus
769 2188 1026 2230 urbanitatis
1056 2189 1190 2230 mirae
1219 2187 1568 2245 libertatisque).
1620 2188 1852 2243 Perperam
1881 2203 1932 2231 ex
1958 2188 2096 2230 verbis

368 2242 542 2305 Valerii
562 2256 753 2297 Maximi
779 2256 888 2298 iuris
909 2257 1050 2310 periti
1068 2256 1250 2310 qui,dam
1281 2256 1412 2299 veluti
1431 2257 1654 2308 Karlowa,
1678 2256 1904 2299 Ro'mische
1923 2255 2096 2299 Rechts-

371 2323 602 2377 ycschichtc
628 2324 662 2365 I
677 2338 721 2377 p.
741 2326 826 2365 487
853 2327 1001 2366 contra
1032 2324 1309 2379 Pomponium
1349 2328 1588 2367 statuerunt
1628 2312 1877 2368 Cascellium
1916 2327 2096 2379 tempore

372 2392 734 2461 proscriptionum
756 2394 974 2446 praetoris
1004 2392 1137 2435 locum
1168 2394 1408 2444 obtinuisse,
1430 2407 1522 2435 cum
1553 2393 1767 2436 Valerium
1791 2406 1876 2435 non
1895 2391 1945 2435 de
1965 2406 2096 2447 prae-

290 2493 292 2495 .
376 2462 477 2510 tore,
520 2460 593 2513 qui
631 2458 839 2514 formulas
878 2460 1022 2511 dabat,
1062 2461 1136 2503 secl
1171 2461 1220 2504 cle
1259 2461 1424 2504 homine
1455 2463 1642 2516 privato,
1681 2462 1756 2516 qui
1789 2460 2096 2504 consulentibus

375 2529 656 2581 componebat,
700 2542 823 2583 ayere
852 2529 1125 2582 manifestum
1153 2530 1221 2572 sit.
1255 2530 1608 2572 —sMemoratur
1630 2529 1797 2584 pluries
1831 2529 1879 2571 in
1908 2527 2097 2583 Diqestis

377 2610 404 2636 a
433 2596 631 2638 Iavoleno
662 2599 702 2639 et
737 2597 923 2651 leiano
954 2597 1007 2651 cf.
1039 2597 1181 2648 Lenel,
1212 2597 1513 2653 Palinyenesia
1541 2598 1577 2640 I
1589 2612 1637 2652 p.
1661 2601 1752 2640 107.
1952 2592 1955 2594 ’

304 2687 362 2692 -
402 2670 454 2706 Μ.
487 2670 737 2707 ANTONIVS
771 2672 1086 2710 CASCELLIVS.
1514 2697 1516 2699 -
2019 2684 2024 2687 “

295 2731 378 2773 390
409 2737 654 2774 GASCONIA
685 2739 1028 2789 MARCELLINA,
1039 2733 1300 2776 clarissima
1330 2732 1502 2788 femina,
1536 2747 1649 2790 quae
1668 2733 1782 2775 vixit
1802 2733 1925 2774 annis
1945 2732 2095 2782 LVH;

377 2798 587 2841 Casconia
616 2800 869 2843 Marcellina
902 2801 1011 2856 filia,
1056 2801 1293 2844 clarissima
1321 2800 1493 2853 femina,
1524 2803 1668 2857 posuit
1697 2802 1737 2843 ei
1766 2803 1794 2847 t.
1823 2800 2097 2855 sepulcralem

377 2867 466 2909 III
486 2870 594 2910 1986
625 2869 680 2921 cf.
712 2869 800 2911 III
823 2869 870 2912 S.
899 2871 1015 2912 8572
1045 2869 1357 2913 Salonitanum.

307 2958 365 2963 --
409 2941 484 2978 CN.
516 2942 695 2977 PEDIVS
728 2943 925 2979 CASGVS.

307 3027 365 3032 —
409 3002 461 3054 Q.
495 3003 689 3058 Fab[ius]
721 3003 942 3060 Caspe...
973 3005 1037 3047 vel
1066 3004 1263 3061 Carpe..

294 3070 371 3112 391
408 3070 652 3126 Casperius,
692 3074 885 3114 centurio
916 3088 1029 3115 anno
1060 3074 1111 3115 51
1145 3072 1225 3114 sub
1256 3071 1403 3116 Caelio
1435 3071 1629 3114 Pollione
1672 3072 1889 3128 praefecto
1920 3070 2095 3114 castello

381 3139 564 3181 Gorneis
595 3139 638 3180 in
669 3139 874 3182 Armenia
904 3147 1103 3197 praeerat
1137 3141 1235 3184 Tac.
1269 3155 1309 3183 a.
1336 3144 1406 3191 12,
1427 3143 1493 3183 45.
1503 3144 1591 3192 4,·6
1621 3155 1732 3183 anno
1763 3141 1818 3183 62
1849 3155 1875 3182 a
1903 3139 2096 3182 Domitio

382 3205 628 3248 Corbulone
651 3207 703 3248 ad
726 3207 1010 3263 Vologaesem
1031 3222 1178 3263 regem
1197 3208 1383 3251 Nisibim
1403 3208 1571 3263 legatus
1597 3209 1751 3250 missus
1775 3214 1840 3250 est
1863 3207 1948 3250 ibcl.
1969 3210 2035 3258 15,
2055 3208 2095 3249 5.

295 3272 378 3315 392
411 3271 642 3329 Casperius
672 3273 891 3331 Aelianus,
931 3276 1174 3333 praefectus
1206 3277 1419 3334 praetorio
1451 3276 1533 3319 sub
1564 3276 1812 3319 Domitiano
1843 3275 2095 3318 Philostrat.

379 3342 451 3383 vit.
472 3341 693 3396 Apollonii
718 3343 847 3398 Tyan.
872 3348 908 3395 7,
931 3348 1089 3388 16—20.
1109 3348 1184 3388 22.
1207 3348 1279 3388 32.
1299 3348 1368 3396 40,
1399 3343 1489 3387 Dio
1509 3347 1574 3395 68,
1592 3346 1642 3396 3,·
1672 3344 1812 3387 denuo
1835 3343 1916 3387 sub
1935 3343 2093 3398 Nerva,
