2202 3730
256 327 535 366 CORNELIVS
1115 316 1199 358 454
1776 324 2057 381 CORNELIVS

259 461 370 502 1132
402 463 478 499 CN.
512 458 791 497 CORNELIVS
822 457 1085 493 LENTVLVS
1116 457 1297 505 AVGVR,
1330 452 1479 494 consul
1510 467 1621 494 anno
1654 454 1736 496 740
1767 474 1822 489 =
1854 455 1908 496 14
1937 470 1974 496 a.
2007 453 2056 497 O.

342 540 438 566 eum
468 524 526 566 M.
561 522 727 563 Licinio
761 520 929 561 Crasso.
991 520 1144 561 Tituli:
1175 520 1356 573 epistula
1389 521 1478 562 eius
1508 521 1567 562 ad
1597 521 1787 575 Nysaeos
1817 522 1921 564 data
1947 521 2058 564 GIG

340 595 453 635 2943
484 590 554 645 (1),
584 590 841 630 memoratur
870 587 916 627 in
947 587 1053 628 actis
1082 586 1310 628 Arvalium
1341 587 1409 629 VI
1425 590 1542 631 2023
1572 587 1647 642 (2),
1679 589 1725 630 in
1756 592 1783 631 t.
1815 589 2059 632 libertorwm

342 660 420 702 IX
445 661 555 700 3099
591 656 662 710 (3).

429 739 483 780 In
505 735 747 778 consulatu:
768 734 847 777 Cn.
870 733 1081 777 Lentulus
1102 734 1257 788 Augur
1273 735 1593 777 Monumentum
1607 736 1767 791 Ancyr.
1786 737 1858 779 lat.
1874 740 1914 788 3,
1936 741 2061 780 23:

339 819 478 861 yraec.
499 807 538 855 8,
560 807 632 854 20,
666 803 744 847 Cn.
777 802 1003 846 Cornelius
1029 802 1244 844 Lentulus
1273 802 1361 844 Dio
1393 803 1480 845 ind.
1513 803 1539 845 l.
1570 806 1635 854 54,
1667 804 1761 860 C[n.
1785 805 2058 860 Oo]rn[elius]

342 875 449 928 fasti
476 874 626 914 minor.
659 871 781 913 VIII
801 870 902 913 CIL
933 872 987 913 12
1011 886 1058 925 p.
1081 874 1146 921 65,
1179 871 1259 914 Cn.
1281 871 1508 914 Cornelius
1535 871 1624 914 Dio
1647 875 1712 923 54,
1735 876 1816 925 24,·
1846 873 1925 918 Cn.
1949 874 2059 916 Len-

345 942 458 984 tulus
478 941 512 983 I
524 942 616 982 745.
650 943 729 981 797
750 941 811 994 (in
839 940 1004 981 tesseris
1030 939 1333 995 ylacliatoriis),
1366 939 1434 982 VI
1445 943 1599 991 23532,
1630 940 1678 982 Χ
1694 943 1788 985 885.
1820 944 1916 986 886.
1944 945 2058 992 1938,

345 1009 606 1059 Cassiodor.;
637 1008 792 1062 Augur
825 1007 1202 1061 Chronoyraphus,
1236 1011 1415 1050 ceterum
1444 1008 1656 1050 Lentulus
1686 1010 1804 1063 fasti.
1838 1035 1888 1040 —-
1922 1012 2063 1057 Γναῖος

343 1078 513 1124 Λέντλος
544 1076 699 1134 Αὔγουρ
733 1079 760 1117 t.
792 1080 835 1126 1,
880 1075 973 1130 [Cn.
1006 1075 1249 1130 Corneliu]s
1280 1076 1491 1119 Lentulus
1522 1077 1675 1131 Augur
1705 1081 1732 1120 t.
1765 1081 1796 1120 2
1826 1078 1925 1133 (Cn.
1956 1078 2061 1121 Cor-

347 1146 504 1199 nelius)
525 1145 738 1186 Lentulus
760 1145 917 1198 Augur
938 1147 964 1186 t.
986 1147 1036 1195 3;
1061 1143 1139 1188 Cn.
1162 1143 1374 1186 Lentulus
1395 1144 1550 1199 Augur
1571 1145 1732 1188 Seneca
1752 1146 1801 1188 de
1823 1147 1911 1188 ben.
1932 1149 1975 1197 2,
1991 1150 2061 1197 27,

344 1214 515 1256 Sueton.
543 1213 684 1256 Tiber.
706 1216 770 1263 49,
798 1212 1008 1254 Lentulus
1031 1211 1184 1266 Augur
1211 1212 1458 1255 Tertullian.
1482 1213 1531 1255 de
1543 1213 1683 1267 pallio
1704 1215 1747 1265 4,
1778 1214 1934 1269 Augur
1953 1215 2063 1256 Len-

345 1282 456 1323 tulus
488 1282 587 1324 Tac.
611 1296 650 1323 a.
671 1285 709 1331 3,
730 1283 798 1323 59.

432 1360 657 1415 Augurem
678 1360 787 1402 hunc
806 1374 948 1402 verum
969 1374 1190 1414 coynomen
1207 1361 1382 1414 yessisse
1407 1361 1523 1403 docet
1552 1361 1698 1403 titulus
1713 1376 1902 1415 yraecus,
1924 1377 2064 1418 sump-

347 1434 433 1472 tum
452 1434 500 1472 ut
518 1430 682 1472 videtur
703 1444 753 1471 eoe
771 1429 1005 1471 sacerdotio
1026 1443 1106 1482 quo
1128 1432 1303 1471 ornatus
1322 1433 1428 1480 erat,
1451 1429 1733 1472 distinctionis
1753 1444 1896 1473 causa.
1935 1430 2066 1473 Recte

348 1503 485 1541 autem
511 1499 618 1540 vidit
639 1497 882 1552 Nipperdey
912 1497 970 1539 ad
1003 1497 1101 1541 Tac.
1124 1512 1164 1539 a.
1188 1501 1225 1547 1,
1248 1500 1306 1540 27
1338 1499 1526 1540 omnibus
1558 1498 1671 1549 locis,
1703 1499 1852 1552 quibus
1879 1502 1988 1541 certe
2017 1499 2065 1541 de

345 1570 489 1610 nostro
503 1567 682 1609 Lentulo
699 1567 853 1621 aqitur,
870 1579 1031 1619 semper
1048 1565 1239 1607 additum
1255 1579 1341 1608 esse
1354 1566 1464 1608 illud
1479 1580 1713 1621 coynomen,
1729 1571 1777 1609 ut
1793 1567 2064 1621 distinyuere-

348 1639 417 1677 tur
439 1649 466 1676 a
482 1633 555 1678 On.
576 1634 769 1677 Cornelio
789 1634 969 1676 Lentulo
990 1633 1160 1687 aequali
1179 1648 1258 1676 cos.
1279 1649 1317 1678 a.
1337 1637 1390 1676 18
1408 1649 1446 1676 a.
1472 1634 1518 1677 G.
1558 1634 1674 1677 Nam
1690 1635 1801 1689 quod
1816 1635 2063 1685 Mommsen,

347 1704 434 1745 Res
460 1706 602 1757 yestae
623 1703 710 1744 divi
726 1702 837 1756 Auy.
859 1716 908 1756 p.
932 1705 1012 1743 131
1040 1702 1135 1745 adn.
1160 1706 1307 1744 contra
1336 1704 1490 1744 nititur
1509 1704 1564 1745 iis
1596 1703 1708 1754 locis,
1741 1704 1891 1757 quibus
1910 1704 2068 1758 Augur

347 1786 393 1814 re
418 1786 518 1813 vera
540 1771 661 1821 deest,
695 1784 832 1812 omnes
854 1770 912 1812 acl
930 1784 1058 1811 unum
1089 1774 1185 1812 sunt
1216 1771 1458 1813 consulatus
1486 1771 1776 1822 indicationes,
1805 1772 1882 1814 ubi
1908 1786 1992 1814 non
2021 1772 2069 1814 id

349 1840 503 1894 ayitur,
524 1843 571 1881 ut
592 1838 750 1893 sz'nyuliT
769 1838 955 1880 consules
975 1852 1101 1892 quam
1122 1840 1438 1881 accuratissime
1458 1840 1759 1894 siynifieentur,
1787 1840 1860 1882 secl
1879 1840 2065 1891 idunum,

347 1912 395 1950 ut
415 1922 550 1950 annus
571 1907 685 1949 clare
708 1907 956 1962 desiynetur.
1010 1906 1141 1949 Cuius
1160 1908 1225 1949 rei
1245 1921 1374 1949 causa
1397 1922 1488 1949 cum
1507 1908 1693 1950 homines
1716 1909 1869 1950 aetatis
1884 1908 2071 1963 Auqusti
2145 1898 2149 1902 ⁵

356 1977 457 2018 bina
476 1977 649 2018 nomina
660 1989 819 2029 ponere
839 1976 945 2017 satis
965 1975 1118 2017 habere
1140 1977 1436 2026 consueverint,
1457 1990 1543 2018 non
1561 1977 1715 2018 mirum
1736 1980 1795 2018 est
1817 1990 1973 2019 annum
1990 1981 2069 2019 740

347 2045 594 2098 plerumque
632 2044 849 2098 desiynari
878 2058 960 2098 per
991 2044 1055 2085 M.
1086 2042 1287 2085 Crassum
1317 2043 1396 2099 (vel
1428 2044 1494 2086 M.
1526 2045 1755 2099 Moluium)
1787 2048 1825 2086 et
1852 2044 1928 2089 Cn.
1959 2046 2069 2088 Len-

353 2113 484 2154 tulum
514 2113 592 2168 (vel
619 2112 695 2154 Cn.
725 2111 980 2166 Cornelium)
1012 2113 1209 2155 consules.
1268 2113 1357 2155 Nec
1389 2114 1527 2155 minus
1555 2117 1664 2156 recte
1693 2114 1936 2169 Nipperdey
1967 2114 1993 2156 l.
2015 2114 2068 2164 l„

350 2195 604 2235 quamquam
634 2182 673 2221 ei
702 2180 946 2222 adversatus
976 2183 1036 2222 est
1061 2180 1114 2223 G.
1137 2181 1300 2235 Zippel,
1333 2181 1399 2223 die
1429 2183 1599 2236 Losuny
1630 2182 1703 2224 der
1734 2182 2071 2224 consulari-scheri

352 2248 616 2291 Proconsuln
659 2249 928 2303 Koniysbery
968 2251 1077 2291 1883
1111 2264 1159 2303 p.
1195 2253 1233 2299 9,
1280 2249 1419 2291 docuit
1463 2250 1630 2291 diversa
1680 2249 1843 2292 tradita
1891 2263 1976 2292 esse
2001 2249 2070 2291 -de

354 2317 428 2360 Cn.
460 2318 638 2360 Lentulo
668 2330 748 2361 cos.
781 2332 820 2359 a.
852 2319 908 2359 18
938 2331 978 2359 a.
1007 2316 1052 2360 O.
1085 2320 1123 2359 et
1152 2317 1331 2360 Lentulo
1359 2318 1535 2372 Auyure
1566 2331 1645 2360 cos.
1678 2332 1718 2360 a.
1741 2322 1794 2360 14
1825 2333 1864 2362 a.
1893 2317 1939 2361 G.

439 2398 518 2440 Cn.
549 2398 577 2441 f.
610 2401 637 2441 t.
660 2401 703 2447 2,
735 2396 823 2439 Dio
843 2397 930 2441 ind.
954 2397 980 2440 l.
1002 2400 1067 2440 54.
1091 2422 1142 2426 -—
1167 2397 1330 2439 Consul
1361 2413 1398 2439 a.
1422 2398 1504 2440 740
1526 2417 1580 2431 Ξ
1602 2399 1657 2440 14
1676 2413 1714 2441 a.
1737 2397 1785 2441 C.
1806 2398 1925 2451 fasti.
1965 2397 2070 2439 Pro-

353 2466 502 2508 consul
523 2466 656 2508 Asiae
687 2482 724 2507 a.
749 2466 830 2508 753
862 2486 916 2500 z
943 2467 962 2507 1
998 2482 1035 2509 a.
1057 2465 1106 2508 O.
1138 2465 1207 2507 die
1233 2466 1366 2507 XVII
1397 2468 1521 2523 μηνὸς
1550 2467 1722 2519 Δαισίου,
1756 2465 1800 2507 id
1830 2473 1894 2507 est
1923 2480 2070 2507 mense

352 2536 468 2577 Maio
500 2537 676 2576 ineunte
707 2535 778 2589 (cf.
800 2534 953 2584 Idelcr,
982 2533 1260 2588 Chronoloyie
1283 2534 1317 2576 I
1330 2549 1377 2588 p,
1400 2533 1498 2589 419)
1525 2535 1747 2590 rescripsit
1766 2534 1948 2590 Nysaeis
1981 2537 2008 2575 t.
2030 2536 2068 2583 1,

351 2604 433 2645 fuit
463 2617 563 2657 ergo
593 2602 824 2658 proconsul
854 2617 966 2644 anno
998 2602 1293 2658 proconsulari
1319 2602 1502 2645 752l753
1520 2623 1573 2637 Ξ
1599 2604 1663 2645 2s1
1689 2618 1726 2644 a.
1750 2602 1798 2645 C.
1830 2605 1929 2653 (non
1959 2615 2070 2643 anno

351 2671 548 2720 753s'754,
588 2674 635 2712 ut
663 2670 776 2724 falso
807 2671 957 2712 statuit
986 2670 1293 2725 Waddinyton,
1324 2670 1479 2712 Fastes
1507 2685 1548 2714 n.
1571 2670 1651 2725 61).
1677 2663 1697 2697 ·'
1712 2671 1764 2712 In
1794 2676 1946 2712 senatu
1975 2684 2070 2711 sen·
2152 2663 2154 2668 ¹

354 2742 532 2782 tentiam
553 2740 664 2782 dixit
685 2755 796 2781 anno
820 2742 873 2781 22
897 2740 993 2782 Tac.
1013 2754 1052 2781 a.
1073 2742 1112 2789 3,
1128 2742 1195 2793 59,
1217 2754 1330 2781 anno
1352 2740 1514 2780 incerto
1542 2738 1788 2782 Ter-tullian.
1812 2738 1860 2780 de
1871 2737 2013 2792 pallio
2032 2740 2070 2779 4.

355 2809 619 2850 Divitiarum
651 2809 885 2849 maximum
914 2808 1170 2863 exemplum,
1203 2814 1434 2863 antequam
1465 2807 1583 2849 illum
1615 2807 1807 2849 libertini
1838 2820 2069 2863 pauperem

356 2875 568 2929 facerent3
600 2876 761 2930 ingenii
782 2876 863 2917 fuit
883 2875 1052 2930 sterilis,
1080 2882 1166 2917 tam
1196 2875 1341 2932 pusilli
1373 2877 1457 2917 oris
1484 2890 1615 2931 quam
1645 2876 1800 2929 animit,
1832 2889 1928 2916 eum
1960 2880 2072 2916 esset

356 2945 645 2998 avarissimus,
679 2959 876 2986 nummos
906 2945 1030 2986 eitius
1063 2944 1284 2986 emittebat
1314 2958 1443 3000 quam
1473 2944 1630 2986 verba:
1671 2950 1792 2985 tanta
1829 2942 1890 2984 illi
1925 2942 2072 2998 inopia

356 3018 447 3054 erat
476 3014 684 3054 sermonis
717 3013 877 3055 Seneca
908 3013 955 3054 de
987 3013 1075 3055 ben.
1106 3017 1148 3062 2,
1180 3016 1251 3056 27.
1307 3011 1417 3055 Cum
1448 3014 1486 3053 ei
1517 3027 1671 3054 census
1702 3012 1916 3053 maximus
1945 3017 2068 3064 esset,

355 3087 473 3122 metu
503 3088 545 3122 et
574 3095 735 3135 angore
764 3081 819 3122 ad
851 3081 1069 3123 fastidium
1100 3081 1214 3122 vitae
1244 3096 1270 3122 a
1300 3081 1473 3123 Tiberio
1513 3087 1655 3134 aetus,
1698 3086 1746 3122 ut
1783 3094 1838 3121 ne
1867 3093 1951 3135 quo
1987 3079 2070 3120 nisi

356 3149 448 3203 ipso
488 3148 645 3190 herede
684 3156 922 3191 moreretur
954 3149 1124 3192 Sueten.
1162 3149 1298 3191 Tiber.
1329 3152 1394 3191 49.
1434 3174 1491 3178 —-
1529 3148 1737 3203 Magister
1775 3147 1958 3189 fratrum
1988 3146 2068 3189 Ar-

356 3215 521 3258 valium
552 3219 578 3258 t.
610 3219 652 3266 2,
684 3230 834 3270 augur.
2017 3213 2020 3217 ¹

276 3294 384 3337 1133
416 3296 735 3350 (CORNELIVS)
749 3303 1009 3337 LENTVLVS
1028 3302 1287 3339 CETHEGVS
1302 3299 1558 3337 memoratur
1573 3296 1618 3337 in
1634 3298 1661 3339 t.
1673 3295 1852 3336 nutricis
1870 3293 1935 3336 VI
1944 3296 2068 3344 6072,

357 3364 504 3417 infans
533 3367 580 3405 ut
609 3364 772 3405 videtur
801 3368 1003 3406 mortuus.
