2176 3750
247 320 491 356 ALBVCIVS
508 361 511 363 ,
1125 315 1179 357 46
1740 319 2054 357 ALEXANDER

248 450 332 493 354
361 449 585 505 Albucius,
621 449 820 492 ‘Canidia
850 449 1007 492 Albuci
1040 450 1196 506 quibus
1227 457 1292 492 est
1322 451 1496 492 inimica
1528 458 1760 493 venenum’
1786 450 1940 493 Horat.
1972 454 2052 494 sat.

333 522 376 569 2,
408 523 446 568 1,
478 522 555 569 463,-
595 518 663 559 hic
696 519 806 559 enim
839 533 1006 559 veneno
1037 533 1215 560 uxorem
1247 534 1365 560 suam
1398 519 1556 560 dicitur
1586 521 1815 574 peremisse
1847 519 2053 574 Porphyr.

336 588 414 629 Vix
430 590 537 628 reete
547 586 788 640 Porphyrio
803 586 974 628 eundem
990 589 1209 640 esseputat
1219 586 1449 628 Albucium
1465 602 1607 628 senem
1618 587 1772 631 Horat.
1783 591 1865 629 sat.
1877 591 1920 637 2,
1933 592 1975 636 2,
1988 590 2054 629 67.

249 656 331 697 355
364 654 413 698 C.
456 653 665 695 Albucius
706 653 822 696 Silus
863 655 1142 709 (praenomen
1179 655 1292 697 solus
1330 655 1512 697 servavit
1553 655 1800 705 Suetonius,
1841 655 2055 698 Albucius

336 722 451 764 Silus
491 722 554 763 vel
587 721 797 764 Albucius
838 726 1047 778 ceterum),
1090 722 1234 765 rhetor
1273 729 1412 764 aetate
1449 722 1650 776 Augusti.
1709 723 1847 765 Vitam
1886 724 2058 777 scripsit

337 790 562 832 Suetonius
593 790 641 832 de
668 791 771 832 rhet.
802 794 841 835 8.
901 791 1180 833 Novaricnsis
1202 791 1318 834 Suet.
1351 789 1464 843 (inde
1489 792 1771 846 Hieronymus
1801 791 1886 835 chr.
1913 791 1982 835 ad.
2015 806 2054 836 a.

335 858 442 901 Abr.
474 861 602 914 2011)
648 859 691 899 in
736 860 875 914 patria
918 858 1137 901 aedilitate
1180 859 1353 900 functus
1392 859 1573 902 Romam
1616 873 1662 900 se
1701 858 1881 901 contulit
1926 866 1968 901 et
2012 860 2057 901 in

338 927 406 979 (L.
429 927 631 980 Munatii)
655 926 805 975 Planci
832 929 1013 974 oratoris
1035 927 1363 969 contubernium
1386 934 1582 983 receptus
1607 934 1683 969 est.
1733 928 1916 983 Propria
1936 927 2054 969 audi-

338 995 447 1036 toria
478 996 684 1049 instituit,
727 995 800 1037 ubi
842 995 1112 1039 declamavit.
1171 996 1276 1050 Egit
1305 1002 1347 1037 et
1375 1010 1526 1037 causas
1558 1010 1708 1037 verum
1740 996 1900 1050 rarius,
1941 995 2057 1052 apud

335 1064 386 1107 L.
428 1064 629 1105 Pisonem
669 1064 967 1119 proconsulem
1009 1064 1106 1119 (cos.
1147 1079 1186 1106 a.
1221 1067 1299 1106 739
1340 1084 1394 1098 z
1432 1067 1485 1106 15
1515 1078 1555 1106 a.
1585 1063 1649 1120 C.)
1690 1063 1884 1106 defendit
1920 1078 2055 1107 reum.

338 1131 492 1173 Senior
532 1132 764 1173 Novariam
805 1131 933 1174 rediit
974 1132 1119 1188 ibiqu'e
1160 1132 1304 1174 inedia
1343 1147 1388 1174 sc
1429 1131 1646 1173 interfecit
1686 1132 1802 1175 Suet.
1861 1131 1930 1175 De
1969 1133 2058 1174 eins

331 1215 480 1255 yenere
511 1200 678 1242 dicendi
707 1199 1053 1254 declamandiquc
1083 1200 1272 1254 disputat
1300 1200 1462 1243 Seneca
1492 1203 1622 1242 contr.
1657 1203 1685 1242 7
1703 1200 1848 1254 praef.
1877 1203 1980 1251 1-9,
2012 1202 2058 1242 in

336 1270 523 1325 primum
545 1268 881 1310 declamatorum
909 1268 1148 1310 tetradeum
1180 1269 1410 1322 (Latronis,
1443 1269 1588 1322 Fusci,
1622 1267 1791 1322 Albuci,
1819 1267 2055 1322 Gallionis)

336 1338 521 1391 refertur
551 1337 604 1379 ab
636 1336 776 1379 eodem
803 1339 933 1379 contr.
953 1340 1007 1379 10
1027 1337 1173 1391 praef.
1195 1340 1265 1380 12.
1322 1336 1586 1387 Sententiae,
1625 1336 1803 1386 colores,
1836 1337 2058 1385 divisiones

338 1406 505 1460 passim
534 1405 650 1459 apud
670 1405 871 1448 Senecam
899 1405 962 1449 rh.
995 1406 1049 1459 cf.
1079 1405 1259 1448 indicem
1280 1405 1547 1459 Kiesslinyii.
1598 1405 1695 1450 Non
1726 1405 1933 1448 obscurus
1962 1419 2058 1461 pro-

337 1474 474 1516 fessor
513 1482 643 1529 atque
682 1480 835 1516 auctor
873 1473 1079 1515 landatur
1113 1488 1141 1515 a
1176 1473 1440 1527 Quintiliano
1472 1474 1568 1516 inst.
1590 1476 1634 1523 2,
1666 1476 1730 1523 15,
1763 1476 1818 1515 36
1827 1486 1840 1524 ,·
1868 1476 1912 1524 3,
1938 1477 1978 1523 3,
2009 1477 2060 1524 4,-

335 1545 374 1592 3,
397 1546 435 1593 6,
457 1546 527 1593 62,
555 1542 664 1584 unde
695 1556 786 1595 eam
817 1542 866 1585 de
895 1545 987 1584 arte
1016 1542 1231 1584 rhetorica
1261 1542 1478 1597 scripsisse
1508 1545 1699 1596 apparet.

366 1617 409 1652 L.
441 1616 694 1652 ANTONIVS
725 1617 900 1652 ALBVS.

365 1685 558 1727 MARCIA
591 1685 810 1720 CLAVDIA
841 1685 991 1727 ALCIA
1021 1685 1274 1721 ATHENAIS
1306 1684 1515 1720 GAVIDIA
1546 1684 1791 1720 LATIARIS.

366 1754 604 1789 VIBVLLIA
633 1753 785 1789 ALCIA
814 1753 1098 1789 AGRIPPINA.

367 1816 415 1858 P.
445 1815 596 1858 Aelius
626 1815 887 1860 Alcibiades,

268 1909 320 1914 -
367 1883 416 1929 C.
447 1883 593 1926 Attius
623 1883 819 1926 Alcimus
848 1883 1106 1926 Felicianus.

250 1954 334 1996 356
363 1952 583 2006 Alcinous,
614 1953 775 1994 stoicus
805 1952 1014 1994 Philostr.
1045 1966 1081 1994 v.
1112 1951 1228 2006 soph.
1251 1966 1299 2006 p.
1320 1955 1420 2006 226,
1444 1955 1473 1994 3
1494 1951 1553 1994 K.

252 2021 334 2065 357
366 2020 485 2075 Alco,
518 2020 711 2062 medicus
741 2020 970 2063 vulnerum
1001 2026 1141 2062 aetate
1172 2019 1344 2063 Claudii
1365 2020 1485 2062 Ptin.
1517 2034 1557 2062 n.
1588 2020 1629 2062 h.
1655 2023 1726 2070 29,
1748 2023 1822 2070 22,
1857 2018 2057 2062 Martial.

336 2093 374 2141 6,
399 2094 463 2141 70,
486 2093 512 2132 6
522 2103 535 2142 ,·
564 2093 628 2140 11,
650 2092 716 2140 84,
738 2092 788 2141 5;
814 2089 923 2132 idem
953 2093 1014 2132 est
1044 2088 1224 2132 Ἀλκύων
1255 2090 1275 2131 ὁ
1307 2089 1437 2146 ἰατρός
1466 2088 1630 2143 Ioseph.
1663 2091 1748 2132 ant.
1779 2091 1846 2138 19,
1868 2091 1906 2138 1,
1927 2089 2000 2130 20.
2038 2113 2040 2115 -

268 2184 319 2188 --
364 2166 405 2202 Ρ.
436 2165 684 2200 DELPHIVS
716 2164 1031 2199 PEREGRINVS
1062 2164 1244 2199 ALEIVS
1271 2163 1525 2199 ALENNIVS
1558 2162 1817 2198 MARIANVS
1850 2161 2059 2197 CVRTIVS

338 2233 658 2270 VALERIANVS
690 2232 946 2268 PROCVLVS
977 2233 1029 2268 M.
1060 2232 1244 2268 NONIVS
1275 2232 1545 2268 MVOIANVS.

253 2295 335 2337 358
365 2302 410 2339 L.
442 2294 693 2348 ALE(IVS‘?)
731 2288 986 2349 V[E]R(VS),
1032 2308 1144 2335 unus
1183 2308 1238 2334 ex
1276 2293 1423 2349 pueris
1453 2293 1677 2334 senatoriis
1708 2292 1783 2348 qui
1823 2289 2060 2333 Arvalibus

336 2364 637 2405 ministrarunt
667 2378 704 2407 a.
726 2364 805 2405 241
840 2362 908 2405 VI
929 2365 1053 2412 2114,
1082 2365 1159 2413 17,
1186 2368 1286 2402 ALE
1309 2388 1319 2398 -
1340 2367 1429 2403 VIR
1457 2361 1505 2403 in
1534 2360 1687 2415 lapide,
1714 2360 1895 2414 fortasse
1926 2358 2058 2413 leyen-

338 2432 437 2474 dnm
467 2434 527 2474 est
555 2432 787 2485 ALF(IVS).

270 2526 321 2530 —
368 2501 416 2542 P.
447 2499 586 2542 Alfius
618 2498 828 2541 Alennius
858 2499 1075 2541 Maximus
1107 2497 1283 2540 Curtius
1312 2497 1582 2540 Valerianus.

270 2594 321 2598 -—
367 2575 408 2612 P.
440 2574 687 2610 DELPHIVS
729 2573 1046 2609 PEREGRINVS
1076 2573 1255 2608 ALFIVS
1292 2572 1546 2608 ALENNIVS
1586 2571 1817 2607 MAXIMVS
1849 2570 2058 2606 CVRTIVS

339 2642 659 2678 VALERIANVS
690 2642 947 2678 PROOVLVS
978 2642 1030 2679 M.
1061 2641 1246 2677 NONIVS
1277 2640 1547 2676 MVGIANVS.

253 2704 337 2747 359
366 2710 698 2758 ALEXANDER,
739 2704 797 2746 Μ.
829 2703 1007 2746 Antonii
1040 2710 1082 2746 et
1113 2702 1366 2759 Cleopatrae
1395 2702 1509 2744 filius
1540 2702 1631 2743 Liv.
1654 2716 1748 2755 per.
1780 2704 1885 2754 132,
1925 2700 2060 2742 frater

254 2762 256 2765 ‚
339 2774 535 2827 geminus
566 2773 819 2828 Cleopatrae
849 2773 1038 2827 minoris,
1070 2773 1394 2826 cognominatus
1419 2768 1559 2816 ‘'Hnoc
1587 2769 1707 2812 Plut.
1738 2769 1842 2811 Ant.
1871 2772 1937 2819 36,
1969 2767 2058 2810 Dio

337 2845 405 2892 49,
426 2844 506 2892 32;
534 2844 600 2892 59,
623 2844 693 2884 21.
753 2840 969 2883 Antonius
1001 2856 1037 2884 a.
1069 2841 1151 2883 720
1181 2859 1237 2874 Ξ
1266 2840 1322 2882 34
1352 2854 1390 2882 a.
1422 2838 1470 2881 C.
1505 2852 1687 2893 regnum
1718 2837 1949 2880 Armeniae
1989 2837 2058 2878 cui

339 2909 485 2951 Media
514 2916 557 2951 et
587 2909 765 2951 Parthia
804 2909 1075 2963 accederent,
1117 2909 1427 2950 constituturus
1466 2907 1503 2948 ei
1546 2907 1778 2948 destinavit
1807 2911 1850 2947 et
1879 2906 2059 2960 Iotapen

340 2977 566 3019 Medorum
605 2978 720 3031 regis
758 2977 890 3019 filiam
921 2977 1150 3033 despondit
1179 2976 1295 3018 Plut.
1331 2975 1434 3017 Ant.
1465 2977 1540 3025 54,
1572 2974 1659 3017 Dio
1689 2977 1756 3024 49,
1787 2977 1854 3016 40.
1890 2976 1957 3015 41.
1990 2975 2056 3022 44,

340 3045 501 3088 Caesar
532 3061 629 3088 eum
659 3047 704 3087 in
735 3046 950 3102 triumpho
982 3045 1112 3091 duxit>
1137 3044 1226 3087 Dio
1255 3047 1320 3094 51,
1353 3047 1410 3087 21
1441 3043 1618 3098 (Zonar.
1654 3046 1720 3093 10,
1751 3044 1822 3098 31)
1854 3047 1896 3083 et
1930 3041 2060 3087 αὐτοῖς

339 3112 490 3166 (Iubae
520 3118 559 3156 et
586 3114 843 3168 Cleopatrae
872 3113 1043 3167 minori)
1073 3115 1138 3157 καὶ
1167 3115 1232 3156 τὸν
1265 3112 1521 3168 Ἀλέξανδρον
1554 3112 1765 3168 ἐχαρίσατο
1795 3110 1883 3153 Dio
1903 3111 1968 3159 51,
1992 3111 2057 3151 15.

275 3229 278 3230 ⁷
341 3183 564 3225 Educatus
593 3182 649 3225 ab
676 3182 860 3225 Octavia
890 3182 1009 3224 Plut.
1030 3182 1133 3224 Ant.
1155 3184 1222 3226 87.

255 3253 339 3294 360
368 3250 639 3305 Alexander,
680 3251 814 3293 frater
843 3250 1069 3292 lamblichi
1109 3249 1248 3304 reguli
1278 3248 1473 3293 Arabum
1513 3247 1567 3290 ab
1596 3246 1787 3289 Antonio
1829 3244 2057 3300 interfecti,

342 3326 438 3375 post
467 3318 626 3361 bellum
646 3318 874 3361 Actiacum
896 3334 921 3361 a
942 3318 1127 3361 Caesare
1156 3331 1289 3372 regno
1320 3322 1476 3359 exutus
1508 3322 1549 3358 et
1578 3316 1623 3358 in
1654 3313 1871 3373 triumpho
1902 3312 2057 3358 duetus

343 3388 509 3430 occisus
540 3393 604 3430 est
632 3386 719 3429 Dio
745 3388 812 3437 51,
835 3390 877 3430 2.
