2202 3730
324 311 570 347 BALBINVS
1181 304 1265 345 226
1920 311 2123 347 'BALBVS

323 985 377 1063 34

321 1871 375 1913 35

319 3184 376 3191 ——

409 441 565 483 Arrius
593 439 815 482 Balbinus.

409 515 456 550 D.
489 514 698 550 CAELIVS
732 512 980 549 CALVINVS
1010 512 1271 549 BALBINVS.

409 583 450 619 P.
482 581 691 618 COELIVS
721 581 968 616 BALBINVS
998 581 1262 617 VIBVLLIVS
1293 581 1415 617 PIVS.

410 651 456 687 D.
490 649 664 686 CVTIVS
695 648 942 684 BALBINVS
974 648 1027 684 M.
1060 648 1340 685 CORNELIVS
1372 648 1579 684 POTITVS
1610 649 1655 684 L.
1676 648 1854 685 ATTIVS
1885 649 2124 685 IVNIANVS

406 717 656 754 ROMVLVS.

407 787 451 824 L.
484 785 693 822 SAENIVS
725 777 1019 833 [BALBINVS].

407 854 452 890 L.
483 852 732 889 VALERIVS
764 852 1039 888 POPLICOLA
1068 824 1316 887 BALBINVS
1346 852 1590 889 MAXIMVS.

407 917 478 960 M'.
509 921 675 958 VIBIVS
708 920 970 958 BALBINVS.

407 983 592 1038 Balbus,
634 983 908 1037 gromaticus.
969 982 1025 1024 In
1064 980 1368 1036 subscriptione
1408 982 1512 1024 libri
1551 982 1812 1024 coloniarum
1842 982 1968 1025 codex
1995 982 2127 1026 Arce-

405 1052 557 1100 rianus
587 1050 773 1093 exhibet?
811 1050 911 1092 huic
948 1049 1171 1092 addendas
1210 1062 1432 1097 mensuras
1471 1049 1657 1092 limitum
1688 1056 1731 1092 et
1759 1051 2040 1093 terminorum
2071 1065 2127 1094 ex

406 1119 526 1161 libris
567 1119 755 1173 Augusti
797 1125 838 1160 et
877 1118 1061 1160 Neronis
1103 1108 1359 1172 Caesarum,
1411 1117 1486 1160 sed
1528 1124 1571 1159 et
1610 1117 1736 1160 Balbi
1776 1119 2008 1174 mensoris,
2050 1119 2126 1176 qui

406 1187 671 1243 temporibus
712 1186 901 1240 Augusti
942 1186 1132 1230 omnium
1170 1186 1493 1242 provinciarum
1535 1192 1577 1229 et
1614 1185 1774 1229 formas
1814 1187 2054 1229 civitatium
2083 1192 2128 1233 ,et

407 1270 630 1297 mensuras
661 1261 899 1310 compertas
931 1255 974 1295 in
1007 1255 1324 1296 commentariis
1355 1253 1536 1296 contulit
1566 1260 1609 1296 et
1637 1254 1777 1309 legem
1806 1255 2021 1309 agrariam
2050 1270 2129 1312 per

407 1323 680 1372 diversitates
710 1323 1034 1379 provinciarum
1064 1315 1270 1364 distinxit⁴
1302 1336 1354 1364 ac
1386 1321 1622 1364 declaravit
1653 1322 1871 1376 Schriften
1900 1322 1973 1365 der
1999 1323 2128 1365 romi-'-

404 1392 527 1441 seben
556 1391 818 1434 Feldmesser
848 1391 882 1433 I
905 1405 952 1444 p.
983 1393 1068 1434 239
1108 1389 1233 1442 (unde
1263 1390 1450 1444 pendent
1487 1390 1693 1433 Boethius
1731 1390 1871 1444 falsus
1898 1391 1932 1433 I
1952 1406 1999 1446 p.
2027 1395 2126 1443 402,-

408 1460 648 1504 C'assiodor.
673 1473 764 1502 var.
790 1462 829 1510 3,
849 1461 923 1515 52)
955 1459 1010 1512 cf.
1042 1473 1097 1500 ex
1126 1458 1237 1500 libro
1269 1458 1394 1501 Balbi
1424 1459 1459 1501 I
1473 1474 1522 1513 p.
1543 1461 1644 1502 225.
1674 1461 1771 1502 245.
1801 1462 1899 1503 249.
1948 1459 2128 1502 Librum

404 1530 524 1572 illum
539 1562 549 1579 ,
591 1529 709 1571 cuius
749 1531 943 1581 eoeeerpta
981 1527 1103 1569 hodie
1142 1530 1306 1581 extant,
1348 1527 1478 1570 multo
1511 1528 1789 1582 posteriorem
1828 1527 1959 1581 fuisse
1990 1530 2128 1570 aetate

404 1597 591 1652 Auyusti
621 1597 811 1650 probant
846 1596 1020 1638 nomina
1059 1596 1382 1649 imperatorum,
1423 1596 1497 1649 qui
1533 1596 1597 1638 ibi
1633 1596 1913 1646 inveniuntur,
1953 1610 2130 1650 quorum

404 1666 545 1708 ultimi
572 1668 670 1708 sunt
690 1664 756 1706 M.
777 1664 981 1706 Aurelius
1002 1667 1041 1706 et
1067 1662 1317 1706 Commodus
1335 1664 1370 1706 I
1382 1678 1430 1718 p.
1453 1667 1551 1715 236,
1573 1667 1626 1716 9,·
1654 1664 1785 1718 fuisse
1806 1667 1945 1706 autem
1956 1667 2128 1718 partem

407 1735 555 1789 operis,
569 1733 679 1787 quod
688 1733 853 1775 Balbus
870 1732 927 1787 (n.
940 1735 1009 1788 35)
1027 1735 1165 1774 aetate
1183 1732 1366 1774 Traiani
1381 1733 1630 1786 confecerat,
1647 1732 1946 1775 additamentis
1960 1732 2128 1786 quibus-

407 1802 505 1844 dam
526 1802 810 1856 posteriorum
840 1800 956 1841 aucti
983 1801 1159 1842 coniecit
1189 1800 1424 1842 Mommsen
1455 1800 1480 1842 l.
1511 1801 1537 1843 l.
1561 1816 1608 1855 p.
1630 1804 1711 1842 176
1730 1814 1814 1854 399.

405 1870 567 1912 Balbus
599 1869 675 1924 (sie
705 1868 832 1911 eodem
860 1867 1124 1910 Arcerianus
1155 1869 1207 1921 cf.
1237 1868 1509 1919 Lachmann,
1547 1869 1764 1922 Schriften
1794 1868 1868 1911 der
1894 1867 2127 1911 romiscken

405 1938 666 1981 Feldmesser
696 1937 757 1980 II
779 1951 827 1990 p.
848 1939 948 1986 133,
986 1936 1222 1979 Mommsen
1259 1936 1345 1979 ibd.
1376 1951 1431 1991 p..
1454 1939 1550 1993 146)
1591 1936 1715 1980 Celso
1756 1937 1927 1979 cuidam
1963 1936 2126 1979 librum

407 2006 644 2059 dedicavit,
686 2006 761 2060 qui
801 2005 1033 2060 inscriptus
1073 2011 1139 2046 est
1181 2005 1407 2060 ‘expositio
1439 2011 1481 2047 et
1510 2006 1617 2047 ratio
1650 2006 1840 2047 omnium
1869 2005 2121 2048 formarum²

407 2075 524 2116 cuius
563 2074 847 2127 fraymentum
886 2075 1003 2114 extat
1028 2072 1062 2114 I
1084 2087 1132 2127 p.
1164 2075 1348 2116 91-108.
1409 2072 1517 2115 Cum
1548 2072 1712 2115 Balbus
1752 2072 1808 2115 ad
1848 2073 2126 2129 scribendum

407 2142 668 2195 accessisset,
705 2141 953 2182 ‘intervenit
983 2140 1099 2182 clara
1128 2141 1403 2182 sacratissimi
1431 2142 1699 2197 imperatoris
1725 2141 1861 2186 nostri
1887 2135 2121 2197 expeditio’

404 2210 591 2266 (Dacica
624 2209 773 2263 prima
806 2209 988 2256 Traiani
1024 2212 1072 2250 ut
1109 2208 1287 2263 videtur)
1323 2208 1490 2252 Balbus
1521 2210 1667 2263 praef.
1698 2224 1747 2264 p.
1777 2212 1836 2253 92
1843 2222 1858 2261 ,·
1896 2215 2124 2266 postquam

405 2278 619 2320 maximus
657 2279 890 2333 imperator
928 2278 1112 2319 victoria
1149 2278 1332 2319 Daciam
1372 2278 1574 2332 proxime¹
1595 2278 1816 2332 reseravit,
1848 2278 1993 2320 statim
2022 2284 2071 2321 ut
2101 2292 2125 2320 e

405 2344 727 2401 septentrionali
766 2344 896 2401 plaga
934 2360 1079 2387 annua
1116 2346 1213 2386 vice
1243 2346 1426 2387 transire
1456 2346 1669 2401 permisit,
1707 2344 1869 2388 Balbus
1897 2345 1954 2388 ad.
1982 2345 2128 2388 studia

404 2429 603 2455 reversus
646 2413 802 2456 librum
850 2413 1034 2456 confecit
1067 2428 1114 2467 p.
1150 2417 1215 2457 93.
1284 2413 1397 2456 Vnde
1435 2427 1610 2460 munere,
1643 2413 1823 2468 quodam
1860 2413 2043 2456 militari
2077 2414 2125 2456 in

406 2482 662 2536 expeditione
691 2481 860 2524 Dacica
888 2482 1058 2535 functus
1089 2495 1173 2524 esse
1202 2481 1379 2524 videtur.
1440 2481 1508 2524 De
1538 2481 1648 2524 libro
1677 2482 1734 2535 cf.
1763 2481 2001 2524 Mommsen
2025 2481 2051 2527 l.
2081 2481 2122 2533 l.,

405 2550 585 2592 Hultseh
622 2551 847 2603 scriptores
885 2549 1145 2604 metroloyici
1171 2550 1234 2592 II
1255 2564 1303 2604 p.
1327 2553 1355 2592 7
1372 2563 1456 2603 sqq.
1513 2549 1650 2593 Falso
1680 2550 1822 2630 Balbo
1853 2550 2035 2593 tributus
2064 2553 2126 2592 est
2195 2544 2200 2548 ’

405 2618 568 2660 libellus
598 2618 646 2660 de
677 2631 767 2660 asse
799 2618 852 2672 cf.
879 2618 1060 2660 Hultsch
1080 2632 1128 2672 p.
1151 2621 1216 2660 14.

397 2685 677 2728 *Antoninus
706 2685 869 2728 Balbus
898 2700 936 2728 v.
966 2685 1183 2728 Antonius
1213 2685 1386 2728 Balbas.
1417 2702 1419 2704 ·

404 2760 458 2796 M.
488 2759 738 2795 ANTONIVS
769 2760 974 2796 BALBVS.

407 2828 447 2869 C.
479 2828 814 2864 ARRVNTANVS
845 2829 1051 2870 BALBVS.

407 2896 448 2934 C.
481 2896 719 2932 COCOEIVS
749 2897 955 2934 BALBVS.

407 2957 475 3002 *C.
509 2964 717 3000 COELIVS
748 2965 958 3002 BALBVS.

408 3025 632 3068 Cornelius
663 3026 837 3069 Balbus.

406 3099 447 3136 C.
481 3099 759 3150 CORNELIVS
790 3101 996 3139 BALBVS.

404 3167 644 3203 DOMITIVS
675 3169 879 3210 BALBVS.

407 3235 451 3281 Q.
482 3236 660 3272 FABIVS
691 3237 897 3274 BALBVS.

407 3303 449 3349 Q.
481 3299 730 3353 FL(AV1VS)
762 3307 965 3343 BALBVS.

320 3390 376 3395 --
405 3372 570 3411 IVLIVS
603 3374 806 3411 BALBVS.
