2202 3730
121 268 369 307 CLAVDIVS
897 319 900 322 ‚
981 266 1064 312 375
1678 273 1927 314 cLAvmvs

205 403 294 456 fere
323 404 641 459 quinquaqinta,
673 419 773 459 quos
802 407 924 460 infra
951 406 1169 463 indicavi.)
1228 407 1346 449 Nam
1374 407 1473 450 inde
1507 407 1562 450 ab
1600 408 1767 451 saeculo
1807 410 1931 451 tertio

206 474 309 525 post
341 470 559 514 Christum
588 477 736 515 natum
764 475 991 528 scriptores
1027 474 1187 517 Graeci
1215 476 1413 531 (exceptis
1443 475 1665 518 dumtaxat
1704 475 1826 528 locis,
1857 477 1933 519 ubi

208 540 494 594 antiquiorum
533 543 703 597 scriptis
741 543 811 584 usi
847 543 959 597 sunt)
993 543 1222 597 qentilicii‘s
1259 543 1551 586 Romanorum
1585 545 1653 587 uti
1688 545 1753 587 ita
1787 558 1932 601 super-

205 607 414 659 sederunt,
443 612 492 651 ut
518 610 583 653 vel
608 611 834 665 scriptores
853 611 1150 653 Romanarum
1168 626 1312 654 rerum
1330 612 1462 655 veluti
1480 612 1753 656 Herodianus
1771 627 1934 669 semper

204 677 465 730 qentilicium
499 679 726 721 omiserint.
796 680 913 732 Quae
951 693 1044 722 cum
1083 680 1145 722 ita
1191 681 1298 731 sint,
1343 695 1397 723 ne
1440 680 1563 723 libris
1599 681 1766 736 quidem
1803 697 1934 725 manu

207 746 379 799 scriptis
401 745 569 798 Gal-eni,
587 761 841 802 quamquam
851 762 1013 802 parum
1034 749 1139 790 certi
1153 748 1290 791 adhuc
1307 749 1356 791 de
1376 749 1432 791 iis
1450 750 1653 801 novimus,
1672 750 1933 825 qentilicium

209 813 298 855 eius
323 817 533 857 servatum
562 829 647 858 esse
676 815 937 858 crediderim.
994 815 1136 870 Atque
1172 816 1347 858 Iwanus
1379 816 1554 867 Mamer,
1594 818 1662 859 vir
1690 818 1737 860 in
1764 818 1936 873 scriptis

211 879 370 924 Galeni
405 884 588 926 maxime
629 887 842 935 versatus,
880 898 910 926 a
946 898 1011 926 me
1047 887 1223 939 roqatus
1265 898 1309 927 se
1349 898 1566 939 nunquam
1608 900 1740 940 neque
1779 887 1828 929 in
1870 887 1935 928 in-

207 949 509 1004 scriptionibus
532 967 662 1007 neque
685 954 734 995 in
761 953 1140 1007 subscriptionibus
1171 952 1377 995 librorum
1406 954 1495 995 eius
1524 968 1654 996 manu
1682 955 1936 1010 scriptorum

208 1016 387 1060 Claudii
419 1034 568 1063 nomen
606 1021 811 1064 invenisse
850 1023 1025 1063 testatus
1063 1024 1135 1064 est.
1195 1021 1347 1075 Itaque
1381 1021 1489 1064 nihil
1521 1022 1690 1073 dubito,
1726 1023 1828 1077 quin
1858 1022 1936 1064 hoc

207 1089 515 1130 renascentium
543 1089 704 1131 demum
730 1089 968 1132 litterarum
997 1089 1272 1143 antiquarum
1302 1093 1440 1133 aetate
1468 1090 1581 1144 falso
1608 1090 1772 1134 Galeno
1802 1091 1936 1133 tribu-

210 1157 298 1196 tum
327 1157 385 1198 sit
411 1157 496 1199 sive
527 1161 665 1200 ortum
693 1159 877 1212 fortasse
907 1172 958 1200 ex
987 1157 1242 1212 compendiis
1270 1159 1509 1213 scripturae
1536 1159 1647 1202 male
1675 1160 1824 1202 solutis
1851 1159 1936 1201 sive

210 1237 261 1265 ex
300 1223 387 1267 alio
416 1240 570 1270 errore.
635 1226 723 1270 Sed
750 1241 843 1270 eam
871 1241 960 1269 rem
995 1240 1088 1269 cum
1124 1226 1183 1268 ad
1211 1227 1338 1282 finem
1367 1227 1601 1281 perducere
1639 1231 1761 1270 extra
1799 1241 1936 1269 meam

206 1293 476 1346 provinciam
495 1295 564 1345 sit,
578 1298 889 1350 persequantur
905 1298 1000 1350 opto
1018 1294 1205 1337 homines
1230 1294 1468 1337 litterarum
1489 1295 1607 1338 illius
1622 1296 1777 1338 aetatis
1788 1296 1935 1350 periti.

209 1360 389 1403 Interim
427 1376 504 1405 cur
539 1377 689 1406 nomen
720 1378 802 1418 per
840 1363 1011 1406 saecula
1052 1362 1256 1405 traditum
1296 1364 1550 1406 auctoritate
1584 1365 1762 1419 antiqua
1793 1378 1937 1407 carere

209 1429 316 1471 mihi
342 1430 565 1482 videretur,
598 1432 676 1475 hoc
709 1432 797 1475 loco
827 1432 1064 1486 exposuisse
1097 1432 1204 1474 satis
1231 1431 1469 1474 habendum
1499 1435 1604 1479 erat.

306 1498 446 1542 Vitam
476 1500 635 1544 Galeni
662 1502 737 1556 qui
762 1502 1034 1556 scripserunt,
1067 1515 1210 1544 eorum
1238 1515 1349 1544 unus
1369 1501 1567 1544 Labbeus
1597 1501 1748 1557 diqnus
1777 1504 1839 1544 est
1866 1501 1941 1555 qui

207 1572 470 1611 memoretur.
547 1570 632 1623 Qui
668 1573 899 1624 postquam
953 1569 1094 1612 libello
1141 1570 1345 1624 inscripto
1394 1570 1501 1612 ‘vita
1544 1569 1717 1613 Claudii
1762 1569 1934 1614 Galeni'

212 1633 417 1687 (Parisiis
436 1652 476 1680 a.
494 1641 602 1681 1660
622 1638 750 1693 edito)
773 1638 884 1681 locos
901 1638 1054 1680 multos
1075 1653 1124 1681 esc
1144 1638 1268 1681 libris
1288 1637 1457 1690 Galerii,
1480 1639 1555 1693 qui
1574 1638 1633 1681 ad
1649 1639 1782 1681 vitam
1805 1638 1939 1693 ipsius

210 1707 412 1758 spectant,
443 1707 686 1761 composuit,
721 1706 856 1749 altero
885 1706 1026 1749 libello
1056 1706 1196 1749 eodem
1228 1721 1340 1749 anno
1370 1707 1480 1749 edito
1510 1707 1714 1761 inscripto
1747 1706 1936 1750 ‘Claudii

213 1772 368 1816 Galeni
398 1774 752 1831 chronologicum
783 1775 987 1830 elogium‘
1010 1776 1142 1818 vitam
1172 1790 1223 1818 ex
1253 1779 1484 1830 temporum
1514 1775 1661 1819 ordine
1690 1775 1939 1831 dispositam

211 1841 390 1885 breviter
409 1845 640 1887 enarravit.
684 1844 747 1887 Et
764 1844 874 1887 hane
894 1843 1058 1898 quidem
1078 1845 1211 1886 vitam
1224 1844 1498 1887 Ackermann
1517 1845 1564 1887 in
1583 1843 1763 1887 editione
1782 1846 1940 1898 quarta

135 1956 144 1958 s
213 1910 486 1955 bibliothecae
506 1927 688 1967 yraecae
706 1912 908 1956 Fabricii
926 1913 980 1955 ab
1005 1912 1229 1955 Harlessio
1259 1916 1411 1955 curata
1439 1912 1482 1955 V
1494 1927 1542 1968 p.
1562 1915 1646 1956 378
1663 1926 1749 1967 sqq.
1781 1912 1941 1955 additis

211 1980 462 2033 quibusdam
491 1980 593 2024 locis
622 1996 674 2024 erc
699 1981 858 2024 Galeni
885 1981 1008 2024 libris
1038 1984 1217 2024 ceterum
1246 1982 1515 2024 immutatam
1535 1982 1624 2035 fere
1642 1982 1823 2036 repetiit.
1867 1980 1938 2022 Ab

210 2048 507 2092 Achermanno
538 2053 678 2092 autem
708 2049 846 2103 (cuius
873 2051 963 2092 vita
992 2050 1039 2092 in
1068 2049 1248 2092 editione
1275 2049 1433 2093 Galeni
1462 2064 1635 2104 operum
1653 2064 1781 2104 quam
1806 2048 1940 2091 Kuhn

209 2119 389 2172 paravit
408 2119 443 2161 I
454 2133 502 2173 p.
519 2118 645 2161 XXI
656 2132 741 2173 sqq.
772 2132 922 2161 rursus
953 2119 1062 2174 typis
1086 2119 1294 2172 impressa
1315 2121 1390 2174 est)
1411 2119 1643 2172 quicunque
1662 2119 1940 2160 recentiorum

211 2186 288 2228 hoc
316 2187 483 2230 saeculo
502 2188 634 2230 vitam
656 2187 815 2230 Galeni
831 2187 896 2230 vel
916 2187 1074 2242 paucis
1095 2187 1329 2241 attiqerunt
1355 2187 1418 2229 vel
1440 2187 1642 2241 pluribus
1661 2187 1941 2240 exposuerunt

211 2256 298 2298 sive
317 2255 531 2310 philoloyi
557 2256 643 2298 sive
662 2255 910 2311 philosophi
927 2256 1012 2298 sive
1035 2255 1198 2306 medici,
1231 2255 1289 2298 ad
1316 2269 1447 2298 unum
1478 2269 1617 2298 omnes
1644 2268 1774 2308 usque
1804 2253 1941 2295 adhuc

209 2324 409 2379 pendent.
462 2324 578 2367 Nam
610 2323 794 2376 Glinton,
826 2325 957 2367 Fasti
984 2324 1174 2367 Romani
1193 2324 1227 2366 I
1242 2339 1286 2378 p.
1308 2326 1400 2366 151.
1422 2327 1514 2367 155.
1535 2327 1616 2367 159
1638 2337 1786 2378 pauca
1813 2336 1940 2376 quae-

214 2393 311 2435 dam
343 2393 392 2436 de
421 2395 637 2436 sententiis
666 2394 832 2436 Labbei
858 2394 1037 2436 mutavit
1066 2394 1112 2434 in
1132 2393 1271 2447 peius.

300 2464 595 2517 Pergamenus
625 2462 778 2505 Athen.
807 2467 845 2512 1,
877 2465 903 2504 1
922 2462 955 2516 f,
996 2461 1174 2516 Syncell.
1198 2475 1246 2515 p.
1268 2464 1349 2503 666
1388 2460 1450 2502 ed.
1482 2460 1735 2511 Bonnensis,
1778 2459 1940 2503 Suidas

214 2545 247 2574 s.
277 2545 312 2572 v.
346 2531 527 2587 Γαληνός
555 2532 590 2573 Ι
604 2546 651 2585 p.
674 2534 785 2574 1067
812 2530 874 2574 ed.
905 2529 1186 2584 Bernhardy,·
1228 2529 1489 2584 Pergamum
1527 2530 1711 2585 patriam
1748 2527 1940 2572 Galenus

215 2599 322 2642 dicit
350 2601 440 2655 ipse
459 2602 636 2657 ὑγιεινῶν
658 2602 697 2650 5,
721 2602 749 2641 8
773 2598 843 2641 VI
846 2614 894 2654 p.
909 2601 1009 2649 278,
1041 2600 1128 2655 περὶ
1157 2602 1317 2655 τροφῶν
1346 2599 1554 2654 δυνάμεως
1571 2600 1611 2648 3,
1633 2600 1691 2639 17
1709 2596 1778 2639 VI
1781 2611 1828 2651 p.
1843 2599 1938 2646 697,

216 2671 303 2726 περὶ
333 2673 412 2711 τῶν
442 2668 700 2712 πεπονθότων
731 2667 863 2710 τόπων
894 2671 938 2717 2,
969 2670 997 2710 5
1028 2666 1151 2709 VIII
1163 2669 1260 2717 132,
1291 2668 1379 2722 περὶ
1406 2670 1474 2722 τῆς
1504 2670 1583 2708 τῶν
1613 2667 1752 2708 ἁπλῶν
1784 2667 1940 2722 φαρμά-

217 2756 299 2782 κων
322 2741 503 2795 κράσεων
524 2741 591 2788 10,
612 2741 655 2781 2.
678 2740 704 2780 9
723 2737 832 2779 XII
843 2750 893 2790 p.
913 2738 1011 2779 255.
1033 2738 1122 2779 272
1141 2738 1214 2777 etc.
1261 2734 1404 2777 Natus
1423 2738 1484 2777 est
1503 2748 1616 2776 anno
1635 2734 1724 2788 fere
1739 2732 1939 2783 128l129,

215 2810 263 2848 ut
292 2821 343 2849 ex
371 2807 427 2848 iis
447 2809 627 2861 apparet
646 2820 753 2860 quae
777 2806 867 2860 ipse
887 2804 936 2847 de
956 2804 1180 2846 itineribus
1199 2803 1383 2845 Romam
1402 2803 1532 2857 factis
1551 2802 1733 2844 tradidit
1749 2816 1785 2846 v.
1807 2802 1939 2855 infra.

214 2874 351 2918 Filius
370 2875 548 2917 Niconis
568 2880 816 2929 geometrae
846 2880 889 2915 et
914 2872 1137 2915 architecti
1161 2871 1283 2915 Suid.
1308 2871 1333 2914 l.
1357 2871 1386 2914 l.
1408 2871 1463 2925 cf.
1486 2871 1540 2914 N
1552 2874 1627 2923 63;
1656 2877 1822 2927 patrem
1842 2883 1941 2924 geo-

214 2944 406 2998 metriae,
425 2942 732 2996 arithmeticae,
754 2941 1101 2994 architectoniae,
1125 2940 1424 2995 astronomiae,
1450 2939 1607 2995 logices
1631 2939 1941 2996 peritissimum

215 3011 348 3054 fuisse
363 3018 575 3054 memorat
591 3011 680 3065 ipse
701 3009 883 3063 (nomine
894 3010 1040 3064 patris
1057 3022 1266 3062 nusquam
1281 3007 1433 3063 allato)
1449 3010 1538 3066 περὶ
1551 3013 1685 3066 ψυχῆς
1704 3008 1845 3050 παθῶν
1863 3019 1897 3050 c.
1913 3007 1942 3047 8

223 3079 265 3123 V
269 3095 316 3135 p.
327 3083 393 3131 41,
411 3081 500 3136 περὶ
515 3080 707 3136 εὐχυμίας
726 3080 793 3123 καὶ
808 3079 1057 3134 κακοχυμίας
1075 3081 1234 3134 τροφῶν
1250 3091 1284 3120 c.
1299 3081 1326 3120 1
1347 3077 1415 3120 VI
1417 3091 1466 3131 p.
1486 3078 1576 3127 755,
1599 3078 1687 3133 περὶ
1706 3080 1776 3131 τῆς
1793 3075 1942 3121 τάξεως

196 3153 294 3203 ,τῶν
337 3149 446 3191 ἰδίων
487 3149 647 3206 βιβλίων
689 3160 722 3189 c.
751 3149 806 3189 59
836 3146 890 3200 Cf.
923 3145 991 3188 VI
1003 3160 1054 3199 p.
1085 3147 1179 3196 784,
1222 3144 1345 3187 VIII
1357 3160 1406 3200 p.
1426 3147 1522 3195 587,
1552 3144 1666 3199 Xp.
1688 3146 1782 3194 609,
1812 3141 1939 3185 XIV

212 3232 262 3272 p.
279 3220 374 3268 608,
394 3216 520 3260 XVI
523 3231 571 3270 p.
587 3219 692 3265 223,
713 3214 794 3257 XI
792 3214 840 3257 X
849 3229 896 3269 p.
913 3217 990 3265 43;
1018 3220 1200 3256 matrem
1222 3227 1438 3256 morosam
1467 3214 1603 3269 (cuius
1622 3225 1772 3255 nomen
1792 3209 1941 3257 tacuit)

216 3292 426 3328 memorat
455 3287 543 3342 περὶ
573 3287 705 3341 ψυχῆς
734 3284 876 3326 παθῶν
905 3295 939 3326 c.
971 3284 1014 3324 8.
1071 3281 1113 3324 A
1146 3287 1268 3337 patre
1307 3280 1541 3336 diligenter
1582 3281 1789 3323 educatus
1828 3285 1941 3336 post-

217 3369 350 3411 quam
369 3368 532 3397 annum
553 3358 754 3409 quartum
774 3350 991 3394 decimum
1019 3350 1226 3407 explevit,
1256 3349 1312 3392 ad
1343 3349 1487 3393 studia
1514 3347 1814 3406 philosophica
1841 3361 1940 3388 con-
