2202 3730
105 289 404 327 ARGHELAVS
965 286 982 328 l
991 284 1046 328 27
1614 289 1912 328 ARCHELAVS

189 420 426 464 Antoniam
454 427 626 478 neptem
647 421 826 464 Antonii
857 423 1085 477 triumviri,
1123 437 1233 479 quac
1254 428 1392 479 nupta
1411 421 1555 464 fuerat
1575 421 1798 464 Polemoni
1819 423 1911 478 regi

191 490 341 544 Ponti,
382 497 481 546 post
521 505 667 532 necem
708 491 851 533 mariti
888 489 1034 543 (occisi
1073 491 1190 534 circa
1220 505 1259 534 a.
1293 491 1472 534 746'l747
1489 490 1638 533 Ξ817
1665 491 1720 545 cf.
1751 490 1796 532 P
1816 492 1911 546 405)

189 573 370 600 uxorem
399 558 527 601 duxit
557 558 716 602 Strabo
746 563 816 609 12,
836 562 875 610 3,
896 562 955 603 29
977 574 1025 614 p.
1045 562 1136 602 556.

273 626 489 681 Tiberius,
522 628 597 683 qui
627 626 827 670 civilibus
859 626 1102 670 officiorum
1134 628 1389 670 rudimentis
1418 627 1682 671 Archelaum
1711 627 1911 683 Augusto

187 701 471 749 cognoscente
507 694 740 752 aliquando
780 695 1033 738 defenderat
1072 696 1243 739 Sueton.
1281 697 1416 741 Tibcr.
1447 700 1498 751 8,
1541 711 1687 752 regem
1726 697 1771 738 in
1813 696 1911 739 odio

188 763 351 818 habuit,
384 763 501 820 quod
531 778 629 806 eum
660 763 802 806 Rhodi
833 771 1032 819 agentem
1060 766 1248 807 monitus
1283 766 1339 808 ab
1380 766 1542 808 intimis
1573 765 1761 820 Augusti
1792 764 1911 807 nullo

188 831 331 873 officio
371 831 586 887 coluerat3
626 833 774 889 itaque
813 847 996 887 regnum
1034 833 1216 889 adeptus
1251 833 1514 876 Archelaum
1545 835 1725 876 Romam
1762 834 1911 876 matris

186 899 340 941 litteris
372 899 540 955 elicuit3
578 915 662 957 quo
692 915 791 943 cum
819 902 1020 955 venisset,
1053 902 1098 943 in
1129 908 1281 944 senatu
1312 902 1366 944 ob
1399 903 1594 954 crimina,
1636 917 1747 959 quae
1778 902 1911 956 finge-

186 967 356 1020 bantur,
390 974 615 1011 accusatus
645 975 710 1011 est
739 968 816 1024 (ad
843 983 969 1023 quam
1008 971 1319 1013 accusationem
1347 972 1564 1025 pertinere
1592 971 1768 1022 videtur,
1801 970 1912 1025 quod

187 1035 481 1079 Philostratus
495 1037 567 1080 vit.
579 1036 803 1091 Apollonii
817 1041 856 1088 1,
873 1041 930 1080 12
950 1038 1371 1081 scribitArchelaum
1387 1054 1485 1081 cum
1507 1039 1703 1095 praeside
1723 1039 1913 1095 quodam

188 1103 366 1146 Ciliciae
387 1105 432 1146 in
454 1105 670 1148 Romanos
691 1106 983 1160 coniurasse);
1014 1121 1175 1161 angore
1201 1106 1435 1163 perculsus,
1468 1107 1596 1150 simul
1626 1108 1763 1150 fessus
1794 1108 1911 1150 senio

187 1172 315 1214 finem
344 1174 460 1215 vitae
495 1181 648 1230 sponte
683 1189 739 1215 an
772 1173 860 1216 fato
894 1174 1090 1230 implevit
1124 1190 1237 1218 anno
1272 1176 1323 1218 17
1366 1176 1464 1218 Tac.
1500 1191 1541 1218 a.
1571 1179 1615 1226 2,
1637 1179 1708 1227 42,
1740 1176 1911 1221 Sueton.

192 1241 330 1283 Tiber.
359 1244 428 1292 37,
457 1240 547 1283 Dio
574 1244 642 1292 57,
670 1244 735 1286 17.
804 1241 1002 1296 Regnum
1044 1243 1086 1283 in
1128 1244 1397 1299 provinciam
1439 1243 1661 1286 redactum
1697 1251 1762 1287 est
1797 1245 1909 1295 Tac„

187 1309 374 1359 Sueton,
396 1308 484 1352 Dio
506 1309 531 1351 l.
550 1309 591 1360 l.,
607 1312 837 1364 praetcrea
858 1310 1017 1353 Strabo
1034 1315 1102 1361 12,
1124 1315 1163 1362 1,
1185 1315 1218 1354 2
1237 1327 1285 1366 p.
1301 1315 1393 1362 534,
1415 1312 1597 1367 Eutrop.
1616 1316 1654 1363 7,
1672 1316 1738 1362 11,
1772 1312 1913 1355 Victor

186 1375 305 1419 Caes.
326 1380 370 1428 2,
390 1380 430 1428 3,
460 1377 659 1432 Epitome
677 1381 721 1428 2,
741 1380 782 1428 8,
813 1378 971 1433 Rufius
988 1378 1142 1421 Festus
1171 1383 1236 1430 11,
1268 1380 1415 1435 Isydus
1445 1381 1495 1423 de
1523 1381 1762 1435 mayistrat.
1782 1383 1821 1430 3,
1842 1383 1909 1423 57.

271 1445 512 1488 Archelaus
543 1447 564 1489 ὁ
593 1449 862 1504 χωρογράφος
883 1452 952 1504 τῆς
973 1449 1047 1490 ὑπὸ
1072 1446 1321 1506 Ἀλεξάνδρου
1343 1466 1443 1492 πατγ
1452 1450 1588 1505 ὓείσης
1607 1454 1680 1507 γῆς
1699 1448 1911 1503 Dioyenes

181 1515 328 1558 Laert.
348 1517 391 1565 2,
412 1518 452 1565 4,
473 1519 530 1557 17
537 1528 551 1566 ;
579 1514 820 1558 Archelaus
850 1520 933 1557 rex'
961 1523 1111 1558 auctor
1141 1517 1270 1559 Plinii
1300 1517 1417 1568 Ptin,
1447 1532 1489 1560 n.
1520 1518 1559 1562 h.
1583 1518 1608 1563 l.
1630 1521 1670 1562 8.
1694 1522 1732 1560 9.
1754 1521 1821 1560 18.
1842 1520 1908 1568 37,

185 1583 343 1625 citatur
364 1582 447 1626 ibd.
472 1582 500 1626 l.
519 1586 578 1625 37
595 1583 661 1639 (de
677 1585 881 1640 yemmis),
899 1588 965 1627 46.
986 1588 1050 1627 95.
1079 1589 1165 1628 104.
1192 1589 1272 1628 107
1278 1600 1292 1638 ,·
1317 1586 1452 1628 Iubae
1474 1593 1516 1629 et
1536 1585 1737 1628 Archelai
1759 1600 1910 1641 regum

184 1650 285 1693 libri
315 1652 504 1694 citantur
533 1651 668 1696 Solin.
688 1655 760 1703 52,
782 1656 836 1695 19
865 1654 939 1707 qui
968 1653 1082 1696 locus
1111 1668 1196 1696 non
1226 1669 1277 1697 ex
1305 1654 1366 1697 Pl
1378 1656 1454 1697 'nio
1483 1658 1673 1710 sumptus
1703 1657 1775 1697 cst.

270 1719 510 1763 Archelaus
540 1720 654 1763 filius
685 1724 713 1763 t.
733 1724 773 1764 3.
806 1723 861 1776 cf.
882 1736 923 1764 n.
945 1725 1040 1773 831,
1071 1723 1284 1778 Tigranes
1315 1725 1429 1779 regis
1460 1723 1665 1767 Archelai
1695 1737 1908 1780 pronepos

184 1787 359 1843 (scilicet
379 1803 462 1843 per
498 1789 763 1844 Glaphyram
793 1790 951 1845 aviam)
988 1792 1087 1834 Tac.
1117 1806 1157 1834 a.
1188 1796 1253 1843 14,
1274 1796 1345 1836 26.

99 1857 179 1899 831
213 1856 465 1912 Archelaus,
489 1857 691 1900 Archelai
714 1859 830 1914 regis
846 1858 1003 1914 (ultimi
1023 1859 1339 1915 Cappadocum)
1362 1860 1475 1903 filius
1486 1860 1660 1915 publice
1678 1860 1910 1903 honoratus

184 1928 212 1968 t.
242 1925 387 1968 Attico
414 1925 520 1969 GIA
544 1927 634 1969 III
648 1930 754 1979 5485
786 1927 1023 1970 ‘Cietarum
1053 1929 1125 1984 (cf.
1157 1929 1353 1973 Wthelm
1384 1929 1532 1973 Mitth.
1564 1944 1605 1972 a.
1638 1929 1769 1973 Oestr.
1800 1932 1909 1971 1894

179 1987 227 2049 p.
258 1998 297 2045 1,
340 1993 551 2037 Clitarum
582 1996 786 2050 traditur)
818 1998 935 2039 natio
967 1997 1214 2054 Cappadoci
1246 1998 1458 2041 Archelao
1491 1998 1696 2040 subiecta‘
1736 1998 1834 2041 Tac.
1866 2011 1906 2039 a.

183 2066 221 2113 6,
241 2066 294 2105 41
313 2063 389 2105 sub
411 2077 451 2107 a.
471 2067 538 2114 36,
558 2064 668 2106 unde
687 2064 924 2107 Archelaus
948 2066 1076 2120 filius,
1101 2069 1329 2120 postquam
1348 2081 1523 2122 reynum
1544 2066 1843 2121 Cappadociae
1861 2065 1909 2107 in

179 2132 447 2186 provinciam
469 2132 686 2175 redactum
716 2136 788 2184 est,
817 2133 1014 2177 Ciliciam
1048 2135 1296 2185 Tracheam,
1326 2150 1453 2189 quam
1479 2139 1605 2190 pater
1630 2135 1683 2177 ab
1714 2134 1907 2189 Auyusto

181 2203 413 2254 acceperat,
441 2201 663 2243 retinuisse
692 2201 869 2244 videtur.

97 2269 180 2310 832
212 2268 407 2310 Herodes
438 2268 691 2313 Archelaus.
751 2270 808 2312 In
845 2271 1027 2313 nummis
1066 2271 1139 2326 (cf.
1179 2271 1393 2322 Madden,
1445 2272 1574 2315 Coins
1611 2273 1663 2326 of
1694 2271 1761 2314 the
1799 2271 1907 2313 Icus

183 2351 230 2391 p.
252 2339 462 2391 115—118)
486 2337 642 2379 dicitur
661 2338 880 2392 Herode83
903 2337 1091 2395 Ἡρώδης
1110 2341 1132 2382 ὃ
1156 2339 1412 2387 Παλαιστῖνος
1430 2340 1518 2383 Dio
1537 2343 1603 2391 55,
1623 2344 1686 2384 27
1692 2353 1705 2391 ;
1728 2343 1906 2382 ceterum

181 2404 422 2446 Archelaus
453 2419 510 2447 ev.
544 2405 701 2447 Matth.
733 2410 777 2456 2,
799 2410 863 2449 22
892 2410 932 2449 ct
958 2407 1075 2461 apud
1098 2409 1325 2462 scriptores
1352 2408 1548 2462 reliquos.

267 2473 464 2515 Herodes
485 2473 635 2528 Magni
656 2489 711 2515 ex
732 2474 949 2517 Malthace
970 2475 1240 2518 Samaritana
1259 2477 1385 2531 filius,
1415 2477 1549 2519 frater
1569 2478 1703 2519 maior
1722 2477 1904 2532 (Ioseph.

182 2541 276 2583 bell.
305 2545 344 2592 1,
365 2544 434 2596 32,
459 2545 505 2593 7;
531 2546 570 2592 1,
589 2545 656 2592 33,
681 2542 721 2596 7)
751 2543 940 2585 Herodis
968 2542 1158 2600 Antipae
1187 2545 1353 2600 Ioseph.
1387 2549 1474 2588 ant.
1502 2549 1568 2596 17,
1600 2549 1639 2596 1,
1670 2549 1709 2597 3,
1742 2545 1834 2588 bell.
1864 2550 1903 2596 1,

180 2612 252 2660 28,
272 2613 300 2651 4
309 2623 322 2661 ;
352 2624 453 2651 eum
474 2610 673 2666 Philippo
703 2610 837 2653 fratre
859 2612 1020 2654 Romae
1051 2612 1385 2671 educatus-post
1414 2629 1564 2656 necem
1593 2613 1835 2656 Aristobuli
1864 2621 1906 2656 et

181 2677 421 2719 Alexandri
453 2678 582 2733 (anno
607 2679 698 2732 fere
718 2683 802 2722 747
820 2700 874 2715 -——
896 2683 925 2722 7
943 2694 981 2722 a.
1011 2680 1074 2737 G.)
1107 2696 1133 2723 a
1162 2688 1284 2738 patre
1315 2682 1489 2724 domum
1514 2690 1757 2735 revocatur,
1789 2683 1905 2738 apud

183 2760 311 2801 quem
332 2746 563 2803 Antipater
592 2753 823 2804 utrumque
854 2747 1107 2790 calumniari
1138 2749 1294 2805 studet,
1326 2750 1382 2793 id.
1408 2754 1495 2793 ant.
1516 2754 1584 2802 17,
1608 2755 1647 2802 4,
1668 2755 1718 2802 3,·
1749 2751 1841 2793 bell.
1864 2755 1901 2801 1,

178 2817 245 2864 31,
262 2817 300 2857 1.
328 2814 603 2857 Testamento
622 2831 820 2872 supremo
837 2817 1024 2859 Herodis
1041 2833 1120 2860 rex
1135 2818 1321 2861 Iudaeae
1336 2821 1593 2862 constitutus
1614 2826 1710 2877 post
1722 2826 1903 2861 mortem

180 2883 314 2938 patris
345 2882 404 2934 (a.
426 2886 508 2926 750
527 2903 583 2918 z
603 2887 631 2926 4
652 2899 690 2926 a.
720 2884 785 2939 O.)
823 2884 1111 2942 appellatione
1142 2887 1263 2941 regia
1290 2888 1510 2942 abstinuit,
1543 2888 1647 2930 dum
1676 2887 1902 2943 Augustus

180 2964 275 2992 eam
305 2951 562 2994 concederet
592 2952 648 2994 id.
681 2956 768 2995 ant.
798 2957 864 3004 17,
886 2956 927 3004 8,
960 2954 1054 2996 bell.
1082 2959 1113 3004 l,
1134 2958 1200 3005 33,
1225 2958 1325 2997 7-9.
1378 2957 1610 3012 Postquam
1650 2956 1904 2999 seditionem

179 3017 328 3073 populi
358 3020 488 3061 armis
520 3021 744 3076 repressit,
785 3021 965 3063 Romam
994 3022 1212 3078 profectus
1244 3030 1309 3066 est
1337 3024 1394 3066 id.
1419 3028 1506 3067 ant.
1528 3028 1595 3075 17,
1616 3028 1656 3076 9,
1678 3028 1777 3075 1-3,
1809 3025 1902 3069 bell.

178 3089 222 3136 2,
245 3089 282 3136 1,
306 3089 407 3130 1-3.
459 3086 558 3140 Quo
587 3103 684 3130 cum
715 3089 900 3145 Antipas
931 3096 975 3131 et
996 3089 1224 3147 Philippus
1254 3091 1409 3134 fratres
1439 3092 1567 3135 simul
1599 3094 1820 3135 venissent
1849 3093 1903 3135 de

179 3154 302 3208 regni
333 3154 572 3198 hereditate
602 3158 819 3211 certaturi,
851 3164 1077 3214 praeterea
1097 3158 1255 3213 legatio
1276 3160 1421 3216 populi
1444 3161 1716 3217 Iudaeorum,
1739 3161 1902 3204 Arche-

178 3221 271 3264 laus
307 3223 423 3278 apud
459 3223 707 3279 Augustum
746 3225 801 3267 ab
841 3226 1104 3268 adversariis
1144 3230 1353 3272 acerrime
1391 3236 1617 3272 accusatus
1658 3246 1684 3272 a
1722 3230 1901 3272 Nicolao

178 3290 450 3333 Damasceno
470 3291 673 3334 defensus
695 3300 781 3346 est;
808 3293 908 3336 inde
928 3294 1152 3348 Augustus
1172 3297 1334 3352 statuit,
1356 3303 1406 3339 ut
1421 3297 1660 3341 Archelaus
1681 3298 1900 3340 dimidiam

179 3364 345 3414 partem
372 3361 495 3416 regni
526 3361 726 3417 Herodis,
762 3361 969 3406 Iudaeam
997 3369 1039 3406 et
1066 3363 1316 3409 Idumaeam
1347 3371 1390 3410 et
1414 3365 1655 3411 Samariam
1685 3381 1783 3409 cum
1810 3366 1901 3408 eth-
