2202 3730
91 298 292 334 CASSIVS
950 291 1034 332 315
1694 296 1892 331 CASSIVS

176 429 340 483 Ioseph.
378 432 466 471 ant.
495 432 567 480 20,
598 432 638 480 1,
668 432 718 480 1;
765 443 834 470 res
873 428 928 471 ab
968 443 1018 470 οο
1057 427 1197 482 legato
1237 434 1384 483 gestae
1428 428 1527 470 Tac.
1555 442 1594 471 a.
1626 430 1697 478 12,
1720 430 1799 470 12.
1828 431 1895 478 13,

175 497 339 551 Ioseph.
370 500 457 539 ant.
488 500 554 548 15,
577 501 642 547 11,
665 500 715 548 4;
742 499 812 546 20,
842 500 880 547 1,
908 500 946 542 1.
1006 486 1133 538 Anno
1161 497 1214 538 58
1246 496 1436 538 delectus
1466 502 1531 538 est
1559 495 1895 537 Puteolanorum

176 565 375 607 seditioni
417 565 739 621 componendae
783 565 881 607 Tac.
923 579 963 606 a.
1000 568 1065 615 13,
1096 567 1174 616 48,·
1218 566 1475 607 sententiam
1515 565 1559 606 in
1599 569 1752 605 senatu
1786 563 1898 605 dixit

178 648 292 676 anno
324 633 378 676 58
409 633 495 676 ibd.
526 637 591 684 13,
622 637 690 684 41,
722 648 833 675 anno
865 634 914 675 61
949 633 1033 677 ibd.
1057 636 1122 683 14,
1143 635 1297 675 43-44.
1358 632 1470 675 011111
1499 633 1551 675 L.
1582 632 1755 674 Iunium
1786 629 1895 673 Sila-

177 716 280 744 num
308 701 445 743 filium
477 702 620 744 fratris
650 701 843 758 Lepidae
868 702 1017 743 uxoris
1048 701 1293 753 educasset,
1324 701 1452 743 ambo
1484 700 1612 742 simul
1642 714 1755 742 anno
1786 700 1841 742 65
1871 713 1897 740 a

174 770 347 812 Nerone
386 770 502 826 apud
542 775 740 812 senatum
777 770 1007 824 imperium
1038 768 1198 810 'moliri
1243 769 1480 810 insimulati
1525 774 1628 810 sunt
1666 774 1710 809 et
1746 766 1896 810 Cassio

176 838 349 894 quidem
380 838 641 880 obiectatum
672 843 747 891 est,
781 836 898 893 quod
924 838 1036 878 inter
1063 838 1274 892 imagines
1302 838 1512 879 maiorum
1534 837 1663 878 etiam
1684 835 1732 878 C.
1756 834 1895 878 Cassii

173 906 455 961 (percussoris
486 904 700 960 Caesaris)
732 905 919 959 effigiem
949 905 1175 959 coluisset3
1211 911 1387 947 senatus
1417 904 1610 947 consulto
1643 904 1819 947 Cassius
1850 904 1896 944 in

175 973 358 1016 insulam
403 974 649 1017 Sardiniam
694 973 945 1030 deportatus
990 979 1056 1015 est
1100 981 1143 1016 et
1186 981 1384 1016 senectus
1430 975 1521 1015 eius
1562 971 1897 1029 exspectabatur

174 1042 258 1100 ibql.
280 1045 345 1093 16,
369 1046 466 1093 7-9,
498 1042 755 1097 Pomponius
778 1042 804 1084 l.
828 1042 869 1092 l.,
893 1041 1019 1097 (male
1042 1056 1070 1084 a
1091 1041 1293 1085 Suetonio
1319 1042 1423 1084 Ner.
1443 1045 1499 1084 37
1518 1042 1674 1084 dic-itur
1704 1040 1894 1094 occisus),

173 1110 362 1152 Iuvenal.
382 1114 463 1154 sat.
484 1114 551 1161 10,
573 1114 639 1153 16.
698 1111 942 1152 Revocatus
974 1125 1001 1152 a
1028 1110 1297 1166 Vespasiano
1327 1110 1442 1153 diem
1473 1125 1599 1152 suum
1629 1109 1738 1152 obiit
1766 1108 1895 1151 Pom-

175 1177 382 1232 ponius’l.
405 1179 432 1221 l.
455 1204 507 1208 —
531 1178 678 1222 Senex
706 1178 944 1221 luminibus
976 1177 1152 1221 orbatus
1174 1178 1344 1222 Sueton.
1370 1178 1396 1220 l.
1419 1178 1444 1220 l.
1470 1204 1521 1210 —
1544 1178 1706 1233 (Iunia)
1727 1176 1896 1234 Lepida

176 1261 287 1289 uxor
321 1247 419 1289 Tac.
450 1261 491 1289 a.
520 1250 586 1298 16,
617 1250 657 1291 7.

260 1315 326 1357 Ea
356 1321 610 1372 tempestate
641 1314 818 1358 Cassius
847 1321 1012 1357 ceteros
1040 1314 1338 1371 praeminebat
1366 1314 1521 1370 peritia
1549 1313 1695 1370 legum
1730 1315 1828 1358 Tac.
1856 1330 1896 1357 a.

174 1386 244 1434 12,
268 1387 327 1426 12
357 1381 449 1435 (sub
473 1397 586 1426 anno
604 1376 700 1438 49)‘,·
725 1383 1088 1440 prudentissimus
1108 1384 1188 1438 vir,
1221 1384 1327 1425 iuris
1352 1389 1503 1425 auctor
1518 1383 1762 1437 Scriptores
1788 1383 1899 1426 Gro-

174 1452 323 1494 matici
341 1452 376 1494 I
388 1467 437 1506 p.
460 1455 647 1496 17..124.
667 1455 763 1495 399.
782 1455 877 1494 403.
928 1451 1118 1494 Auditor
1146 1451 1326 1494 Masurii
1360 1451 1511 1494 Sabini
1541 1451 1706 1493 Paulus
1732 1450 1896 1505 Diyest.

173 1523 213 1570 4,
243 1522 282 1575 8,
314 1523 381 1570 19,
407 1523 451 1570 2,
483 1521 551 1562 0111
583 1521 792 1562 successit
810 1519 1069 1574 Pomponius
1099 1520 1125 1564 l.
1158 1520 1199 1570 l.,
1232 1519 1465 1562 Cassianae
1495 1519 1668 1561 scholae
1697 1520 1898 1575 princeps

175 1593 218 1629 et
246 1602 403 1644 parens
433 1588 552 1630 Plin.
584 1589 703 1643 epist.
735 1591 773 1639 7,
805 1592 876 1639 24,
906 1591 948 1631 8.
1011 1588 1196 1644 Scripsit
1231 1587 1366 1630 libros
1396 1587 1451 1629 de
1488 1588 1582 1630 iure
1612 1587 1751 1629 civili:
1788 1586 1900 1629 liber

174 1656 388 1698 secundus
409 1657 567 1699 citatur
587 1658 641 1699 ab
664 1657 851 1711 leiano
871 1656 1035 1711 Diqest.
1055 1660 1127 1707 29,
1149 1660 1193 1707 2,
1214 1659 1285 1707 25,
1305 1659 1346 1706 3,
1377 1662 1526 1698 sextus
1556 1656 1610 1698 ab
1642 1655 1782 1698 eodem
1811 1655 1898 1699 ibd.

172 1726 243 1774 26,
264 1727 303 1775 1,
324 1727 363 1775 3,
384 1727 428 1776 2,
461 1725 668 1781 septimus
697 1724 825 1767 Paul.
854 1724 941 1767 ibd.
971 1727 1039 1775 37,
1061 1727 1099 1775 6,
1120 1727 1164 1775 2,
1183 1727 1223 1775 5,
1254 1730 1434 1766 octavus
1465 1723 1640 1778 leian.
1671 1723 1756 1768 ibcl.
1790 1727 1826 1778 7,
1858 1727 1897 1774 1,

173 1795 212 1842 7,
232 1795 283 1844 3;
314 1796 350 1843 7,
372 1796 411 1843 1,
434 1796 473 1844 9,
494 1795 534 1844 5,
565 1793 757 1835 decimus
788 1793 842 1835 ab
865 1792 1014 1851 ‘eodem
1040 1792 1125 1835 ibd.
1159 1796 1197 1843 7,
1219 1796 1257 1842 1,
1281 1795 1334 1834 71
1356 1807 1428 1847 pr.
1478 1792 1650 1835 Passim
1670 1795 1900 1847 praeterea

175 1861 263 1903 eius
291 1862 521 1904 sententiae
550 1860 792 1913 afferuntur
822 1875 850 1903 a
877 1860 1003 1912 Gaio,
1036 1861 1082 1903 in
1109 1860 1313 1916 Digestis,
1345 1861 1391 1903 in
1419 1861 1574 1915 fraym.
1607 1861 1767 1912 Vatic.‚·
1800 1860 1900 1903 reli-

174 1929 298 1983 quias
327 1929 493 1985 colleqit
518 1930 670 1980 Lenel,
709 1929 1010 1984 Palinyenesia
1037 1930 1072 1972 I
1085 1944 1134 1984 p.
1154 1933 1237 1972 109
1260 1943 1347 1983 sqq.
1408 1929 1591 1986 Scripsit
1619 1935 1662 1971 et
1691 1936 1813 1972 notas
1843 1929 1899 1971 ad

108 1994 118 1995 ’
174 1996 398 2040 Vitellium
429 1998 600 2053 leian.
622 1998 708 2043 ibd.
729 2001 795 2049 33,
820 2002 857 2049 7,
877 2001 948 2048 12,
969 2000 1041 2041 27.

88 2065 172 2108 429
201 2071 247 2108 L.
270 2072 470 2109 CASSIVS
491 2073 756 2122 LONGINVS,
780 2066 931 2109 consul
953 2066 1159 2109 suffectus
1190 2081 1303 2109 anno
1326 2067 1376 2108 11
1399 2082 1442 2123 p.
1464 2065 1512 2110 C.
1535 2081 1632 2108 cum
1653 2067 1704 2109 T.
1727 2066 1897 2110 Statilio

174 2134 332 2178 Tauro,
361 2159 420 2165 —
447 2135 505 2178 In
534 2135 776 2178 consulatu:
819 2135 906 2190 [e]x
933 2134 979 2177 k.
1010 2134 1093 2178 Iul.
1123 2135 1175 2178 L.
1207 2134 1384 2178 Cassius
1413 2135 1466 2177 L.
1496 2134 1526 2177 f.
1559 2167 1569 2176 .
1587 2168 1597 2177 .
1614 2150 1643 2176 11
1673 2135 1899 2189 Longinus

174 2202 281 2255 fasti
306 2201 500 2257 Capitol„
532 2204 616 2246 suf.
648 2204 697 2248 L.
731 2203 937 2259 Ca[ssius]
968 2204 1076 2258 fasti
1102 2203 1331 2246 Arvalium
1361 2202 1461 2246 CIL
1490 2203 1525 2246 Ι
1529 2204 1545 2228 2
1568 2218 1617 2258 p.
1640 2206 1703 2254 70,
1735 2203 1780 2246 X
1810 2203 1898 2246 kal.

176 2268 352 2313 Octobr.
383 2271 434 2313 T.
467 2271 637 2314 Statilio
668 2272 812 2314 Tauro
844 2271 893 2315 C.
925 2270 1076 2314 Cassio
1106 2272 1304 2326 Longino
1337 2286 1421 2315 cos,
1452 2271 1560 2314 XII
1579 2275 1699 2314 4333.

260 2339 408 2382 Gener
435 2339 488 2392 Q.
520 2339 632 2382 Aelii
665 2340 933 2394 Tuberonis,
966 2341 1060 2382 iure
1090 2339 1275 2382 consulti
1305 2339 1566 2394 Pomponius
1594 2339 1757 2395 Diyest.
1788 2344 1828 2391 1,
1852 2343 1896 2391 2,

174 2410 218 2457 2,
243 2409 320 2462 511,
350 2414 474 2464 pater
494 2408 546 2451 L.
569 2408 707 2451 Cassii
728 2409 918 2464 Longini
949 2408 1138 2450 consulis
1169 2408 1376 2451 ordinarii
1397 2424 1435 2452 a.
1459 2409 1515 2451 30
1535 2423 1576 2464 p.
1601 2408 1663 2464 C.‚
1687 2408 1734 2453 C.
1759 2408 1898 2451 Cassii

174 2475 364 2531 Longini
403 2476 591 2519 consulis
634 2477 801 2519 suffecti
847 2476 1036 2519 eiusdem
1081 2478 1197 2520 anni.
1237 2502 1290 2507 —-
1331 2476 1494 2520 Severa
1540 2478 1632 2519 eius
1671 2477 1900 2534 disciplina

181 2543 280 2586 Tac.
312 2558 351 2586 a.
382 2547 421 2594 6,
452 2547 517 2587 15.

91 2611 175 2653 430
205 2618 250 2654 L.
281 2617 482 2655 CASSIVS
514 2618 780 2666 LONGINVS,
813 2611 962 2654 consul
994 2611 1275 2667 (ordinarius)
1306 2628 1344 2655 a.
1375 2613 1430 2655 30
1459 2628 1500 2669 p.
1531 2612 1580 2656 C.
1611 2628 1708 2655 cum
1739 2614 1799 2656 M.
1825 2614 1900 2656 Vi-

176 2681 303 2722 nicio.
332 2705 390 2711 —
428 2681 485 2723 In
512 2680 754 2723 consulatu:
793 2681 843 2722 L.
876 2680 1052 2723 Cassius
1082 2681 1306 2736 Longinus
1335 2681 1384 2723 X
1406 2684 1519 2724 1233
1548 2681 1674 2736 (fasti
1703 2681 1898 2735 Nolani),

175 2748 228 2791 L.
259 2748 437 2792 Cassius
466 2749 723 2804 Long[inus]
757 2749 826 2791 VI
846 2752 999 2799 29681,
1030 2749 1081 2793 L.
1115 2748 1290 2792 Cassius
1320 2750 1429 2803 fasti
1455 2749 1683 2792 Arvalium
1714 2749 1813 2794 CIL
1842 2751 1876 2793 Ι
1880 2751 1896 2775 2

174 2831 223 2871 p.
245 2820 311 2868 71,
344 2816 597 2868 Cassiodor„
629 2820 808 2860 ceterum
830 2817 1079 2872 plerumque
1107 2818 1333 2872 Longinus
1362 2818 1482 2871 fasti.

262 2884 401 2927 Filius
422 2885 490 2941 (ex
510 2886 789 2940 praenomine
818 2886 959 2928 maior
986 2889 1034 2927 ut
1060 2885 1239 2940 videtur)
1259 2886 1310 2930 L.
1334 2885 1471 2929 Cassii
1493 2886 1683 2941 Longini
1713 2887 1900 2929 consulis

178 2953 345 2995 suffecti
366 2969 405 2996 a.
429 2955 478 2996 11
505 2969 547 3010 p.
570 2953 633 3008 0.,
655 2953 791 2995 frater
813 2953 862 2997 C.
885 2953 1024 2996 Cassii
1044 2954 1233 3008 Longini
1254 2954 1443 2997 consulis
1462 2955 1633 2996 suffecti
1653 2970 1691 2999 a.
1713 2956 1769 2998 30
1792 2970 1831 3011 p.
1850 2955 1898 2998 C.

179 3020 341 3064 Consul
361 3037 400 3064 a.
422 3023 477 3065 30
497 3023 616 3076 fasti,
646 3021 884 3064 consularis
901 3021 1071 3065 Sueton.
1096 3021 1233 3077 Caliy.
1255 3025 1342 3074 24,·
1371 3023 1555 3066 Seianus
1575 3024 1614 3065 ei
1634 3030 1786 3066 auctor
1804 3024 1898 3078 fuit,

179 3096 228 3132 ut
249 3097 400 3133 contra
414 3091 611 3133 Drusum
628 3090 878 3134 Germanici
898 3090 1035 3133 filium
1058 3097 1208 3145 ageret
1221 3090 1309 3133 Dio
1328 3094 1396 3142 58,
1411 3095 1451 3134 3.
1482 3091 1610 3134 Α11110
1626 3093 1681 3134 33
1696 3091 1901 3134 Tiberius

179 3159 219 3200 ei
248 3158 488 3201 Drusillam
517 3158 646 3200 filiam
671 3159 920 3202 Germanici
951 3161 995 3201 in
1025 3159 1347 3201 matrimonium
1373 3159 1514 3215 dedit,
1545 3160 1722 3203 Cassius
1742 3159 1900 3215 plebeii

179 3227 341 3269 Romae
360 3228 543 3282 generis,
576 3241 729 3269 verum
759 3227 927 3283 antiqui
957 3226 1243 3284 honoratique
1271 3233 1315 3269 et
1342 3242 1497 3270 severa
1515 3229 1652 3284 patris
1672 3227 1901 3284 disciplina

180 3294 388 3337 educatus
408 3294 618 3337 facilitate
638 3295 809 3351 saepius
831 3309 961 3351 quam
980 3294 1196 3337 industria
1214 3296 1596 3339 commendabatur
1612 3296 1711 3339 Tac.
1730 3311 1769 3339 a.
1785 3300 1822 3347 6,
1834 3299 1900 3339 15.

182 3361 309 3405 Anno
341 3364 396 3406 36
426 3378 527 3406 cum
557 3362 696 3405 tribus
727 3363 822 3405 aliis
851 3364 1102 3419 progeneris
1132 3363 1296 3406 Tiberii
1328 3364 1519 3407 delectus
1545 3371 1611 3406 est
1638 3363 1901 3406 aestimando
