2202 3730
105 285 280 322 CATIVS
963 279 1043 322 321
1731 285 1909 322 CATIVS

277 414 471 458 ‘Clarum
491 415 681 471 militiae,
704 416 880 468 Fronto,
897 423 1108 473 togaeque
1128 415 1275 459 decus'
1294 430 1413 470 quem
1434 416 1664 471 alloquitur
1685 416 1914 459 Martialis

189 484 317 539 epi‘yr.
338 488 376 535 1,
397 487 463 534 55,
482 487 526 534 2,
558 484 650 538 quis
670 485 931 539 siqnificetur
951 485 1218 539 iynoramus5
1248 484 1298 527 de
1318 484 1439 528 Catio
1459 485 1677 528 Frontone
1702 485 1774 528 via:
1802 487 1912 527 recte

189 553 410 607 cogitatur,
433 553 584 606 quippe
599 553 674 606 qui
691 553 737 594 in
757 553 897 595 causis
908 554 1178 607 potissimum
1199 553 1384 595 dicendis
1402 556 1594 596 versatus
1614 567 1700 597 esse
1718 553 1912 596 videatur

190 620 265 674 (cf.
286 619 406 663 Plin.
429 621 546 675 epist.
574 623 613 671 3,
634 624 699 671 11,
720 623 748 662 3
781 622 867 662 ‘vir
896 621 1207 663 movendarum
1236 620 1513 664 lacrimarum
1542 622 1877 679 peritissimus').

101 688 185 731 469
215 694 258 732 Τ.
272 694 447 731 CATIVS
466 695 776 731 CATVLLINVS
800 696 999 731 SESTlvs
1022 696 1349 745 SECVNfflNVS,
1365 697 1537 746 praetor
1557 690 1751 733 urbanus
1772 690 1906 745 regio-

189 757 255 799 nis
276 757 367 799 XII
398 756 466 800 VI
479 760 557 800 760
587 759 737 812 (SESTL.
759 771 845 812 pro
875 770 984 801 SESTI
1013 758 1060 800 in
1090 758 1250 814 lapide)
1282 759 1336 812 cf.
1364 759 1613 811 Mommsen,
1645 758 1913 803 Staatsreeht

188 825 271 867 11⁸
292 840 342 880 p.
363 827 458 868 516.
1600 866 1611 875 .

101 893 186 936 470
218 899 391 935 CATIVS
414 899 583 935 CELER·
608 897 868 936 memoratur
895 895 941 937 in
969 894 1103 937 titulis
1124 909 1275 949 yraeee
1293 895 1465 950 scriptis
1488 895 1699 939 Thraciae
1719 895 1912 938 Bulletin

189 961 239 1004 de
259 962 616 1016 correspondance
634 962 884 1017 Helle'nique
914 963 983 1005 VI
996 963 1140 1018 (1882)
1165 978 1214 1018 p.
1234 966 1316 1006 183
1334 978 1375 1006 n.
1397 967 1423 1006 6
1449 961 1520 1018 (1),
1542 965 1618 1018 qui
1635 967 1664 1008 t.
1689 963 1911 1007 Gordiano

187 1030 276 1072 III
289 1030 504 1072 dedicatus
524 1033 596 1080 est,
619 1033 658 1072 et
676 1031 723 1072 in
744 1034 772 1073 t.
789 1031 973 1073 miliarii
990 1032 1066 1074 sub
1087 1031 1227 1074 eodem
1240 1032 1378 1086 positi
1389 1032 1531 1075 Revue
1552 1033 1730 1075 archeol.
1751 1034 1832 1076 ser.
1849 1033 1910 1075 II

184 1099 326 1142 vol.X
333 1099 457 1142 VIII
471 1098 611 1154 (1868)
623 1104 763 1154 p.441
784 1100 862 1156 (2),
893 1101 968 1154 qui
987 1101 1097 1143 male
1119 1101 1353 1156 descriptus
1383 1101 1654 1156 corriyendus
1674 1104 1736 1143 est
1756 1115 1807 1144 ex
1826 1104 1854 1143 t.
1871 1105 1910 1143 1.

271 1166 422 1210 Κατίου
452 1169 614 1224 Κελερ.
633 1200 643 1210 .
661 1200 672 1210 .
703 1171 731 1212 t.
760 1171 804 1219 2,
847 1167 1017 1211 Καττίου
1050 1169 1226 1227 Κέλερος
1256 1173 1284 1213 t.
1310 1172 1337 1211 1
1368 1168 1431 1221 (ut
1463 1170 1628 1212 omnino
1663 1183 1749 1211 non
1789 1169 1912 1211 semel

185 1236 232 1278 in
253 1235 391 1278 eodem
411 1235 578 1278 homine
597 1236 868 1278 inveniuntur
882 1237 1047 1290 formae
1059 1237 1210 1280 Catius
1227 1241 1267 1280 et
1282 1237 1449 1281 Cattius
1465 1238 1595 1280 veluti
1608 1238 1662 1292 cf.
1679 1252 1721 1280 n.
1731 1238 1842 1292 473).
1859 1262 1910 1268 —

186 1304 379 1359 Legatus
409 1303 598 1359 Augusti
628 1319 706 1360 pro
736 1320 801 1361 pr.
832 1304 1044 1347 Thraciae
1075 1306 1156 1348 sub
1187 1306 1408 1350 Gordiano
1439 1307 1508 1349 ΠΙ
1539 1310 1567 1349 t.
1593 1310 1632 1349 1.
1657 1310 1701 1351 2.

274 1372 441 1415 Cattius
471 1371 598 1415 Celer
626 1373 699 1427 qui
737 1387 827 1415 cum
869 1374 1004 1416 tribus
1045 1374 1145 1416 aliis
1182 1374 1337 1417 Cattiis
1376 1376 1422 1417 in
1461 1379 1487 1417 t.
1517 1375 1685 1418 Cattiae
1723 1374 1912 1416 mulieris

187 1441 406 1484 cuiusdam
433 1444 691 1483 memoratur
720 1442 766 1483 in
794 1445 822 1484 t.
844 1442 925 1484 IX
941 1445 1056 1484 2778
1086 1442 1159 1498 (cf.
1179 1456 1221 1487 n.
1242 1443 1345 1498 480)
1366 1447 1530 1499 reperto
1550 1443 1745 1486 Boviano
1765 1445 1911 1493 vetere,

185 1523 286 1552 num
317 1509 428 1552 idem
455 1510 524 1560 sit,
556 1509 788 1552 diiudicari
815 1511 971 1564 nequit.
1016 1508 1019 1510 ’

100 1578 181 1621 471
216 1585 324 1621 SEX.
367 1584 543 1620 CATIVS
585 1583 942 1620 CLEMENTINVS
982 1585 1335 1622 PRISCILLIANV
1338 1586 1384 1634 S,
1434 1579 1583 1622 consul
1622 1595 1661 1621 a.
1691 1580 1775 1622 230
1815 1593 1909 1621 oum

189 1647 241 1689 L.
273 1647 396 1689 Virio
427 1646 644 1702 Agricola.
705 1647 762 1689 In
791 1647 1033 1689 consulatu:
1065 1647 1163 1690 Sex.
1192 1647 1342 1690 Catius
1373 1647 1668 1691 Clementinus
1697 1647 1787 1690 III
1810 1647 1912 1702 dipl.

186 1714 275 1758 mil.
295 1717 361 1766 51,
395 1715 497 1758 Sex.
530 1714 680 1758 Catius
711 1714 1037 1770 Ossementi]nus
1069 1715 1137 1758 VI
1154 1719 1287 1768 1984,·
1316 1716 1591 1759 Pricillianus
1620 1717 1729 1770 fasti
1753 1717 1911 1770 yraeci‚

187 1783 470 1826 Priscilianus
488 1783 748 1835 Brambach,
768 1784 930 1839 Corpus
946 1785 1279 1840 Inscriptionum
1294 1785 1603 1828 Rhenanarum
1616 1788 1713 1836 231,
1736 1788 1914 1827 ceterum

191 1852 486 1895 Clementinus
515 1853 634 1906 fasti.

102 1920 214 1963 471a
244 1920 394 1964 Catius
423 1919 613 1977 CrispuS‚
645 1921 916 1977 municipalis
947 1921 1114 1977 (rhetor
1144 1922 1320 1978 quidam
1351 1928 1491 1964 aetate
1513 1922 1718 1978 Augusti)
1751 1922 1914 1966 Seneca

126 1984 137 1986 ”
186 2001 349 2031 suasor.
380 1991 423 2039 2,
454 1992 521 2031 16.

107 2056 191 2100 472
223 2055 372 2099 Catius
401 2056 594 2113 Lepidus
626 2056 792 2109 (nomen
821 2057 1083 2112 yentilicium
1113 2059 1296 2100 servavit
1325 2059 1453 2102 codex
1481 2058 1913 2113 Asburnhamianus),

188 2126 351 2167 amicus
382 2124 525 2180 Plinii,
558 2125 613 2167 ad
644 2140 774 2182 quem
803 2127 976 2183 scripsit
1001 2127 1120 2181 epist.
1150 2130 1190 2178 4,
1223 2130 1262 2169 7.

103 2193 186 2236 473
216 2200 259 2235 P.
295 2199 471 2236 CATIVS
503 2200 724 2247 SABINVS,
758 2194 907 2237 consul
936 2195 982 2237 II
1011 2210 1125 2237 anno
1156 2196 1241 2238 216
1271 2210 1371 2238 cum
1393 2196 1442 2238 P.
1465 2195 1665 2238 Cornelio
1687 2194 1908 2238 Anullino.

194 2261 348 2304 Tituli:
386 2262 475 2316 ipse
514 2261 725 2304 dedicavit
761 2263 975 2305 urbanum
1012 2264 1200 2306 versibus
1241 2266 1480 2318 conceptum
1510 2263 1578 2306 VI
1598 2266 1679 2306 313
1709 2262 1780 2318 (1),
1811 2265 1911 2306 item

189 2343 368 2380 carmen,
400 2330 512 2384 quod
528 2331 716 2385 pertinet
746 2331 804 2373 ad
830 2331 948 2374 ludos
969 2330 1191 2375 Castorum
1220 2332 1364 2375 Ostiae
1390 2332 1619 2374 celebratos
1637 2332 1718 2374 XI
1722 2331 1802 2375 171
1824 2332 1886 2389 (2)
1899 2350 1912 2384 ;

186 2401 444 2440 memoratur
471 2398 519 2440 in
548 2401 574 2440 t.
603 2399 770 2441 urbano
800 2399 869 2442 VI
888 2402 970 2442 364
998 2399 1071 2456 (3).

273 2466 329 2508 In
359 2466 603 2509 consulatu:
632 2468 681 2510 P.
705 2467 854 2510 Catius
877 2467 1065 2510 Sabinus
1087 2468 1177 2510 III
1200 2467 1300 2522 dipl.
1331 2467 1419 2509 mil.
1450 2470 1516 2518 49,
1549 2466 1700 2511 Catius
1721 2468 1910 2512 Sabinus

187 2533 312 2577 XIV
323 2537 448 2585 2596,
482 2534 649 2577 Cattius
681 2535 869 2578 Sabinus
891 2536 954 2579 ΙΙ
967 2539 1099 2580 2221.
1131 2539 1255 2586 2663,
1288 2539 1467 2578 ceterum
1498 2536 1685 2579 Sabinus
1714 2538 1833 2591 fasti.
1856 2563 1908 2569 -—

189 2635 199 2645 .
218 2636 228 2645 .
260 2603 409 2646 Catius
440 2603 628 2646 Sabinus
659 2607 687 2646 t.
717 2607 756 2655 3,
790 2604 940 2648 Catius
971 2608 999 2647 t.
1027 2608 1060 2648 2
1087 2618 1124 2647 υ.
1151 2606 1178 2647 5
1208 2604 1394 2647 Sabinus
1422 2618 1458 2645 v.
1489 2608 1527 2655 6,
1560 2605 1710 2648 Catius
1741 2609 1768 2650 t.
1795 2610 1834 2650 1.
1858 2631 1908 2636 -

188 2671 270 2713 Vir
301 2670 562 2713 clarissimus
595 2675 623 2714 t.
649 2676 684 2714 1.

272 2739 455 2781 Praetor
475 2739 596 2781 urbis
615 2739 688 2795 (=
702 2739 908 2794 urbanus)
930 2743 958 2782 t.
980 2744 1019 2791 1,
1050 2741 1149 2782 item
1171 2740 1229 2782 ad
1246 2743 1502 2794 praeturam
1519 2742 1733 2784 urbanam
1751 2746 1913 2797 spectat

187 2807 299 2860 quod
325 2808 415 2861 ipse
444 2821 487 2849 se
518 2807 622 2849 dicit
651 2811 677 2851 t.
700 2811 732 2851 2
765 2808 959 2850 ‘urbanis
990 2808 1181 2851 fascibus
1210 2815 1416 2852 auctum‘.
1470 2809 1626 2852 Consul
1656 2811 1691 2853 I
1711 2810 1911 2863 suffectus

188 2889 300 2918 anno
326 2876 485 2917 incerto
516 2875 678 2918 saeculi
704 2877 766 2918 II
787 2877 983 2919 ineuntis.
1046 2876 1232 2919 Curator
1258 2877 1431 2919 aedium
1460 2893 1684 2921 sacrarum
1712 2894 1910 2936 operum-

188 2958 272 2999 que
303 2943 576 3000 publicorum
607 2959 718 2986 anno
750 2946 833 2987 210
865 2948 892 2989 t.
922 2948 962 2989 3.
1024 2944 1186 2988 Consul
1215 2946 1261 2988 II
1290 2960 1402 2988 anno
1433 2948 1516 2990 216
1546 2947 1664 3001 fasti.
1688 2972 1740 2977 —
1767 2948 1911 2990 Potest

186 3011 297 3054 idem
326 3025 412 3054 esse
445 3013 494 3054 P.
527 3012 677 3055 Catius
709 3012 908 3067 Sabinus,
941 3014 1016 3067 qui
1042 3017 1302 3056 memoratur
1330 3014 1378 3056 in
1406 3017 1436 3057 t.
1465 3016 1576 3057 servi
1604 3015 1646 3058 V
1664 3019 1786 3059 7677.

114 3104 172 3109 -—-
214 3086 260 3122 L.
292 3086 500 3122 CATTIVS
532 3087 756 3123 SEVERVS
786 3081 879 3123 vide
909 3080 1090 3125 CattiuS.

101 3149 186 3190 474
216 3154 280 3191 TI.
321 3155 497 3191 CATIVS
545 3155 701 3191 SILIVS
747 3155 990 3193 ITALICVS.
1052 3149 1211 3193 Consul
1257 3165 1368 3193 anno
1405 3152 1460 3194 68
1506 3167 1603 3194 cum
1647 3154 1692 3195 P.
1734 3153 1910 3198 Galerio

187 3217 413 3261 Trachalo.
431 3242 486 3248 -
504 3218 681 3260 Nummi
700 3218 746 3272 a)
768 3218 976 3273 Smyrnae
996 3219 1037 3273 b)
1057 3218 1266 3273 Dorylaei
1285 3222 1322 3276 c)
1342 3219 1539 3262 Blaundi
1555 3221 1632 3263 sub
1654 3221 1910 3276 Vespasiano

189 3286 290 3335 cusi,
324 3286 397 3340 qui
423 3287 470 3328 in
492 3289 622 3341 parte
653 3299 802 3328 aversa
827 3287 1019 3329 exhibent
1040 3285 1301 3344 Ἀνθυ(πάτῳ)
1325 3287 1505 3347 Ἰταλικῷ
1523 3279 1590 3331 vel
1607 3288 1697 3332 Ἐπὶ
1718 3289 1910 3335 Ἰταλικοῦ

189 3352 487 3408 Waddinqtom
519 3355 675 3397 Fastes
702 3369 744 3397 n.
771 3357 838 3397 98.

170 3424 452 3462 Prosopographia.
470 3426 664 3462 Imp.'Rom.
700 3428 727 3455 Ι.
1592 3427 1635 3462 21
