2202 3730
120 300 376 337 CALVISIVS
979 295 1061 338 295
1732 301 1923 338 CALVVS

115 431 202 474 <292
232 430 446 473 Calvisius
491 430 662 472 Taurus
712 431 791 484 (sic
827 431 953 486 plene
1000 431 1186 482 Gellius,
1233 436 1412 474 ceterum
1457 432 1669 486 Taurus),
1720 432 1925 488 Berytius

205 498 366 542 Suidas
394 512 426 542 s.
454 513 491 541 v.
525 499 689 555 Ταῦρος,
721 499 1006 554 Hieronymus
1037 499 1095 542 ad
1123 514 1161 543 a.
1193 500 1301 544 Abr.
1334 503 1467 550 2161,
1502 500 1722 554 Syncellus
1741 515 1792 554 p.
1819 503 1926 552 662;

146 597 150 600 »
204 566 483 623 philosophus
516 566 763 609 Platonicus
803 567 883 609 sub
915 567 1136 609 Antonino
1172 569 1250 610 Pio
1281 571 1474 610 auctores
1512 567 1691 618 laudati,
1733 567 1925 624 aequalis

206 634 349 689 Gellii,
382 636 457 691 qui
475 634 662 677 Athenis
683 635 875 678 scholam
895 635 1082 678 habebat
1110 635 1274 678 Gellius
1288 637 1468 690 passim.
1509 636 1719 691 Magister
1738 636 1925 678 Herodis

204 703 338 745 Attici
366 702 620 747 Philostrat.
650 705 722 746 vit.
753 703 924 757 sophist.
950 707 994 754 2,
1018 707 1056 754 1,
1079 707 1144 747 14.

291 773 540 814 Sententiae
562 774 652 814 eius
673 772 742 814 vel
764 772 881 814 dicta
900 772 1144 814 afferuntur
1168 772 1276 814 Gell.
1298 775 1337 823 1,
1358 776 1398 822 9,
1420 775 1472 823 8,·
1499 776 1534 822 1,
1557 776 1615 815 26
1626 786 1640 824 ,·
1663 776 1706 823 2,
1723 776 1774 823 2;
1795 776 1832 823 7,
1850 775 1926 823 13;

201 844 242 891 8,
264 843 313 891 6;
342 844 382 891 9,
405 843 444 890 5,
466 843 517 892 8;
546 844 614 891 10,
635 843 712 891 19;
740 844 808 891 17,
828 843 879 891 8;
908 844 974 890 17,
995 844 1078 890 20;
1106 842 1175 890 18,
1203 843 1280 891 10,·
1308 844 1376 890 19,
1399 843 1435 889 6,
1462 844 1517 891 2,·
1546 843 1616 891 20,
1647 844 1686 884 4.
1745 839 1925 896 Ἔγραψε

205 911 291 965 περὶ
320 913 389 964 τῆς
415 914 493 951 τῶν
526 911 733 965 δογμάτων
764 910 956 964 διαφορᾶς
983 908 1199 954 Πλάτωνος
1226 910 1291 950 καὶ
1314 907 1589 964 Ἀριστοτέλου,
1612 911 1698 964 περὶ
1726 911 1925 964 σωμάτων

202 980 266 1020 καὶ
307 979 532 1033 ἀσωμάτων
573 979 636 1019 καὶ
671 977 776 1019 ἄλλα
807 980 970 1019 πλεῖστα
1003 976 1186 1027 Suidas,·
1228 977 1522 1018 commentarii
1554 979 1645 1018 eius
1676 976 1925 1030 (Platonici)

201 1046 441 1087 afferuntur
463 1044 570 1088 G'ell.
602 1049 641 1098 1,
669 1048 739 1094 26,
769 1047 821 1095 3,·
861 1046 1028 1100 primus
1068 1045 1474 1086 commentariorum
1504 1059 1611 1101 quos
1654 1045 1698 1086 in
1730 1045 1925 1099 Gorgian

202 1113 395 1155 Platonis
425 1113 666 1169 composuit
704 1113 788 1154 ibd.
823 1116 861 1163 7,
892 1116 958 1163 14,
989 1117 1029 1155 5.
1061 1138 1113 1142 -
1145 1112 1213 1154 De
1246 1113 1461 1155 sententiis
1492 1112 1799 1167 philosophicis
1837 1113 1926 1155 eius

202 1182 256 1235 cf.
290 1181 442 1228 Zeller,
474 1181 750 1235 Philosophie
781 1180 854 1223 cler
881 1180 1089 1223 Griechen
1118 1181 1208 1223 III
1229 1184 1255 1222 1
1276 1195 1324 1234 p.
1346 1183 1429 1222 807
1456 1195 1498 1222 n.
1516 1184 1556 1223 5.

118 1250 201 1292 293
232 1257 274 1292 Ρ.
307 1255 566 1291 CALVISIVS
598 1255 788 1290 TVLLVS
821 1247 898 1300 (sic
921 1248 1047 1302 plene
1078 1248 1146 1290 VI
1156 1251 1271 1291 2016
1290 1249 1398 1302 fasti
1420 1249 1629 1302 feriarum
1650 1249 1924 1304 Latinarum)

167 1347 170 1349 Δ
203 1317 352 1360 consul
382 1317 404 1359 I
435 1316 675 1371 (suffectus)
706 1331 744 1360 a.
772 1316 850 1358 109
879 1331 977 1357 cum
1007 1317 1058 1358 L.
1081 1316 1224 1358 Annio
1247 1317 1391 1371 Largo
1425 1316 1493 1359 VI
1514 1320 1626 1360 2016
1635 1330 1649 1368 ,·
1678 1316 1743 1358 bis
1775 1316 1926 1359 consul

112 1419 115 1422 .
201 1386 272 1429 vit.
306 1386 455 1428 Marci
483 1389 530 1435 1,
560 1388 589 1427 3
628 1383 788 1437 (consul
824 1385 879 1427 11
915 1384 1116 1435 suffectus
1155 1399 1266 1427 anno
1306 1386 1506 1440 incerto);
1545 1392 1668 1441 pater
1706 1386 1925 1427 Domitiae

202 1454 414 1498 Calvillae
457 1454 607 1495 matris
653 1453 712 1496 M.
752 1452 886 1494 Annii
926 1453 1031 1494 Veri
1073 1454 1147 1509 qui
1193 1454 1424 1509 imperavit
1465 1454 1552 1496 ibd.
1592 1455 1647 1508 cf.
1687 1454 1809 1508 infra
1848 1455 1923 1496 sub

201 1525 253 1566 L.
285 1523 440 1566 Catilio
475 1522 629 1565 Severo
663 1521 804 1564 ‘Avus
843 1536 963 1563 meus
1005 1522 1053 1565 P.
1088 1509 1535 1564 CalvisiffMarcus
1571 1522 1629 1564 ad
1666 1522 1926 1565 Frontonem

200 1595 239 1644 3,
272 1595 304 1635 2
324 1606 372 1646 p.
394 1594 446 1633 41
477 1590 540 1632 ed.
573 1590 735 1632 Naber.
773 1616 819 1620 —
861 1589 982 1632 Iclem
1010 1591 1241 1632 mem-orari
1267 1589 1432 1632 videtur
1461 1591 1507 1631 in
1536 1590 1659 1632 titulo
1688 1591 1924 1634 Puteolano

200 1660 311 1715 servi
339 1658 501 1702 Calvisi
533 1657 651 1700 Tulli
679 1658 728 1700 X
754 1660 883 1701 2625.

114 1730 200 1772 294
230 1733 462 1770 CALVISIA
493 1726 826 1780 FLAcoln(L)A‚
861 1725 951 1768 filia
979 1725 1028 1770 O.
1052 1725 1230 1768 Calvisii
1256 1725 1408 1769 Sabini
1426 1725 1532 1769 CIA
1547 1727 1740 1770 ΙΙ1868.
1778 1728 1927 1777 ¹Potest

199 1796 295 1851 filia
321 1809 406 1838 esse
435 1794 618 1838 consulis
645 1808 684 1837 a.
709 1797 788 1837 750
818 1814 874 1828 =
901 1797 929 1836 4
959 1808 999 1836 a.
1029 1793 1076 1836 Ο.
1106 1794 1170 1836 vel
1199 1794 1382 1836 consulis
1412 1809 1452 1837 a.
1475 1798 1534 1838 26
1554 1810 1602 1850 p.
1631 1795 1677 1840 C.

103 1865 198 1909 295
228 1871 272 1907 T.
304 1870 526 1917 cALVIVS,
558 1863 617 1906 M.
648 1862 679 1905 f.
708 1862 757 1905 X
779 1865 889 1905 6520
919 1863 973 1916 ef.
1002 1877 1044 1904 n.
1074 1866 1173 1906 296.

100 1934 197 1987 ⁷296
227 1940 280 1976 M.
314 1938 524 1974 CALVIVS
555 1937 771 1974 PRISCVS.
837 1930 972 1973 Tituli
1010 1931 1099 1973 eius
1135 1930 1319 1973 Coroni:
1357 1931 1407 1973 X
1431 1934 1544 1974 6520
1575 1931 1646 1986 (1),
1688 1932 1806 1974 cuius
1847 1931 1928 1974 duo

200 2001 390 2056 exempla
417 1999 583 2042 saeculo
613 1998 712 2042 XV
733 1999 925 2052 confecta
953 2002 1121 2050 eoetant;
1152 1999 1328 2042 alterius
1356 1999 1406 2041 X
1426 2003 1537 2042 6521
1567 1999 1644 2055 (2),
1676 2001 1749 2053 qui
1774 2000 1929 2042 similis

198 2070 331 2122 fuisse
358 2068 534 2118 videtur,
565 2066 754 2121 frustula
782 2067 907 2109 semel
937 2067 1150 2121 descripta
1179 2070 1288 2109 sunt.

293 2138 338 2179 Τ.
360 2141 385 2179 1
412 2137 472 2178 sic
502 2136 591 2189 fere
617 2135 825 2177 traditur:
853 2135 910 2177 M.
935 2134 1059 2177 Calvi
1080 2135 1139 2178 M.
1163 2135 1190 2177 f.
1214 2136 1435 2192 Pap(inia)
1462 2136 1600 2177 Prisci
1622 2135 1696 2190 fili,
1719 2136 1779 2178 M.
1801 2136 1925 2179 Calvi

201 2206 261 2248 M.
284 2206 311 2248 f.
334 2206 439 2261 Pap.
463 2204 602 2246 Prisci
634 2210 744 2259 patr.
776 2202 932 2245 adlecti
964 2204 1009 2244 in
1040 2203 1191 2245 ordine
1221 2205 1435 2246 senatorio
1459 2219 1484 2245 a
1506 2204 1571 2246 Ti.
1595 2203 1778 2246 Claudio
1801 2204 1924 2246 Caes.

201 2274 315 2328 Aug.
347 2272 606 2317 Germanico
638 2271 852 2325 cens(ore)
885 2272 998 2313 inter
1036 2271 1300 2325 tribunicios,
1338 2272 1388 2316 T.
1421 2271 1544 2314 Calvi
1575 2272 1636 2313 M.
1667 2272 1696 2314 f.
1762 2272 1927 2314 Titulus

198 2342 364 2385 insolito
384 2355 499 2383 more
519 2343 737 2394 conceptus
758 2339 863 2380 mihi
873 2340 1087 2393 pertinere
1106 2339 1271 2381 videtur
1290 2342 1332 2395 1)
1355 2339 1413 2381 ad
1431 2340 1497 2384 M.
1517 2339 1709 2382 Calvium
1730 2339 1923 2382 Priscum

196 2414 368 2467 patrem
408 2424 436 2452 a
473 2408 658 2452 Claudio
696 2409 741 2449 in
783 2407 969 2449 ordinem
1009 2407 1313 2461 amplissimum
1354 2408 1583 2457 adlectum,
1624 2407 1670 2461 2)
1702 2408 1760 2450 ad
1787 2409 1923 2463 filiu-m

200 2479 493 2534 coynominem,
526 2477 570 2531 3)
602 2476 660 2518 ad
693 2476 831 2519 Titum
861 2476 1008 2530 filium.
1037 2501 1089 2506 —
1128 2476 1295 2518 Calvio-s
1326 2475 1498 2518 Priscos
1533 2490 1582 2518 ew
1618 2476 1733 2518 Cora
1773 2477 1924 2530 oppido

200 2547 399 2591 oriundos
438 2547 570 2600 fuisse
610 2548 649 2588 et
689 2545 802 2587 locus
832 2544 1048 2586 titulorum
1079 2548 1118 2587 et
1148 2545 1282 2586 tribus
1312 2544 1469 2586 docent.

113 2618 196 2661 297
228 2622 414 2658 CALVIA
435 2620 752 2656 CRISPINILLA
773 2612 951 2666 (Galvia
973 2613 1160 2655 traditur
1182 2612 1298 2666 opud
1320 2612 1542 2667 Tacitum),
1575 2613 1734 2654 femina
1753 2612 1922 2666 nobilis,

200 2685 396 2727 ministra
435 2683 664 2725 libidinum
702 2682 910 2735 Neronis,
944 2696 1055 2737 quae
1097 2683 1137 2722 in
1173 2682 1359 2725 Graecia
1389 2688 1546 2723 cuncta
1576 2681 1807 2737 diripiebat
1835 2681 1923 2723 Dio

182 2743 264 2804 63,
286 2755 356 2795 12.
407 2752 512 2794 Post
540 2765 692 2792 necem
711 2750 896 2792 Neronis
928 2748 1201 2805 expostulata
1230 2749 1287 2791 ad
1317 2749 1577 2805 supplicium
1605 2765 1631 2791 a
1663 2748 1806 2792 Galba
1837 2763 1921 2791 ser·

198 2810 301 2863 vata
334 2826 421 2874 est3
461 2826 735 2873 transgressa
763 2819 808 2859 in
840 2817 1033 2859 Africam
1075 2817 1130 2858 ad
1171 2816 1466 2871 instigandum
1498 2818 1541 2858 in
1572 2832 1692 2859 arma
1722 2817 1922 2861 Clodium

199 2889 398 2931 Macrum
428 2887 587 2929 famem
617 2884 775 2942 populo
807 2886 1001 2928 Romano
1033 2885 1149 2927 haud
1179 2885 1362 2927 obscure
1391 2884 1564 2939 molita3
1604 2887 1735 2928 totius
1775 2893 1923 2942 postea

185 2957 390 2998 ‚civitatis
434 2956 620 3011 gratiam
664 2954 854 2996 obtinuit
897 2953 1113 2996 consulari
1159 2955 1432 2996 matrimonio
1478 2954 1667 2997 subnixa
1715 2961 1757 2997 et
1805 2954 1922 3010 apud

188 3025 385 3080 Galbam
415 3023 631 3067 Othonem
658 3022 883 3064 Vitellium
921 3022 1079 3076 illaesa,
1116 3037 1218 3063 mox
1260 3028 1413 3078 potens
1450 3024 1635 3078 pecunia
1665 3030 1708 3065 et
1737 3022 1922 3066 orbitate

100 3125 102 3127 »
130 3096 132 3098 ’
203 3093 302 3136 Tac.
323 3093 364 3135 h.
385 3096 424 3143 1,
447 3096 513 3134 73.
543 3091 748 3134 Fortasse
759 3093 962 3144 parentes
987 3091 1075 3132 eius
1090 3094 1377 3132 memorantur
1396 3091 1442 3133 in
1463 3094 1490 3133 t.
1512 3092 1679 3134 urbano
1709 3091 1778 3134 VI
1789 3094 1922 3134 16586

124 3195 127 3197 .
198 3159 474 3217 Crispinillae
512 3159 687 3202 Euhodi
727 3159 818 3200 divi
857 3157 971 3212 Aug.
1012 3158 1040 3200 l.
1081 3158 1263 3201 libertae
1302 3183 1444 3203 ——,.—
1483 3158 1532 3203 C.
1564 3158 1741 3202 Calvius
1770 3160 1920 3214 Logus

197 3228 353 3272 conlib.
385 3229 570 3283 coniugi.

115 3297 199 3340 298
229 3296 497 3351 Calusidius,
519 3296 643 3338 miles
673 3296 889 3337 exercitus
920 3294 1169 3337 Germanici
1199 3310 1311 3338 anno
1346 3296 1399 3338 14
1423 3296 1522 3338 Tac.
1541 3300 1580 3346 1,
1601 3299 1666 3340 35.

113 3365 196 3408 299
227 3364 390 3408 Calvus
421 3365 482 3419 (et
512 3371 694 3419 uetanus
726 3362 1012 3406 et.catulinus
1043 3363 1171 3416 codex
1196 3363 1507 3418 Floriacensis)
1540 3371 1581 3406 et
1601 3364 1811 3419 Titianus,
1843 3365 1917 3420 qui
