2202 3730
117 302 366 355 CLAVDIVS
429 353 437 359 ,
977 299 1062 344 379
1673 308 1923 346 cLAvmvs

202 434 263 479 ed.
304 434 607 487 Berolinensis,
650 437 840 492 Simplic.
872 453 921 493 p.
951 441 1049 482 325.
1089 442 1183 482 573.
1223 442 1317 482 708.
1349 443 1440 483 718.
1475 443 1568 483 719.
1598 443 1730 494 1039,
1773 442 1927 484 Ioann.

202 503 430 558 Phitqvon.
459 506 506 547 in
534 505 716 550 Aristot.
748 506 879 561 Phys.
908 522 956 561 p.
987 510 1080 562 576,
1111 508 1308 554 Eustrat.
1339 510 1384 551 in
1423 509 1567 553 Ethic.
1599 523 1632 553 c.
1665 509 1831 552 Nicom.
1862 514 1927 552 73.

204 571 319 614 Num
348 573 395 614 in
426 575 631 627 eoecerptis
651 573 880 616 Damascii
905 576 1017 617 vitae
1036 575 1201 618 Isidori
1226 579 1312 619 275
1333 576 1525 620 Galenus
1554 578 1630 631 qui
1655 581 1925 632 memoratur,

200 640 384 683 medicus
413 642 714 696 intellegendus
743 644 810 693 sit,
839 657 923 686 non
953 645 1060 686 satis
1090 645 1281 699 dispicio.
1301 669 1358 674 —
1387 644 1456 687 De
1484 646 1626 700 fiyura
1657 645 1793 700 loyica
1821 660 1928 699 quae

199 709 340 763 fertur
376 708 534 752 Galeni
572 711 625 764 cf.
656 709 825 765 Prantl,
869 711 1114 755 Geschichte
1144 712 1218 755 der
1245 713 1383 767 Loyik
1412 713 1446 755 Ι
1469 727 1519 767 Ρ.
1549 716 1643 767 570,
1675 713 1736 755 ΙΙ
1760 728 1810 768 Ρ.
1840 716 1927 756 295

202 776 300 820 adn.
322 780 419 821 112.

390 856 528 901 Spretis
563 862 596 894 et
629 859 873 895 Ackermanni
905 863 938 895 et
972 860 1301 905 biblioyraphorum
1334 860 1523 905 (Paniai,
1558 861 1712 905 Hainii,
1749 861 1927 903 Graessii,

300 914 485 958 Brunetit)
514 915 802 951 indicationibus
837 917 1116 960 inscriptionum
1141 917 1335 953 editionum
1365 917 1498 953 Galem?
1531 919 1627 964 typis
1659 918 1927 963 impressarum,

298 982 389 1015 quas
405 972 551 1007 minime
567 977 758 1008 acowratas
775 984 851 1008 esse
866 974 1009 1009 collatis
1026 974 1129 1009 libris
1145 975 1240 1020 ipsis
1255 978 1420 1019 eac-pertus
1437 986 1527 1017 sum,
1553 975 1620 1009 hae
1643 979 1730 1010 sunt
1752 975 1926 1010 editiones

297 1029 591 1072 antiquissimae,
626 1030 668 1065 in
696 1030 829 1074 quibus
858 1031 1010 1066 nomina
1044 1031 1195 1066 Claudii
1222 1030 1354 1066 Galerii
1384 1031 1503 1066 adhuc
1532 1032 1657 1067 inveni
1663 1046 1675 1066 .·
1710 1033 1743 1076 1)
1773 1030 1926 1067 Claudii

297 1083 435 1120 Galeni
461 1085 508 1120 de
532 1085 647 1120 sectis
672 1086 902 1122 medicorum
927 1086 1094 1134 Georgio
1119 1087 1235 1123 Valla
1258 1087 1477 1133 interprete.
1514 1087 1690 1123 Libellus
1714 1086 1924 1123 Alexandri

297 1141 530 1187 Aphrodisei
563 1143 702 1178 medici
739 1143 882 1179 clariss.
908 1144 954 1180 de
984 1143 1158 1180 febribus
1184 1145 1315 1180 eodem
1341 1144 1561 1190 interprete.
1608 1144 1854 1191 Hippocratis
1879 1145 1926 1180 de

296 1201 433 1234 natura
464 1199 628 1235 humana
654 1199 810 1235 Andrea
841 1200 998 1236 Brentio
1026 1200 1218 1237 Patavino
1250 1200 1472 1247 interprete.
1520 1200 1679 1237 Parisiis
1705 1202 1744 1236 in
1770 1200 1925 1238 officina

295 1254 451 1291 Henrici
469 1256 654 1303 Stephani
671 1268 705 1293 a.
726 1258 825 1293 1518.
861 1257 1039 1303 Georgius
1056 1264 1173 1293 autem
1193 1258 1299 1294 Valla
1323 1270 1422 1294 anno
1437 1261 1532 1294 1499
1555 1263 1718 1295 nwrtuus
1743 1263 1805 1302 est,
1829 1263 1925 1304 post-

296 1325 405 1357 quam
429 1315 558 1350 multos
583 1315 694 1350 libros
712 1314 843 1351 Galeni
861 1315 972 1350 latine
991 1326 1111 1351 versos
1133 1316 1175 1350 in
1198 1315 1382 1360 publicum
1403 1316 1512 1350 misit.
1554 1316 1695 1351 Earum
1711 1317 1924 1358 versionum,

297 1381 390 1414 quas
421 1372 512 1407 mihi
542 1371 662 1408 adhuc
691 1384 767 1409 non
796 1373 898 1408 licuit
928 1373 1005 1418 ipsi
1034 1373 1259 1415 examinare,
1291 1373 1489 1409 nonnullas
1517 1376 1726 1408 enumerant
1756 1372 1923 1418 Wayner,

296 1427 502 1464 Grmidaiss
532 1429 566 1464 d.
592 1430 702 1465 klaes.
725 1429 891 1474 BibL-p.
914 1432 962 1466 23
994 1432 1026 1464 et
1055 1429 1220 1474 Manyet,
1246 1430 1342 1464 Bibl.
1366 1430 1489 1474 script.
1516 1429 1638 1464 medic.
1662 1429 1709 1464 11
1732 1433 1758 1466 2
1779 1442 1816 1475 p.
1841 1432 1925 1466 437.

294 1485 457 1531 Apparet
480 1491 596 1522 autern
620 1486 807 1522 editionem
822 1486 1036 1522 Parisinam
1058 1498 1103 1522 ex
1124 1487 1329 1531 antiquiore
1351 1487 1535 1532 repetitam
1551 1498 1637 1522 esse.
1653 1508 1699 1513 -
1715 1487 1750 1531 2)
1770 1485 1923 1522 Claudii

296 1540 436 1578 Galeni
452 1542 679 1589 Pergameni
699 1543 787 1578 libri
812 1546 890 1578 tres
913 1543 959 1578 de
983 1543 1153 1587 crisibus,
1178 1543 1338 1579 Nicolao
1360 1543 1576 1579 Leoniceno
1599 1543 1806 1590 interprete
1823 1556 1924 1579 nunc

297 1598 421 1634 denuo
437 1598 561 1634 recusi
578 1602 617 1635 et
633 1599 706 1635 sibi
722 1599 834 1645 plene
850 1599 1017 1634 restituti
1034 1602 1150 1646 atque
1163 1600 1211 1634 ad
1228 1600 1353 1646 graeci
1368 1599 1594 1646 exemplaris
1606 1598 1719 1635 fidem
1735 1601 1922 1648 recogniti

297 1667 409 1702 quam
425 1654 654 1692 fidelissime.
690 1656 882 1692 Lutetiae.
910 1655 1026 1703 Apud
1046 1656 1301 1693 Christianum
1317 1656 1489 1699 Wechel,
1505 1659 1558 1700 (in
1577 1659 1720 1702 paqina
1737 1662 1890 1693 extrema
1902 1661 1926 1701 :)

295 1712 450 1748 Parisiis
474 1724 574 1749 anno
603 1713 770 1761 virginei
799 1718 932 1760 partus
970 1715 1067 1757 1528,
1098 1715 1139 1749 in
1163 1715 1309 1760 paqina
1340 1725 1470 1750 aversa
1501 1715 1586 1759 folii
1603 1715 1720 1760 primi
1727 1730 1738 1749 .·
1763 1714 1925 1750 Ioannes

295 1770 577 1817 Heteropolites
593 1773 651 1814 (=
664 1771 878 1807 Guinterius
890 1772 1050 1807 Ioannes
1062 1771 1318 1815 Andernacus)
1334 1771 1495 1806 candido
1511 1771 1644 1807 lectori
1661 1771 1848 1815 s(alutem)
1862 1775 1923 1807 etc.

294 1828 330 1873 3)
359 1827 511 1864 Claudii
547 1827 684 1864 Galeni
722 1828 947 1874 Pergameni
981 1828 1080 1865 liber
1109 1828 1158 1864 de
1194 1827 1444 1874 plenitudine.
1495 1827 1666 1874 Polybus
1697 1828 1744 1862 de
1780 1828 1924 1863 salubri

294 1885 420 1921 victus
443 1885 592 1922 ratione
615 1885 860 1932 privatorum.
901 1885 1102 1922 Guinterio
1119 1884 1261 1921 Ioanne
1277 1885 1505 1920 Andernaco
1521 1885 1729 1931 interprete
1746 1890 1806 1921 etc.
1824 1885 1925 1931 apud

295 1942 442 1977 eundem
465 1942 583 1978 eodem
606 1954 716 1979 anno.
756 1943 792 1986 4)
815 1941 871 1978 Cl.
897 1942 1037 1978 Galeni
1060 1942 1208 1989 aliquot
1231 1941 1354 1978 libelli
1379 1953 1447 1987 per
1472 1941 1714 1978 Guinterium
1744 1942 1922 1978 Ioannem

294 1997 563 2035 Andemacum
582 2000 723 2046 partim
738 1999 934 2047 recogniti,
951 1999 1090 2046 partim
1106 2011 1206 2034 nunc
1222 1999 1384 2045 primum
1399 1999 1512 2042 versi,
1531 2010 1689 2045 quorum
1707 1999 1923 2046 catalogum

294 2056 479 2092 indicabit
501 2057 643 2103 pagina
674 2057 768 2093 haec
789 2068 913 2093 versa.
963 2056 1124 2093 Froben.
1155 2056 1331 2092 Basileae
1364 2067 1462 2092 auno
1494 2055 1702 2092 MDXXIX
1733 2058 1811 2102 (qui
1837 2058 1924 2092 liber

295 2115 386 2150 male
406 2114 607 2160 descriptus
631 2119 683 2150 est
707 2116 752 2150 ab
769 2115 1016 2151 Ackermanno
1037 2127 1077 2161 p.
1091 2117 1186 2158 485).
1221 2116 1256 2155 5)
1281 2113 1337 2150 CI.
1355 2113 1493 2150 Galeni
1518 2114 1565 2148 de
1591 2114 1735 2149 semine
1758 2113 1787 2149 Ι.
1805 2112 1922 2148 Guin-

296 2171 393 2207 terio
425 2170 652 2207 Andemaco
686 2172 912 2218 interprete,
948 2171 1111 2208 Parisiis
1143 2172 1245 2218 apud
1277 2171 1468 2208 Simonem
1501 2170 1726 2206 Colinaeum
1761 2181 1794 2206 a.
1823 2170 1922 2212 1528,

295 2240 396 2273 quem
421 2229 552 2266 librum
573 2230 727 2266 nonnisi
749 2241 793 2266 ex
816 2230 1054 2275 descriptione
1077 2229 1316 2275 Hoffmanni,
1346 2229 1444 2264 Bibl.
1469 2229 1557 2264 Lex.
1581 2228 1652 2263 ΠΒ
1673 2240 1712 2272 p.
1737 2231 1805 2264 135
1829 2228 1923 2262 novi.

295 2285 472 2323 Nicotaus
490 2291 608 2322 autem
623 2287 849 2323 Leonicenus
865 2298 977 2332 neque
991 2287 1033 2322 in
1049 2287 1276 2322 versionibus
1295 2287 1431 2329 latinis,
1458 2297 1550 2330 quas
1573 2286 1651 2330 ipse
1669 2285 1790 2329 edidit,
1814 2295 1926 2328 neque

296 2344 337 2378 in
360 2344 446 2379 aliis
470 2345 618 2389 seriptis
641 2343 804 2388 (Nicolai
826 2343 1032 2380 Leoniceni
1055 2343 1223 2379 Vicetini
1250 2342 1464 2389 philosophi
1497 2344 1535 2377 et
1562 2341 1698 2377 medici
1727 2341 1923 2377 clarissimi

298 2400 490 2447 opuscula,
506 2400 682 2438 Basileae
702 2402 802 2446 1532)
829 2401 979 2437 Claudii
1001 2401 1146 2436 nomine
1168 2411 1261 2436 usus
1285 2404 1345 2435 est.
1384 2400 1515 2444 Itaque
1533 2400 1691 2435 Ioannes
1709 2399 1923 2435 Guinterius

296 2457 536 2494 Andemacus
566 2458 619 2502 (id
642 2462 693 2494 est
718 2458 876 2494 ‘Winter
899 2470 969 2494 aus
994 2457 1254 2501 Andernach'),
1288 2457 1351 2501 qui
1378 2460 1548 2501 quattuor
1574 2457 1719 2491 illorum
1750 2457 1924 2492 libron

297 2519 425 2551 auctor
445 2520 507 2552 ‘est
538 2527 582 2552 ac
606 2520 736 2561 postea
759 2516 924 2562 deinceps
946 2516 1060 2560 plura
1085 2516 1161 2551 alia
1184 2515 1319 2559 scripta
1344 2514 1504 2549 ‘Claudii
1526 2513 1666 2552 Gale-m*
1691 2513 1802 2548 latine
1823 2523 1924 2548 versa

296 2572 416 2617 edidit,
441 2573 600 2609 versioni
622 2573 821 2609 Leoniceni
842 2573 1009 2618 repetitae
1026 2573 1183 2617 proprio
1206 2571 1330 2607 Marte
1353 2571 1501 2606 Claudii
1517 2570 1649 2606 Galeni
1670 2580 1798 2605 nomen
1820 2581 1924 2614 prae-

296 2630 387 2675 fixit.
434 2630 551 2675 Atque
581 2630 744 2667 dubitari
764 2634 885 2675 potest
915 2642 965 2665 an
995 2630 1111 2665 simile
1141 2629 1228 2673 quid
1258 2631 1393 2674 factum
1425 2629 1472 2663 sit
1502 2629 1539 2662 in
1566 2627 1718 2662 editione
1747 2627 1923 2662 Parisina

293 2688 470 2723 versionis
500 2687 633 2723 Vanae.
666 2708 709 2712 —
740 2688 774 2731 6)
804 2687 958 2723 Claudii
987 2685 1126 2722 Galeni
1158 2684 1384 2731 Pergameni
1415 2684 1620 2720 secundum
1650 2683 1923 2730 Hippocratem

295 2745 525 2781 medicorum
555 2745 669 2782 facile
698 2745 883 2791 principis
916 2755 1011 2790 opus
1042 2743 1089 2778 de
1119 2755 1191 2778 usu
1224 2741 1389 2788 partium
1414 2741 1582 2787 corporis
1607 2740 1760 2776 humani
1785 2751 1924 2786 magna

296 2813 388 2837 cura
411 2802 461 2837 ad
487 2802 711 2849 exemplaris
735 2801 865 2848 graeci
882 2801 1086 2837 veritatem
1111 2799 1349 2846 castigatum,
1374 2798 1553 2834 universo
1570 2798 1764 2834 hominum
1788 2797 1920 2844 generi

296 2859 465 2905 apprime
489 2859 753 2902 necessarium,
778 2858 939 2895 Nicolao
963 2857 1088 2903 Regio
1104 2856 1266 2893 Calabro
1291 2855 1510 2901 interprete.
1549 2854 1723 2891 Parisiis.
1762 2855 1818 2890 Ex
1839 2853 1920 2890 offi-

295 2914 383 2950 cina
407 2915 570 2952 Simonis
594 2914 779 2951 Colinaei.
828 2915 926 2951 1528.

371 2984 562 3020 Praeterea
574 2983 651 3018 vidi
662 2984 793 3019 librum
804 2983 1038 3026 inscriptum.-
1048 2980 1222 3016 Thaddei
1234 2980 1445 3021 Florentini
1458 2980 1687 3016 medicorum
1701 2990 1771 3014 sua
1782 2982 1922 3025 tempe·

297 3043 397 3076 state
420 3040 600 3086 principis
624 3040 663 3075 in
688 3039 731 3075 C.
753 3040 832 3084 (sic)
857 3038 941 3075 Gal.
968 3037 1249 3073 Micratechnen
1274 3037 1532 3073 commentarii
1556 3037 1718 3073 secunde
1745 3036 1921 3071 editionis

297 3097 497 3133 emaculati
515 3100 554 3133 et
569 3097 619 3132 ab
637 3096 840 3132 oblivionis
858 3095 997 3131 iniuria
1013 3094 1229 3140 nuperrime
1246 3093 1433 3130 vindicati
1449 3094 1574 3130 studio
1588 3093 1734 3129 Thome
1746 3092 1919 3138 Dionysii

295 3154 396 3190 Polii
429 3156 548 3200 Neap.
574 3154 654 3190 edit.
687 3153 850 3199 Neapoli
881 3163 981 3187 anno
1014 3150 1219 3194 MDXXH,
1249 3152 1315 3187 ubi
1343 3153 1385 3187 in
1416 3155 1521 3197 parte
1548 3162 1674 3187 aversa
1698 3151 1781 3196 folii
1807 3151 1921 3194 prim-i

297 3213 444 3259 leyitwr:
469 3211 638 3247 Adriano
660 3210 717 3246 VI
741 3221 883 3245 summo
906 3212 1009 3255 pont.
1026 3208 1192 3243 Thomas
1215 3207 1424 3254 Dionysius
1445 3207 1578 3244 Polius
1599 3207 1719 3253 Neap.
1746 3206 1781 3242 S.
1806 3207 1848 3242 P.
1873 3207 1919 3242 D.

297 3268 392 3306 Cum
415 3268 600 3315 superiori
624 3280 722 3304 anno
747 3267 900 3303 beatiss.
925 3266 979 3313 pf.
1002 3265 1043 3302 C.
1069 3265 1208 3302 Galeni
1235 3264 1521 3301 Micratechnen
1544 3277 1640 3312 opus
1663 3265 1710 3300 de
1734 3263 1921 3300 medicina

294 3326 408 3373 plane
418 3326 711 3372 pulcherrimum
723 3324 878 3371 publice
892 3334 1114 3370 exponerem
1126 3326 1202 3368 etc.;
1216 3322 1333 3358 eodem
1346 3327 1481 3368 spectat
1494 3323 1647 3365 libellus,
1661 3323 1764 3357 cuius
1776 3322 1921 3357 titulum

294 3385 441 3420 omnino
464 3394 540 3418 non
564 3387 730 3418 accurate
753 3382 892 3417 indicat
911 3381 1064 3424 Panzer,
1089 3381 1253 3433 Annales
1276 3381 1530 3430 typoyraphici
1552 3380 1634 3416 VH
1646 3392 1685 3428 Ρ.
1702 3382 1776 3415 430
1798 3391 1835 3414 n.
1848 3381 1918 3414 44.-
