<?xml version="1.0" encoding="UTF-8"?>
<!DOCTYPE html PUBLIC "-//W3C//DTD XHTML 1.0 Transitional//EN"
    "http://www.w3.org/TR/xhtml1/DTD/xhtml1-transitional.dtd">
<html xmlns="http://www.w3.org/1999/xhtml" xml:lang="en" lang="en">
 <head>
  <title>
</title>
<meta http-equiv="Content-Type" content="text/html;charset=utf-8" />
  <meta name='ocr-system' content='tesseract 3.04.00' />
  <meta name='ocr-capabilities' content='ocr_page ocr_carea ocr_par ocr_line ocrx_word'/>
</head>
<body>
  <div class='ocr_page' id='page_1' title='image "./prosopographiaim01akaduoft/prosopographiaim01akaduoft_0434.png"; bbox 0 0 2202 3730; ppageno 0'>
   <div class='ocr_carea' id='block_1_1' title="bbox 285 269 2073 317">
    <p class='ocr_par' dir='ltr' id='par_1_1' title="bbox 285 269 2073 317">
     <span class='ocr_line' id='line_1_1' title="bbox 285 269 2073 317; baseline 0.001 -5"><span class='ocrx_word' id='word_1_1' title='bbox 285 276 493 313; x_wconf 87' lang='lat' dir='ltr'>CLODIVS</span> <span class='ocrx_word' id='word_1_2' title='bbox 1136 269 1219 311; x_wconf 86' lang='lat'>418</span> <span class='ocrx_word' id='word_1_3' title='bbox 1369 314 1370 317; x_wconf 11' lang='grc' dir='ltr'><strong>Ἰ</strong></span> <span class='ocrx_word' id='word_1_4' title='bbox 1862 276 2073 313; x_wconf 84' lang='lat' dir='ltr'>CLODIVS</span> 
     </span>
    </p>
   </div>
   <div class='ocr_carea' id='block_1_2' title="bbox 279 342 444 346">
    <p class='ocr_par' dir='ltr' id='par_1_2' title="bbox 279 342 444 346">
     <span class='ocr_line' id='line_1_2' title="bbox 279 342 444 346; baseline 0 0"><span class='ocrx_word' id='word_1_5' title='bbox 279 342 444 346; x_wconf 95' lang='lat' dir='ltr'> </span> 
     </span>
    </p>
   </div>
   <div class='ocr_carea' id='block_1_3' title="bbox 360 415 2077 608">
    <p class='ocr_par' dir='ltr' id='par_1_3' title="bbox 360 415 2077 608">
     <span class='ocr_line' id='line_1_3' title="bbox 447 415 2076 472; baseline 0.001 -11"><span class='ocrx_word' id='word_1_6' title='bbox 447 418 553 461; x_wconf 90' lang='lat' dir='ltr'>Cum</span> <span class='ocrx_word' id='word_1_7' title='bbox 577 417 719 460; x_wconf 81' lang='lat' dir='ltr'>Galba</span> <span class='ocrx_word' id='word_1_8' title='bbox 739 416 792 458; x_wconf 86' lang='lat' dir='ltr'>ad</span> <span class='ocrx_word' id='word_1_9' title='bbox 822 415 973 458; x_wconf 90' lang='lat' dir='ltr'>urbem</span> <span class='ocrx_word' id='word_1_10' title='bbox 1003 415 1266 470; x_wconf 81' lang='lat' dir='ltr'>adventaret,</span> <span class='ocrx_word' id='word_1_11' title='bbox 1288 415 1578 472; x_wconf 80' lang='lat' dir='ltr'>Nymphidius</span> <span class='ocrx_word' id='word_1_12' title='bbox 1601 416 1789 460; x_wconf 81' lang='lat' dir='ltr'>Sabinus</span> <span class='ocrx_word' id='word_1_13' title='bbox 1810 419 1848 459; x_wconf 91' lang='lat' dir='ltr'>ei</span> <span class='ocrx_word' id='word_1_14' title='bbox 1870 424 2076 462; x_wconf 89' lang='lat' dir='ltr'>terrorem</span> 
     </span>
     <span class='ocr_line' id='line_1_4' title="bbox 361 483 2077 530; baseline 0.002 -3"><span class='ocrx_word' id='word_1_15' title='bbox 361 487 520 527; x_wconf 79' lang='lat' dir='ltr'>inicere</span> <span class='ocrx_word' id='word_1_16' title='bbox 542 484 706 526; x_wconf 83' lang='lat' dir='ltr'><strong>studuit</strong></span> <span class='ocrx_word' id='word_1_17' title='bbox 727 483 952 525; x_wconf 90' lang='lat' dir='ltr'>scribendo</span> <span class='ocrx_word' id='word_1_18' title='bbox 974 483 1168 525; x_wconf 88' lang='lat' dir='ltr'>Macrum</span> <span class='ocrx_word' id='word_1_19' title='bbox 1188 484 1233 524; x_wconf 92' lang='lat' dir='ltr'>in</span> <span class='ocrx_word' id='word_1_20' title='bbox 1248 483 1398 525; x_wconf 89' lang='lat' dir='ltr'>Africa</span> <span class='ocrx_word' id='word_1_21' title='bbox 1417 499 1548 526; x_wconf 88' lang='lat' dir='ltr'>naves</span> <span class='ocrx_word' id='word_1_22' title='bbox 1569 484 1871 528; x_wconf 87' lang='lat' dir='ltr'>frumentarias</span> <span class='ocrx_word' id='word_1_23' title='bbox 1890 488 2077 530; x_wconf 88' lang='lat' dir='ltr'>retinere</span> 
     </span>
     <span class='ocr_line' id='line_1_5' title="bbox 360 550 2076 608; baseline 0.002 -13"><span class='ocrx_word' id='word_1_24' title='bbox 360 552 581 595; x_wconf 75' lang='lat' dir='ltr'><em>Plutarch.</em></span> <span class='ocrx_word' id='word_1_25' title='bbox 615 552 640 594; x_wconf 92' lang='lat' dir='ltr'>l.</span> <span class='ocrx_word' id='word_1_26' title='bbox 673 552 699 595; x_wconf 90' lang='lat' dir='ltr'>l.</span> <span class='ocrx_word' id='word_1_27' title='bbox 730 555 794 593; x_wconf 83' lang='lat'>13.</span> <span class='ocrx_word' id='word_1_28' title='bbox 854 550 1008 594; x_wconf 88' lang='lat' dir='ltr'>Calvia</span> <span class='ocrx_word' id='word_1_29' title='bbox 1039 550 1287 607; x_wconf 76' lang='lat' dir='ltr'>Crispinilla</span> <span class='ocrx_word' id='word_1_30' title='bbox 1326 552 1370 593; x_wconf 93' lang='lat' dir='ltr'>in</span> <span class='ocrx_word' id='word_1_31' title='bbox 1400 552 1594 594; x_wconf 88' lang='lat' dir='ltr'>Africam</span> <span class='ocrx_word' id='word_1_32' title='bbox 1629 560 1897 608; x_wconf 87' lang='lat' dir='ltr'>transgressa</span> <span class='ocrx_word' id='word_1_33' title='bbox 1927 562 1992 598; x_wconf 89' lang='lat' dir='ltr'>est</span> <span class='ocrx_word' id='word_1_34' title='bbox 2020 556 2076 599; x_wconf 91' lang='lat' dir='ltr'>ad</span> 
     </span>
    </p>
   </div>
   <div class='ocr_carea' id='block_1_4' title="bbox 361 619 2144 676">
    <p class='ocr_par' dir='ltr' id='par_1_4' title="bbox 361 619 2144 676">
     <span class='ocr_line' id='line_1_6' title="bbox 361 619 2144 676; baseline 0.003 -15"><span class='ocrx_word' id='word_1_35' title='bbox 361 620 650 675; x_wconf 83' lang='lat' dir='ltr'>instigandum</span> <span class='ocrx_word' id='word_1_36' title='bbox 682 620 726 661; x_wconf 94' lang='lat' dir='ltr'>in</span> <span class='ocrx_word' id='word_1_37' title='bbox 757 634 876 661; x_wconf 89' lang='lat' dir='ltr'>arma</span> <span class='ocrx_word' id='word_1_38' title='bbox 910 619 1106 661; x_wconf 84' lang='lat' dir='ltr'>Macrum</span> <span class='ocrx_word' id='word_1_39' title='bbox 1145 619 1300 661; x_wconf 87' lang='lat' dir='ltr'>famem</span> <span class='ocrx_word' id='word_1_40' title='bbox 1340 620 1487 676; x_wconf 90' lang='lat' dir='ltr'>populi</span> <span class='ocrx_word' id='word_1_41' title='bbox 1519 622 1699 663; x_wconf 82' lang='lat' dir='ltr'>Romani</span> <span class='ocrx_word' id='word_1_42' title='bbox 1738 622 1855 664; x_wconf 89' lang='lat' dir='ltr'>haud</span> <span class='ocrx_word' id='word_1_43' title='bbox 1896 623 2077 666; x_wconf 85' lang='lat' dir='ltr'>obscure</span> <span class='ocrx_word' id='word_1_44' title='bbox 2143 627 2144 630; x_wconf 72' lang='grc'>’</span> 
     </span>
    </p>
   </div>
   <div class='ocr_carea' id='block_1_5' title="bbox 270 687 2115 3402">
    <p class='ocr_par' dir='ltr' id='par_1_5' title="bbox 359 687 2075 867">
     <span class='ocr_line' id='line_1_7' title="bbox 362 687 2075 738; baseline 0.002 -9"><span class='ocrx_word' id='word_1_45' title='bbox 362 688 510 730; x_wconf 84' lang='lat' dir='ltr'>molita</span> <span class='ocrx_word' id='word_1_46' title='bbox 536 688 634 730; x_wconf 81' lang='lat' dir='ltr'>Tae.</span> <span class='ocrx_word' id='word_1_47' title='bbox 665 687 704 730; x_wconf 81' lang='lat' dir='ltr'>li.</span> <span class='ocrx_word' id='word_1_48' title='bbox 732 691 771 738; x_wconf 85' lang='lat'>1,</span> <span class='ocrx_word' id='word_1_49' title='bbox 798 690 861 729; x_wconf 83' lang='lat'>73.</span> <span class='ocrx_word' id='word_1_50' title='bbox 921 687 1053 729; x_wconf 88' lang='lat' dir='ltr'>Haud</span> <span class='ocrx_word' id='word_1_51' title='bbox 1084 687 1216 730; x_wconf 91' lang='lat' dir='ltr'>dubie</span> <span class='ocrx_word' id='word_1_52' title='bbox 1246 703 1313 729; x_wconf 87' lang='lat' dir='ltr'>res</span> <span class='ocrx_word' id='word_1_53' title='bbox 1343 688 1521 730; x_wconf 82' lang='lat' dir='ltr'>turbans</span> <span class='ocrx_word' id='word_1_54' title='bbox 1552 690 1596 731; x_wconf 88' lang='lat' dir='ltr'>in</span> <span class='ocrx_word' id='word_1_55' title='bbox 1624 689 1776 731; x_wconf 86' lang='lat' dir='ltr'>Africa</span> <span class='ocrx_word' id='word_1_56' title='bbox 1805 705 1832 732; x_wconf 84' lang='lat' dir='ltr'>a</span> <span class='ocrx_word' id='word_1_57' title='bbox 1860 689 2075 734; x_wconf 87' lang='lat' dir='ltr'>Trebonio</span> 
     </span>
     <span class='ocr_line' id='line_1_8' title="bbox 361 755 2074 810; baseline 0.002 -11"><span class='ocrx_word' id='word_1_58' title='bbox 361 756 601 799; x_wconf 83' lang='lat' dir='ltr'>Garutiano</span> <span class='ocrx_word' id='word_1_59' title='bbox 632 756 752 796; x_wconf 90' lang='lat' dir='ltr'>iussu</span> <span class='ocrx_word' id='word_1_60' title='bbox 774 755 941 798; x_wconf 82' lang='lat' dir='ltr'>Galbae</span> <span class='ocrx_word' id='word_1_61' title='bbox 973 756 1138 797; x_wconf 85' lang='lat' dir='ltr'>occisus</span> <span class='ocrx_word' id='word_1_62' title='bbox 1169 762 1232 797; x_wconf 88' lang='lat' dir='ltr'>est</span> <span class='ocrx_word' id='word_1_63' title='bbox 1256 756 1354 798; x_wconf 79' lang='lat' dir='ltr'>Tae.</span> <span class='ocrx_word' id='word_1_64' title='bbox 1376 756 1416 798; x_wconf 80' lang='lat' dir='ltr'>b.</span> <span class='ocrx_word' id='word_1_65' title='bbox 1438 760 1475 806; x_wconf 84' lang='lat'>1,</span> <span class='ocrx_word' id='word_1_66' title='bbox 1501 760 1537 799; x_wconf 83' lang='lat'>7.</span> <span class='ocrx_word' id='word_1_67' title='bbox 1558 760 1624 799; x_wconf 86' lang='lat'>11.</span> <span class='ocrx_word' id='word_1_68' title='bbox 1645 760 1711 808; x_wconf 91' lang='grc'><em>37,</em></span> <span class='ocrx_word' id='word_1_69' title='bbox 1742 757 1911 802; x_wconf 72' lang='lat' dir='ltr'>Suam.</span> <span class='ocrx_word' id='word_1_70' title='bbox 1935 758 1988 803; x_wconf 80' lang='lat' dir='ltr'>G.</span> <span class='ocrx_word' id='word_1_71' title='bbox 2009 763 2074 810; x_wconf 90' lang='lat'>11,</span> 
     </span>
     <span class='ocr_line' id='line_1_9' title="bbox 359 823 1592 867; baseline 0.002 -1"><span class='ocrx_word' id='word_1_72' title='bbox 359 823 583 866; x_wconf 74' lang='lat' dir='ltr'>Plutarch.</span> <span class='ocrx_word' id='word_1_73' title='bbox 608 823 660 867; x_wconf 75' lang='lat' dir='ltr'>G.</span> <span class='ocrx_word' id='word_1_74' title='bbox 682 826 748 866; x_wconf 84' lang='lat'>15.</span> <span class='ocrx_word' id='word_1_75' title='bbox 1589 831 1592 835; x_wconf 88' lang='lat'>&#39;</span> 
     </span>
    </p>

    <p class='ocr_par' dir='ltr' id='par_1_6' title="bbox 275 893 2077 1014">
     <span class='ocr_line' id='line_1_10' title="bbox 275 893 2077 948; baseline 0.003 -15"><span class='ocrx_word' id='word_1_76' title='bbox 275 893 358 934; x_wconf 83' lang='lat'>923</span> <span class='ocrx_word' id='word_1_77' title='bbox 390 898 433 942; x_wconf 76' lang='lat' dir='ltr'>Q.</span> <span class='ocrx_word' id='word_1_78' title='bbox 466 897 677 933; x_wconf 86' lang='lat' dir='ltr'>CLODIVS</span> <span class='ocrx_word' id='word_1_79' title='bbox 708 898 1066 934; x_wconf 86' lang='lat' dir='ltr'>MARCELLINVS</span> <span class='ocrx_word' id='word_1_80' title='bbox 1096 907 1207 934; x_wconf 88' lang='lat' dir='ltr'>anno</span> <span class='ocrx_word' id='word_1_81' title='bbox 1243 893 1323 934; x_wconf 82' lang='lat'>169</span> <span class='ocrx_word' id='word_1_82' title='bbox 1365 899 1588 948; x_wconf 85' lang='lat' dir='ltr'>cooptatus</span> <span class='ocrx_word' id='word_1_83' title='bbox 1618 893 1664 935; x_wconf 90' lang='lat' dir='ltr'>in</span> <span class='ocrx_word' id='word_1_84' title='bbox 1694 894 1911 948; x_wconf 73' lang='lat' dir='ltr'>eolleyium</span> <span class='ocrx_word' id='word_1_85' title='bbox 1939 908 2077 938; x_wconf 83' lang='lat' dir='ltr'>sacer-</span> 
     </span>
     <span class='ocr_line' id='line_1_11' title="bbox 360 959 1436 1014; baseline 0.002 -13"><span class='ocrx_word' id='word_1_86' title='bbox 360 959 501 1001; x_wconf 90' lang='lat' dir='ltr'>dotum</span> <span class='ocrx_word' id='word_1_87' title='bbox 527 960 665 1002; x_wconf 83' lang='lat' dir='ltr'>neseio</span> <span class='ocrx_word' id='word_1_88' title='bbox 690 959 801 1013; x_wconf 79' lang='lat' dir='ltr'>quod</span> <span class='ocrx_word' id='word_1_89' title='bbox 828 974 878 1001; x_wconf 66' lang='grc' dir='ltr'>ετ</span> <span class='ocrx_word' id='word_1_90' title='bbox 908 960 1183 1014; x_wconf 74' lang='lat' dir='ltr'>amplioribus</span> <span class='ocrx_word' id='word_1_91' title='bbox 1218 959 1286 1002; x_wconf 87' lang='lat' dir='ltr'>VI</span> <span class='ocrx_word' id='word_1_92' title='bbox 1306 964 1436 1003; x_wconf 90' lang='grc'><em>2003.</em></span> 
     </span>
    </p>

    <p class='ocr_par' dir='ltr' id='par_1_7' title="bbox 274 1026 2078 1351">
     <span class='ocr_line' id='line_1_12' title="bbox 274 1026 2078 1088; baseline 0.003 -20"><span class='ocrx_word' id='word_1_93' title='bbox 274 1027 358 1070; x_wconf 82' lang='grc'>924</span> <span class='ocrx_word' id='word_1_94' title='bbox 388 1027 583 1080; x_wconf 91' lang='lat' dir='ltr'>(Clodius</span> <span class='ocrx_word' id='word_1_95' title='bbox 594 1026 635 1080; x_wconf 68' lang='lat' dir='ltr'>P)</span> <span class='ocrx_word' id='word_1_96' title='bbox 662 1027 892 1077; x_wconf 80' lang='lat' dir='ltr'>Maximus,</span> <span class='ocrx_word' id='word_1_97' title='bbox 920 1034 1043 1083; x_wconf 88' lang='lat' dir='ltr'>pater</span> <span class='ocrx_word' id='word_1_98' title='bbox 1063 1028 1122 1070; x_wconf 91' lang='lat' dir='ltr'>M.</span> <span class='ocrx_word' id='word_1_99' title='bbox 1145 1027 1283 1070; x_wconf 92' lang='lat' dir='ltr'>Clodii</span> <span class='ocrx_word' id='word_1_100' title='bbox 1311 1029 1496 1084; x_wconf 85' lang='lat' dir='ltr'>Pupieni</span> <span class='ocrx_word' id='word_1_101' title='bbox 1517 1028 1710 1083; x_wconf 87' lang='lat' dir='ltr'>Maximi,</span> <span class='ocrx_word' id='word_1_102' title='bbox 1743 1031 1819 1086; x_wconf 92' lang='lat' dir='ltr'>qui</span> <span class='ocrx_word' id='word_1_103' title='bbox 1848 1031 2078 1088; x_wconf 86' lang='lat' dir='ltr'>imperavit</span> 
     </span>
     <span class='ocr_line' id='line_1_13' title="bbox 361 1094 2078 1154; baseline 0.003 -18"><span class='ocrx_word' id='word_1_104' title='bbox 361 1110 472 1136; x_wconf 87' lang='lat' dir='ltr'>anno</span> <span class='ocrx_word' id='word_1_105' title='bbox 504 1096 608 1149; x_wconf 77' lang='lat'>2383</span> <span class='ocrx_word' id='word_1_106' title='bbox 650 1094 773 1137; x_wconf 84' lang='lat' dir='ltr'>faber</span> <span class='ocrx_word' id='word_1_107' title='bbox 812 1096 1019 1137; x_wconf 88' lang='lat' dir='ltr'>ferrarius</span> <span class='ocrx_word' id='word_1_108' title='bbox 1060 1103 1109 1138; x_wconf 91' lang='lat' dir='ltr'>ut</span> <span class='ocrx_word' id='word_1_109' title='bbox 1139 1096 1334 1138; x_wconf 92' lang='lat' dir='ltr'>nonnulli</span> <span class='ocrx_word' id='word_1_110' title='bbox 1366 1096 1525 1151; x_wconf 87' lang='lat' dir='ltr'>dicunt,</span> <span class='ocrx_word' id='word_1_111' title='bbox 1567 1103 1615 1139; x_wconf 90' lang='lat' dir='ltr'>ut</span> <span class='ocrx_word' id='word_1_112' title='bbox 1644 1097 1716 1139; x_wconf 89' lang='lat' dir='ltr'>alii</span> <span class='ocrx_word' id='word_1_113' title='bbox 1745 1097 1983 1154; x_wconf 77' lang='lat' dir='ltr'>raedarius3</span> <span class='ocrx_word' id='word_1_114' title='bbox 2024 1115 2078 1143; x_wconf 83' lang='lat' dir='ltr'>ex</span> 
     </span>
     <span class='ocr_line' id='line_1_14' title="bbox 356 1164 2077 1224; baseline 0.003 -20"><span class='ocrx_word' id='word_1_115' title='bbox 356 1164 503 1205; x_wconf 89' lang='lat' dir='ltr'>Prima</span> <span class='ocrx_word' id='word_1_116' title='bbox 531 1178 667 1205; x_wconf 87' lang='lat' dir='ltr'>uxore</span> <span class='ocrx_word' id='word_1_117' title='bbox 698 1165 888 1220; x_wconf 81' lang='lat' dir='ltr'>suscepit</span> <span class='ocrx_word' id='word_1_118' title='bbox 916 1164 1146 1220; x_wconf 77' lang='lat' dir='ltr'>filium&#39;qui</span> <span class='ocrx_word' id='word_1_119' title='bbox 1178 1166 1420 1220; x_wconf 87' lang='lat' dir='ltr'>imperavit,</span> <span class='ocrx_word' id='word_1_120' title='bbox 1448 1166 1516 1207; x_wconf 90' lang='lat' dir='ltr'>cui</span> <span class='ocrx_word' id='word_1_121' title='bbox 1548 1165 1701 1207; x_wconf 89' lang='lat' dir='ltr'>fratres</span> <span class='ocrx_word' id='word_1_122' title='bbox 1723 1173 1928 1222; x_wconf 84' lang='lat' dir='ltr'>quattuor</span> <span class='ocrx_word' id='word_1_123' title='bbox 1954 1170 2077 1224; x_wconf 89' lang='lat' dir='ltr'>pueri</span> 
     </span>
     <span class='ocr_line' id='line_1_15' title="bbox 358 1231 2076 1290; baseline 0.003 -18"><span class='ocrx_word' id='word_1_124' title='bbox 358 1231 544 1285; x_wconf 89' lang='lat' dir='ltr'>fuerunt,</span> <span class='ocrx_word' id='word_1_125' title='bbox 576 1238 779 1287; x_wconf 87' lang='lat' dir='ltr'>quattuor</span> <span class='ocrx_word' id='word_1_126' title='bbox 809 1231 990 1288; x_wconf 89' lang='lat' dir='ltr'>puellae,</span> <span class='ocrx_word' id='word_1_127' title='bbox 1022 1233 1097 1288; x_wconf 90' lang='lat' dir='ltr'>qui</span> <span class='ocrx_word' id='word_1_128' title='bbox 1128 1247 1274 1275; x_wconf 91' lang='lat' dir='ltr'>omnes</span> <span class='ocrx_word' id='word_1_129' title='bbox 1305 1234 1419 1274; x_wconf 89' lang='lat' dir='ltr'>intra</span> <span class='ocrx_word' id='word_1_130' title='bbox 1457 1232 1726 1288; x_wconf 83' lang='lat' dir='ltr'>pubertatem</span> <span class='ocrx_word' id='word_1_131' title='bbox 1756 1235 1978 1290; x_wconf 88' lang='lat' dir='ltr'>perierunt</span> <span class='ocrx_word' id='word_1_132' title='bbox 2004 1236 2076 1280; x_wconf 83' lang='lat' dir='ltr'>vit.</span> 
     </span>
     <span class='ocr_line' id='line_1_16' title="bbox 360 1296 1106 1351; baseline 0.004 -10"><span class='ocrx_word' id='word_1_133' title='bbox 360 1300 549 1342; x_wconf 75' lang='lat' dir='ltr'>Maximi</span> <span class='ocrx_word' id='word_1_134' title='bbox 577 1303 616 1342; x_wconf 91' lang='lat' dir='ltr'>et</span> <span class='ocrx_word' id='word_1_135' title='bbox 643 1300 824 1343; x_wconf 76' lang='lat' dir='ltr'>Balbini</span> <span class='ocrx_word' id='word_1_136' title='bbox 849 1303 887 1351; x_wconf 87' lang='lat'>5,</span> <span class='ocrx_word' id='word_1_137' title='bbox 919 1303 1022 1344; x_wconf 92' lang='grc'><em>1-2.</em></span> <span class='ocrx_word' id='word_1_138' title='bbox 1104 1296 1106 1298; x_wconf 52' lang='grc'><strong>’</strong></span> 
     </span>
    </p>

    <p class='ocr_par' dir='ltr' id='par_1_8' title="bbox 271 1367 2076 1629">
     <span class='ocr_line' id='line_1_17' title="bbox 271 1367 2076 1426; baseline 0.003 -17"><span class='ocrx_word' id='word_1_139' title='bbox 271 1367 352 1409; x_wconf 87' lang='grc'>925</span> <span class='ocrx_word' id='word_1_140' title='bbox 385 1373 426 1410; x_wconf 88' lang='lat' dir='ltr'>C.</span> <span class='ocrx_word' id='word_1_141' title='bbox 459 1374 669 1410; x_wconf 87' lang='lat' dir='ltr'><strong>CLODIVS</strong></span> <span class='ocrx_word' id='word_1_142' title='bbox 701 1375 931 1423; x_wconf 88' lang='lat' dir='ltr'>NVMMVS,</span> <span class='ocrx_word' id='word_1_143' title='bbox 971 1367 1020 1411; x_wconf 88' lang='lat' dir='ltr'>C.</span> <span class='ocrx_word' id='word_1_144' title='bbox 1051 1368 1102 1423; x_wconf 87' lang='lat' dir='ltr'>f.,</span> <span class='ocrx_word' id='word_1_145' title='bbox 1136 1369 1251 1410; x_wconf 87' lang='lat' dir='ltr'>tribu</span> <span class='ocrx_word' id='word_1_146' title='bbox 1283 1369 1471 1423; x_wconf 80' lang='lat' dir='ltr'>Maeeia3</span> <span class='ocrx_word' id='word_1_147' title='bbox 1514 1369 1713 1412; x_wconf 89' lang='lat' dir='ltr'>tribunus</span> <span class='ocrx_word' id='word_1_148' title='bbox 1752 1370 1934 1426; x_wconf 87' lang='lat' dir='ltr'>legionis</span> <span class='ocrx_word' id='word_1_149' title='bbox 1962 1373 2076 1415; x_wconf 92' lang='lat' dir='ltr'><strong>XIII</strong></span> 
     </span>
     <span class='ocr_line' id='line_1_18' title="bbox 356 1436 2076 1495; baseline 0.002 -16"><span class='ocrx_word' id='word_1_150' title='bbox 356 1437 588 1491; x_wconf 76' lang='lat' dir='ltr'>Geminae,</span> <span class='ocrx_word' id='word_1_151' title='bbox 631 1437 745 1478; x_wconf 87' lang='lat' dir='ltr'>Xvir</span> <span class='ocrx_word' id='word_1_152' title='bbox 785 1436 973 1478; x_wconf 89' lang='lat' dir='ltr'>stlitibus</span> <span class='ocrx_word' id='word_1_153' title='bbox 1013 1437 1278 1490; x_wconf 78' lang='lat' dir='ltr'>iudicandis,</span> <span class='ocrx_word' id='word_1_154' title='bbox 1321 1444 1523 1493; x_wconf 87' lang='lat' dir='ltr'>quaestor</span> <span class='ocrx_word' id='word_1_155' title='bbox 1561 1439 1813 1494; x_wconf 86' lang='lat' dir='ltr'>provinciae</span> <span class='ocrx_word' id='word_1_156' title='bbox 1845 1440 1998 1495; x_wconf 86' lang='lat' dir='ltr'>Asiae;</span> <span class='ocrx_word' id='word_1_157' title='bbox 2037 1440 2076 1482; x_wconf 88' lang='lat' dir='ltr'>ei</span> 
     </span>
     <span class='ocr_line' id='line_1_19' title="bbox 357 1504 2075 1560; baseline 0.003 -14"><span class='ocrx_word' id='word_1_158' title='bbox 357 1504 422 1558; x_wconf 91' lang='lat' dir='ltr'>[L.</span> <span class='ocrx_word' id='word_1_159' title='bbox 446 1504 692 1559; x_wconf 85' lang='lat' dir='ltr'>Ster]tinius</span> <span class='ocrx_word' id='word_1_160' title='bbox 723 1505 1017 1558; x_wconf 77' lang='lat' dir='ltr'>Quintilianus</span> <span class='ocrx_word' id='word_1_161' title='bbox 1048 1505 1125 1560; x_wconf 82' lang='lat' dir='ltr'>[C]</span> <span class='ocrx_word' id='word_1_162' title='bbox 1157 1505 1377 1548; x_wconf 81' lang='lat' dir='ltr'>Curiatius</span> <span class='ocrx_word' id='word_1_163' title='bbox 1408 1506 1629 1548; x_wconf 82' lang='lat' dir='ltr'>Maternus</span> <span class='ocrx_word' id='word_1_164' title='bbox 1661 1506 1835 1549; x_wconf 87' lang='lat' dir='ltr'>Clodius</span> <span class='ocrx_word' id='word_1_165' title='bbox 1865 1508 2075 1551; x_wconf 90' lang='lat' dir='ltr'>Nummus</span> 
     </span>
     <span class='ocr_line' id='line_1_20' title="bbox 355 1571 1904 1629; baseline 0.004 -15"><span class='ocrx_word' id='word_1_166' title='bbox 355 1571 520 1614; x_wconf 85' lang='lat' dir='ltr'>Acilius</span> <span class='ocrx_word' id='word_1_167' title='bbox 553 1573 706 1615; x_wconf 84' lang='lat' dir='ltr'>Strabo</span> <span class='ocrx_word' id='word_1_168' title='bbox 738 1574 808 1628; x_wconf 81' lang='lat' dir='ltr'>(ef.</span> <span class='ocrx_word' id='word_1_169' title='bbox 835 1573 883 1615; x_wconf 94' lang='lat' dir='ltr'><strong><em>X</em></strong></span> <span class='ocrx_word' id='word_1_170' title='bbox 911 1573 1034 1627; x_wconf 86' lang='grc'><em>1486)</em></span> <span class='ocrx_word' id='word_1_171' title='bbox 1063 1573 1175 1615; x_wconf 81' lang='lat' dir='ltr'>filius</span> <span class='ocrx_word' id='word_1_172' title='bbox 1209 1575 1350 1629; x_wconf 89' lang='lat' dir='ltr'>posuit</span> <span class='ocrx_word' id='word_1_173' title='bbox 1379 1574 1468 1616; x_wconf 83' lang='lat' dir='ltr'>III</span> <span class='ocrx_word' id='word_1_174' title='bbox 1489 1577 1572 1617; x_wconf 83' lang='grc'><em>429</em></span> <span class='ocrx_word' id='word_1_175' title='bbox 1603 1577 1631 1618; x_wconf 91' lang='lat' dir='ltr'>t.</span> <span class='ocrx_word' id='word_1_176' title='bbox 1661 1574 1904 1628; x_wconf 78' lang='lat' dir='ltr'>Ephesium.</span> 
     </span>
    </p>

    <p class='ocr_par' dir='ltr' id='par_1_9' title="bbox 284 1647 2076 1754">
     <span class='ocr_line' id='line_1_21' title="bbox 284 1647 2076 1692; baseline 0.003 -11"><span class='ocrx_word' id='word_1_177' title='bbox 284 1665 341 1669; x_wconf 89' lang='lat'>—</span> <span class='ocrx_word' id='word_1_178' title='bbox 381 1647 426 1682; x_wconf 88' lang='lat' dir='ltr'>L.</span> <span class='ocrx_word' id='word_1_179' title='bbox 460 1647 752 1683; x_wconf 83' lang='lat' dir='ltr'>STERTINIVS</span> <span class='ocrx_word' id='word_1_180' title='bbox 785 1648 1142 1692; x_wconf 77' lang='lat' dir='ltr'>QVINTILIANVS</span> <span class='ocrx_word' id='word_1_181' title='bbox 1173 1648 1370 1684; x_wconf 87' lang='lat' dir='ltr'>ACILIVS</span> <span class='ocrx_word' id='word_1_182' title='bbox 1403 1648 1593 1684; x_wconf 81' lang='lat' dir='ltr'>STRABO</span> <span class='ocrx_word' id='word_1_183' title='bbox 1626 1649 1666 1686; x_wconf 91' lang='lat' dir='ltr'>C.</span> <span class='ocrx_word' id='word_1_184' title='bbox 1690 1649 1952 1687; x_wconf 87' lang='lat' dir='ltr'>CVRIATIVS</span> <span class='ocrx_word' id='word_1_185' title='bbox 1982 1652 2076 1686; x_wconf 92' lang='lat' dir='ltr'>MA-</span> 
     </span>
     <span class='ocr_line' id='line_1_22' title="bbox 355 1715 1049 1754; baseline 0.006 -5"><span class='ocrx_word' id='word_1_186' title='bbox 355 1715 550 1750; x_wconf 83' lang='lat' dir='ltr'>TERNVS</span> <span class='ocrx_word' id='word_1_187' title='bbox 584 1715 792 1751; x_wconf 86' lang='lat' dir='ltr'>CLODIVS</span> <span class='ocrx_word' id='word_1_188' title='bbox 823 1716 1049 1754; x_wconf 87' lang='lat' dir='ltr'>NVMMVS.</span> 
     </span>
    </p>

    <p class='ocr_par' dir='ltr' id='par_1_10' title="bbox 270 1777 2075 1889">
     <span class='ocr_line' id='line_1_23' title="bbox 270 1777 2075 1836; baseline 0.002 -18"><span class='ocrx_word' id='word_1_189' title='bbox 270 1777 353 1819; x_wconf 84' lang='lat'>926</span> <span class='ocrx_word' id='word_1_190' title='bbox 386 1783 596 1820; x_wconf 84' lang='lat' dir='ltr'><strong>CLODIVS</strong></span> <span class='ocrx_word' id='word_1_191' title='bbox 626 1783 819 1833; x_wconf 90' lang='lat' dir='ltr'>POLLIO,</span> <span class='ocrx_word' id='word_1_192' title='bbox 849 1779 1088 1833; x_wconf 90' lang='lat' dir='ltr'>praetorius</span> <span class='ocrx_word' id='word_1_193' title='bbox 1119 1779 1198 1833; x_wconf 89' lang='lat' dir='ltr'>vir,</span> <span class='ocrx_word' id='word_1_194' title='bbox 1232 1779 1276 1820; x_wconf 89' lang='lat' dir='ltr'>in</span> <span class='ocrx_word' id='word_1_195' title='bbox 1298 1793 1426 1834; x_wconf 92' lang='lat' dir='ltr'>quem</span> <span class='ocrx_word' id='word_1_196' title='bbox 1457 1785 1521 1821; x_wconf 90' lang='lat' dir='ltr'>est</span> <span class='ocrx_word' id='word_1_197' title='bbox 1549 1794 1703 1835; x_wconf 88' lang='lat' dir='ltr'>poema</span> <span class='ocrx_word' id='word_1_198' title='bbox 1730 1779 1928 1832; x_wconf 88' lang='lat' dir='ltr'>Neronis,</span> <span class='ocrx_word' id='word_1_199' title='bbox 1959 1781 2075 1836; x_wconf 91' lang='lat' dir='ltr'>quod</span> 
     </span>
     <span class='ocr_line' id='line_1_24' title="bbox 356 1845 1326 1889; baseline 0.002 -3"><span class='ocrx_word' id='word_1_200' title='bbox 356 1845 607 1888; x_wconf 83' lang='lat' dir='ltr'>inscribitur</span> <span class='ocrx_word' id='word_1_201' title='bbox 634 1846 794 1888; x_wconf 87' lang='lat' dir='ltr'>Luscio</span> <span class='ocrx_word' id='word_1_202' title='bbox 825 1846 992 1889; x_wconf 83' lang='lat' dir='ltr'>Sueton.</span> <span class='ocrx_word' id='word_1_203' title='bbox 1023 1846 1261 1889; x_wconf 85' lang='lat' dir='ltr'>Domitian.</span> <span class='ocrx_word' id='word_1_204' title='bbox 1288 1851 1326 1888; x_wconf 84' lang='lat'>1.</span> 
     </span>
    </p>

    <p class='ocr_par' dir='ltr' id='par_1_11' title="bbox 271 1913 2073 1969">
     <span class='ocr_line' id='line_1_25' title="bbox 271 1913 2073 1969; baseline 0.003 -15"><span class='ocrx_word' id='word_1_205' title='bbox 271 1913 352 1955; x_wconf 83' lang='lat'>927</span> <span class='ocrx_word' id='word_1_206' title='bbox 385 1919 594 1955; x_wconf 88' lang='lat' dir='ltr'>CLODIVS</span> <span class='ocrx_word' id='word_1_207' title='bbox 617 1920 949 1969; x_wconf 87' lang='lat' dir='ltr'>POMPEIANVS,</span> <span class='ocrx_word' id='word_1_208' title='bbox 984 1914 1220 1956; x_wconf 86' lang='lat' dir='ltr'>consularis</span> <span class='ocrx_word' id='word_1_209' title='bbox 1242 1915 1412 1956; x_wconf 85' lang='lat' dir='ltr'>aedium</span> <span class='ocrx_word' id='word_1_210' title='bbox 1433 1930 1654 1957; x_wconf 82' lang='lat' dir='ltr'>sacrarum</span> <span class='ocrx_word' id='word_1_211' title='bbox 1675 1931 1712 1958; x_wconf 88' lang='lat' dir='ltr'>a.</span> <span class='ocrx_word' id='word_1_212' title='bbox 1731 1917 1814 1958; x_wconf 78' lang='lat'>244</span> <span class='ocrx_word' id='word_1_213' title='bbox 1831 1916 2073 1960; x_wconf 71' lang='lat' dir='ltr'>IG11045.</span> 
     </span>
    </p>

    <p class='ocr_par' dir='ltr' id='par_1_12' title="bbox 271 1981 2074 2106">
     <span class='ocr_line' id='line_1_26' title="bbox 271 1981 2074 2040; baseline 0.002 -17"><span class='ocrx_word' id='word_1_214' title='bbox 271 1981 352 2023; x_wconf 81' lang='grc'>928</span> <span class='ocrx_word' id='word_1_215' title='bbox 383 1981 443 2023; x_wconf 92' lang='grc' dir='ltr'>Μ.</span> <span class='ocrx_word' id='word_1_216' title='bbox 476 1981 652 2024; x_wconf 83' lang='lat' dir='ltr'>Clodius</span> <span class='ocrx_word' id='word_1_217' title='bbox 683 1983 936 2035; x_wconf 82' lang='lat' dir='ltr'>Postumus,</span> <span class='ocrx_word' id='word_1_218' title='bbox 967 1983 1251 2039; x_wconf 87' lang='lat' dir='ltr'>epistrategus</span> <span class='ocrx_word' id='word_1_219' title='bbox 1282 1982 1551 2037; x_wconf 81' lang='lat' dir='ltr'>(Thebaidis)</span> <span class='ocrx_word' id='word_1_220' title='bbox 1584 1999 1695 2026; x_wconf 83' lang='lat' dir='ltr'>anno</span> <span class='ocrx_word' id='word_1_221' title='bbox 1730 1986 1750 2026; x_wconf 92' lang='lat'>1</span> <span class='ocrx_word' id='word_1_222' title='bbox 1783 1999 1822 2040; x_wconf 92' lang='lat' dir='ltr'>p.</span> <span class='ocrx_word' id='word_1_223' title='bbox 1846 1984 1893 2027; x_wconf 90' lang='lat' dir='ltr'>C.</span> <span class='ocrx_word' id='word_1_224' title='bbox 1924 1999 2074 2028; x_wconf 89' lang='lat' dir='ltr'>memo-</span> 
     </span>
     <span class='ocr_line' id='line_1_27' title="bbox 353 2050 1279 2106; baseline 0.005 -16"><span class='ocrx_word' id='word_1_225' title='bbox 353 2053 478 2091; x_wconf 89' lang='lat' dir='ltr'>ratur</span> <span class='ocrx_word' id='word_1_226' title='bbox 506 2050 615 2093; x_wconf 78' lang='lat' dir='ltr'>CIG</span> <span class='ocrx_word' id='word_1_227' title='bbox 644 2054 752 2093; x_wconf 89' lang='grc'><em>4715</em></span> <span class='ocrx_word' id='word_1_228' title='bbox 783 2054 810 2095; x_wconf 91' lang='lat' dir='ltr'>t.</span> <span class='ocrx_word' id='word_1_229' title='bbox 847 2052 1050 2106; x_wconf 74' lang='lat' dir='ltr'>Tentyrae</span> <span class='ocrx_word' id='word_1_230' title='bbox 1079 2055 1279 2106; x_wconf 78' lang='lat' dir='ltr'>repertuS.</span> 
     </span>
    </p>

    <p class='ocr_par' dir='ltr' id='par_1_13' title="bbox 270 2118 2115 3185">
     <span class='ocr_line' id='line_1_28' title="bbox 270 2118 2075 2174; baseline 0.003 -16"><span class='ocrx_word' id='word_1_231' title='bbox 270 2118 352 2159; x_wconf 80' lang='lat'>929</span> <span class='ocrx_word' id='word_1_232' title='bbox 382 2125 434 2160; x_wconf 90' lang='lat' dir='ltr'>M.</span> <span class='ocrx_word' id='word_1_233' title='bbox 468 2125 677 2161; x_wconf 89' lang='lat' dir='ltr'>CLODIVS</span> <span class='ocrx_word' id='word_1_234' title='bbox 706 2126 952 2162; x_wconf 87' lang='lat' dir='ltr'>PVPIENVS</span> <span class='ocrx_word' id='word_1_235' title='bbox 994 2120 1094 2174; x_wconf 74' lang='lat' dir='ltr'>(Sive</span> <span class='ocrx_word' id='word_1_236' title='bbox 1124 2120 1407 2174; x_wconf 86' lang='lat' dir='ltr'>PVPIENIVS)</span> <span class='ocrx_word' id='word_1_237' title='bbox 1436 2126 1664 2162; x_wconf 90' lang='lat' dir='ltr'>MAXIMVS</span> <span class='ocrx_word' id='word_1_238' title='bbox 1697 2140 1752 2154; x_wconf 67' lang='grc' dir='ltr'>-τ</span> <span class='ocrx_word' id='word_1_239' title='bbox 1781 2127 2075 2163; x_wconf 87' lang='lat' dir='ltr'>IMPERATOR</span> 
     </span>
     <span class='ocr_line' id='line_1_29' title="bbox 358 2188 2076 2232; baseline 0.002 -4"><span class='ocrx_word' id='word_1_240' title='bbox 358 2193 551 2228; x_wconf 86' lang='lat' dir='ltr'>CAESAR</span> <span class='ocrx_word' id='word_1_241' title='bbox 581 2194 633 2229; x_wconf 90' lang='lat' dir='ltr'>M.</span> <span class='ocrx_word' id='word_1_242' title='bbox 657 2193 867 2230; x_wconf 86' lang='lat' dir='ltr'>CLODIVS</span> <span class='ocrx_word' id='word_1_243' title='bbox 899 2194 1143 2230; x_wconf 88' lang='lat' dir='ltr'>PVPIENVS</span> <span class='ocrx_word' id='word_1_244' title='bbox 1174 2195 1404 2230; x_wconf 91' lang='lat' dir='ltr'>MAXIMVS</span> <span class='ocrx_word' id='word_1_245' title='bbox 1426 2195 1696 2230; x_wconf 87' lang='lat' dir='ltr'>AVGVSTVS.</span> <span class='ocrx_word' id='word_1_246' title='bbox 1745 2188 1885 2231; x_wconf 89' lang='lat' dir='ltr'>Plena</span> <span class='ocrx_word' id='word_1_247' title='bbox 1903 2189 2076 2232; x_wconf 91' lang='lat' dir='ltr'>nomina</span> 
     </span>
     <span class='ocr_line' id='line_1_30' title="bbox 356 2256 2074 2310; baseline 0.002 -14"><span class='ocrx_word' id='word_1_248' title='bbox 356 2256 471 2297; x_wconf 88' lang='lat' dir='ltr'>tituli</span> <span class='ocrx_word' id='word_1_249' title='bbox 497 2257 734 2309; x_wconf 76' lang='lat' dir='ltr'>nummique</span> <span class='ocrx_word' id='word_1_250' title='bbox 763 2257 1032 2310; x_wconf 83' lang='lat' dir='ltr'>imperatoris</span> <span class='ocrx_word' id='word_1_251' title='bbox 1061 2257 1264 2300; x_wconf 78' lang='lat' dir='ltr'>indicant.</span> <span class='ocrx_word' id='word_1_252' title='bbox 1320 2256 1473 2299; x_wconf 82' lang='lat' dir='ltr'>Tituli:</span> <span class='ocrx_word' id='word_1_253' title='bbox 1501 2271 1589 2298; x_wconf 91' lang='lat' dir='ltr'>una</span> <span class='ocrx_word' id='word_1_254' title='bbox 1610 2270 1701 2298; x_wconf 85' lang='lat' dir='ltr'>oum</span> <span class='ocrx_word' id='word_1_255' title='bbox 1721 2256 1778 2300; x_wconf 88' lang='lat' dir='ltr'>D.</span> <span class='ocrx_word' id='word_1_256' title='bbox 1807 2256 1951 2300; x_wconf 83' lang='lat' dir='ltr'>Caelio</span> <span class='ocrx_word' id='word_1_257' title='bbox 1979 2256 2074 2300; x_wconf 81' lang='lat' dir='ltr'>Cal-</span> 
     </span>
     <span class='ocr_line' id='line_1_31' title="bbox 354 2323 2075 2379; baseline 0.002 -15"><span class='ocrx_word' id='word_1_258' title='bbox 354 2323 449 2365; x_wconf 80' lang='lat' dir='ltr'>vino</span> <span class='ocrx_word' id='word_1_259' title='bbox 479 2323 666 2366; x_wconf 80' lang='lat' dir='ltr'>Balbino</span> <span class='ocrx_word' id='word_1_260' title='bbox 693 2324 886 2379; x_wconf 70' lang='lat' dir='ltr'>Auyusto</span> <span class='ocrx_word' id='word_1_261' title='bbox 917 2328 956 2367; x_wconf 88' lang='lat' dir='ltr'>et</span> <span class='ocrx_word' id='word_1_262' title='bbox 986 2325 1052 2369; x_wconf 89' lang='lat' dir='ltr'>M.</span> <span class='ocrx_word' id='word_1_263' title='bbox 1083 2325 1270 2367; x_wconf 89' lang='lat' dir='ltr'>Antonio</span> <span class='ocrx_word' id='word_1_264' title='bbox 1298 2324 1518 2367; x_wconf 73' lang='lat' dir='ltr'>Gordiano</span> <span class='ocrx_word' id='word_1_265' title='bbox 1546 2324 1729 2367; x_wconf 83' lang='lat' dir='ltr'>Caesare</span> <span class='ocrx_word' id='word_1_266' title='bbox 1757 2326 2001 2367; x_wconf 90' lang='lat' dir='ltr'>nominatur</span> <span class='ocrx_word' id='word_1_267' title='bbox 2029 2326 2075 2368; x_wconf 89' lang='lat' dir='ltr'>in</span> 
     </span>
     <span class='ocr_line' id='line_1_32' title="bbox 355 2391 2115 2449; baseline 0.002 -17"><span class='ocrx_word' id='word_1_268' title='bbox 355 2391 555 2434; x_wconf 79' lang='lat' dir='ltr'>miliariis</span> <span class='ocrx_word' id='word_1_269' title='bbox 575 2393 877 2435; x_wconf 87' lang='lat' dir='ltr'>Mauretaniae</span> <span class='ocrx_word' id='word_1_270' title='bbox 901 2393 1024 2436; x_wconf 86' lang='lat' dir='ltr'>VIII</span> <span class='ocrx_word' id='word_1_271' title='bbox 1036 2397 1175 2436; x_wconf 91' lang='grc'><em>10342</em></span> <span class='ocrx_word' id='word_1_272' title='bbox 1196 2393 1268 2448; x_wconf 92' lang='grc'><em>(1).</em></span> <span class='ocrx_word' id='word_1_273' title='bbox 1299 2396 1433 2435; x_wconf 90' lang='grc'><em>10343</em></span> <span class='ocrx_word' id='word_1_274' title='bbox 1454 2394 1527 2448; x_wconf 84' lang='grc'><em>(2).</em></span> <span class='ocrx_word' id='word_1_275' title='bbox 1554 2396 1691 2435; x_wconf 85' lang='grc'><em>10365</em></span> <span class='ocrx_word' id='word_1_276' title='bbox 1711 2392 1783 2447; x_wconf 91' lang='grc'><em>(3),</em></span> <span class='ocrx_word' id='word_1_277' title='bbox 1808 2393 1988 2447; x_wconf 78' lang='lat' dir='ltr'>Ephem.</span> <span class='ocrx_word' id='word_1_278' title='bbox 2011 2409 2072 2449; x_wconf 92' lang='lat' dir='ltr'>ep.</span> <span class='ocrx_word' id='word_1_279' title='bbox 2106 2417 2115 2426; x_wconf 93' lang='lat'><strong>·</strong></span> 
     </span>
     <span class='ocr_line' id='line_1_33' title="bbox 360 2459 2079 2516; baseline 0.002 -16"><span class='ocrx_word' id='word_1_280' title='bbox 360 2463 397 2510; x_wconf 94' lang='grc'>7,</span> <span class='ocrx_word' id='word_1_281' title='bbox 419 2463 498 2501; x_wconf 89' lang='grc'>660</span> <span class='ocrx_word' id='word_1_282' title='bbox 520 2460 594 2516; x_wconf 91' lang='grc'><em>(4).</em></span> <span class='ocrx_word' id='word_1_283' title='bbox 626 2464 705 2503; x_wconf 89' lang='grc'><em>675</em></span> <span class='ocrx_word' id='word_1_284' title='bbox 725 2459 808 2515; x_wconf 86' lang='grc'><em>(5),·</em></span> <span class='ocrx_word' id='word_1_285' title='bbox 837 2463 1010 2503; x_wconf 88' lang='lat' dir='ltr'>nomina</span> <span class='ocrx_word' id='word_1_286' title='bbox 1031 2462 1166 2516; x_wconf 88' lang='lat' dir='ltr'>plena</span> <span class='ocrx_word' id='word_1_287' title='bbox 1196 2462 1398 2504; x_wconf 77' lang='lat' dir='ltr'>extabant</span> <span class='ocrx_word' id='word_1_288' title='bbox 1426 2462 1472 2503; x_wconf 79' lang='lat' dir='ltr'>in</span> <span class='ocrx_word' id='word_1_289' title='bbox 1504 2461 1713 2511; x_wconf 78' lang='lat' dir='ltr'>omnibuS,</span> <span class='ocrx_word' id='word_1_290' title='bbox 1744 2461 1865 2504; x_wconf 77' lang='lat' dir='ltr'>hodie</span> <span class='ocrx_word' id='word_1_291' title='bbox 1893 2461 2079 2516; x_wconf 75' lang='lat' dir='ltr'>Pupieni</span> 
     </span>
     <span class='ocr_line' id='line_1_34' title="bbox 360 2529 2077 2585; baseline 0.002 -15"><span class='ocrx_word' id='word_1_292' title='bbox 360 2531 505 2570; x_wconf 71' lang='lat' dir='ltr'>extant</span> <span class='ocrx_word' id='word_1_293' title='bbox 535 2532 573 2571; x_wconf 90' lang='lat' dir='ltr'>et</span> <span class='ocrx_word' id='word_1_294' title='bbox 601 2532 708 2571; x_wconf 82' lang='lat' dir='ltr'>certe</span> <span class='ocrx_word' id='word_1_295' title='bbox 740 2529 950 2584; x_wconf 80' lang='lat' dir='ltr'>descripta</span> <span class='ocrx_word' id='word_1_296' title='bbox 979 2533 1077 2572; x_wconf 80' lang='lat' dir='ltr'>sunt</span> <span class='ocrx_word' id='word_1_297' title='bbox 1105 2531 1151 2572; x_wconf 89' lang='lat' dir='ltr'>in</span> <span class='ocrx_word' id='word_1_298' title='bbox 1182 2533 1209 2574; x_wconf 88' lang='lat' dir='ltr'>t.</span> <span class='ocrx_word' id='word_1_299' title='bbox 1230 2533 1269 2574; x_wconf 85' lang='lat'>3.</span> <span class='ocrx_word' id='word_1_300' title='bbox 1290 2534 1329 2580; x_wconf 90' lang='grc'>4,</span> <span class='ocrx_word' id='word_1_301' title='bbox 1360 2530 1436 2572; x_wconf 89' lang='lat' dir='ltr'>ubi</span> <span class='ocrx_word' id='word_1_302' title='bbox 1460 2529 1615 2571; x_wconf 83' lang='lat' dir='ltr'>dieitur</span> <span class='ocrx_word' id='word_1_303' title='bbox 1637 2530 1887 2585; x_wconf 88' lang='lat' dir='ltr'>Pupienius.</span> <span class='ocrx_word' id='word_1_304' title='bbox 1937 2530 2077 2573; x_wconf 83' lang='lat' dir='ltr'>Plane</span> 
     </span>
     <span class='ocr_line' id='line_1_35' title="bbox 361 2597 2078 2653; baseline 0.002 -14"><span class='ocrx_word' id='word_1_305' title='bbox 361 2597 499 2639; x_wconf 81' lang='lat' dir='ltr'>eodem</span> <span class='ocrx_word' id='word_1_306' title='bbox 529 2598 650 2640; x_wconf 85' lang='lat' dir='ltr'>modo</span> <span class='ocrx_word' id='word_1_307' title='bbox 676 2599 849 2640; x_wconf 88' lang='lat' dir='ltr'>nomina</span> <span class='ocrx_word' id='word_1_308' title='bbox 869 2599 998 2640; x_wconf 83' lang='lat' dir='ltr'>trium</span> <span class='ocrx_word' id='word_1_309' title='bbox 1020 2599 1168 2653; x_wconf 81' lang='lat' dir='ltr'>posita</span> <span class='ocrx_word' id='word_1_310' title='bbox 1188 2602 1309 2640; x_wconf 89' lang='lat' dir='ltr'>erant</span> <span class='ocrx_word' id='word_1_311' title='bbox 1328 2598 1373 2639; x_wconf 85' lang='lat' dir='ltr'>in</span> <span class='ocrx_word' id='word_1_312' title='bbox 1392 2598 1595 2640; x_wconf 81' lang='lat' dir='ltr'>miliariis</span> <span class='ocrx_word' id='word_1_313' title='bbox 1617 2597 1914 2652; x_wconf 73' lang='lat' dir='ltr'>Cappadociae</span> <span class='ocrx_word' id='word_1_314' title='bbox 1933 2598 2022 2640; x_wconf 91' lang='lat' dir='ltr'>III</span> <span class='ocrx_word' id='word_1_315' title='bbox 2033 2598 2078 2643; x_wconf 82' lang='lat' dir='ltr'>S.</span> 
     </span>
     <span class='ocr_line' id='line_1_36' title="bbox 359 2665 2079 2722; baseline 0.001 -15"><span class='ocrx_word' id='word_1_316' title='bbox 359 2668 478 2709; x_wconf 90' lang='grc'><em>6913.</em></span> <span class='ocrx_word' id='word_1_317' title='bbox 501 2669 620 2708; x_wconf 90' lang='grc'><em>6934.</em></span> <span class='ocrx_word' id='word_1_318' title='bbox 644 2670 762 2712; x_wconf 89' lang='grc'><em>6936.</em></span> <span class='ocrx_word' id='word_1_319' title='bbox 785 2670 890 2710; x_wconf 88' lang='grc'><em>6953</em></span> <span class='ocrx_word' id='word_1_320' title='bbox 909 2667 1018 2709; x_wconf 89' lang='lat' dir='ltr'>male</span> <span class='ocrx_word' id='word_1_321' title='bbox 1037 2667 1220 2721; x_wconf 77' lang='lat' dir='ltr'>seriptis,</span> <span class='ocrx_word' id='word_1_322' title='bbox 1251 2667 1297 2709; x_wconf 90' lang='lat' dir='ltr'>in</span> <span class='ocrx_word' id='word_1_323' title='bbox 1327 2667 1476 2720; x_wconf 78' lang='lat' dir='ltr'>quibus</span> <span class='ocrx_word' id='word_1_324' title='bbox 1505 2665 1630 2718; x_wconf 80' lang='lat' dir='ltr'>(certe</span> <span class='ocrx_word' id='word_1_325' title='bbox 1651 2666 1695 2708; x_wconf 89' lang='lat' dir='ltr'>in</span> <span class='ocrx_word' id='word_1_326' title='bbox 1718 2669 1744 2707; x_wconf 93' lang='lat' dir='ltr'>t.</span> <span class='ocrx_word' id='word_1_327' title='bbox 1766 2668 1886 2722; x_wconf 88' lang='grc'><em>6953)</em></span> <span class='ocrx_word' id='word_1_328' title='bbox 1906 2667 2079 2709; x_wconf 89' lang='lat' dir='ltr'>nomina</span> 
     </span>
     <span class='ocr_line' id='line_1_37' title="bbox 358 2733 2076 2789; baseline 0.002 -15"><span class='ocrx_word' id='word_1_329' title='bbox 358 2733 546 2788; x_wconf 87' lang='lat' dir='ltr'>Pupieni</span> <span class='ocrx_word' id='word_1_330' title='bbox 575 2738 614 2776; x_wconf 88' lang='lat' dir='ltr'>et</span> <span class='ocrx_word' id='word_1_331' title='bbox 641 2734 824 2776; x_wconf 82' lang='lat' dir='ltr'>Balbini</span> <span class='ocrx_word' id='word_1_332' title='bbox 846 2739 999 2789; x_wconf 80' lang='lat' dir='ltr'>postea</span> <span class='ocrx_word' id='word_1_333' title='bbox 1034 2748 1159 2777; x_wconf 81' lang='lat' dir='ltr'>erasa</span> <span class='ocrx_word' id='word_1_334' title='bbox 1187 2738 1285 2777; x_wconf 80' lang='lat' dir='ltr'>sunt</span> <span class='ocrx_word' id='word_1_335' title='bbox 1314 2749 1455 2776; x_wconf 90' lang='lat' dir='ltr'>errore</span> <span class='ocrx_word' id='word_1_336' title='bbox 1476 2733 1808 2788; x_wconf 83' lang='lat' dir='ltr'>provincialium</span> <span class='ocrx_word' id='word_1_337' title='bbox 1838 2735 1893 2787; x_wconf 82' lang='lat' dir='ltr'>ef.</span> <span class='ocrx_word' id='word_1_338' title='bbox 1924 2734 2013 2777; x_wconf 92' lang='lat' dir='ltr'>III</span> <span class='ocrx_word' id='word_1_339' title='bbox 2031 2734 2076 2778; x_wconf 80' lang='lat' dir='ltr'>S.</span> 
     </span>
     <span class='ocr_line' id='line_1_38' title="bbox 353 2801 2079 2856; baseline 0 -12"><span class='ocrx_word' id='word_1_340' title='bbox 353 2817 400 2856; x_wconf 92' lang='lat' dir='ltr'>p.</span> <span class='ocrx_word' id='word_1_341' title='bbox 434 2804 561 2844; x_wconf 87' lang='grc'><em>1252.</em></span> <span class='ocrx_word' id='word_1_342' title='bbox 627 2801 859 2844; x_wconf 82' lang='lat' dir='ltr'>Praeterea</span> <span class='ocrx_word' id='word_1_343' title='bbox 896 2803 1069 2844; x_wconf 89' lang='lat' dir='ltr'>nomina</span> <span class='ocrx_word' id='word_1_344' title='bbox 1109 2802 1273 2844; x_wconf 64' lang='lat' dir='ltr'>emhibet</span> <span class='ocrx_word' id='word_1_345' title='bbox 1310 2803 1407 2843; x_wconf 88' lang='lat' dir='ltr'>item</span> <span class='ocrx_word' id='word_1_346' title='bbox 1446 2802 1668 2843; x_wconf 80' lang='lat' dir='ltr'>coniuncta</span> <span class='ocrx_word' id='word_1_347' title='bbox 1698 2814 1790 2843; x_wconf 85' lang='lat' dir='ltr'>eum</span> <span class='ocrx_word' id='word_1_348' title='bbox 1820 2801 2009 2844; x_wconf 86' lang='lat' dir='ltr'>Balbino</span> <span class='ocrx_word' id='word_1_349' title='bbox 2039 2805 2079 2844; x_wconf 84' lang='lat' dir='ltr'>et</span> 
     </span>
     <span class='ocr_line' id='line_1_39' title="bbox 360 2869 2078 2925; baseline 0 -13"><span class='ocrx_word' id='word_1_350' title='bbox 360 2869 579 2912; x_wconf 78' lang='lat' dir='ltr'>Gordiano</span> <span class='ocrx_word' id='word_1_351' title='bbox 601 2884 796 2924; x_wconf 73' lang='lat' dir='ltr'>papyrus</span> <span class='ocrx_word' id='word_1_352' title='bbox 823 2885 972 2925; x_wconf 70' lang='lat' dir='ltr'>gyraeee</span> <span class='ocrx_word' id='word_1_353' title='bbox 1001 2871 1164 2924; x_wconf 78' lang='lat' dir='ltr'>scripta</span> <span class='ocrx_word' id='word_1_354' title='bbox 1192 2869 1519 2924; x_wconf 73' lang='lat' dir='ltr'>Mittheilunyen</span> <span class='ocrx_word' id='word_1_355' title='bbox 1549 2883 1626 2911; x_wconf 81' lang='lat' dir='ltr'>aus</span> <span class='ocrx_word' id='word_1_356' title='bbox 1648 2869 1720 2911; x_wconf 84' lang='lat' dir='ltr'>der</span> <span class='ocrx_word' id='word_1_357' title='bbox 1739 2869 1984 2923; x_wconf 76' lang='lat' dir='ltr'>Sammluny</span> <span class='ocrx_word' id='word_1_358' title='bbox 2005 2869 2078 2912; x_wconf 82' lang='lat' dir='ltr'>der</span> 
     </span>
     <span class='ocr_line' id='line_1_40' title="bbox 360 2937 2075 2994; baseline 0.001 -15"><span class='ocrx_word' id='word_1_359' title='bbox 360 2938 558 2992; x_wconf 76' lang='lat' dir='ltr'>Papyrus</span> <span class='ocrx_word' id='word_1_360' title='bbox 586 2938 826 2992; x_wconf 61' lang='lat' dir='ltr'>Ereliereoy</span> <span class='ocrx_word' id='word_1_361' title='bbox 855 2939 1021 2981; x_wconf 84' lang='lat' dir='ltr'>Rainer</span> <span class='ocrx_word' id='word_1_362' title='bbox 1047 2939 1112 2980; x_wconf 90' lang='lat' dir='ltr'>II.</span> <span class='ocrx_word' id='word_1_363' title='bbox 1143 2939 1232 2980; x_wconf 91' lang='lat' dir='ltr'>III</span> <span class='ocrx_word' id='word_1_364' title='bbox 1254 2953 1301 2992; x_wconf 87' lang='lat' dir='ltr'>p.</span> <span class='ocrx_word' id='word_1_365' title='bbox 1333 2942 1402 2988; x_wconf 90' lang='grc'><em>23,</em></span> <span class='ocrx_word' id='word_1_366' title='bbox 1434 2938 1510 2980; x_wconf 91' lang='lat' dir='ltr'>ubi</span> <span class='ocrx_word' id='word_1_367' title='bbox 1539 2941 1655 2980; x_wconf 73' lang='lat' dir='ltr'>extat</span> <span class='ocrx_word' id='word_1_368' title='bbox 1691 2937 1858 2994; x_wconf 82' lang='grc' dir='ltr'>Μάρκου</span> <span class='ocrx_word' id='word_1_369' title='bbox 1890 2937 2075 2980; x_wconf 81' lang='grc' dir='ltr'>Κλωδίου</span> 
     </span>
     <span class='ocr_line' id='line_1_41' title="bbox 359 3005 2075 3062; baseline -0.001 -14"><span class='ocrx_word' id='word_1_370' title='bbox 359 3006 597 3062; x_wconf 79' lang='grc' dir='ltr'><em>Πουπιηνοῦ.</em></span> <span class='ocrx_word' id='word_1_371' title='bbox 666 3005 857 3059; x_wconf 75' lang='lat' dir='ltr'>Denique</span> <span class='ocrx_word' id='word_1_372' title='bbox 889 3007 1089 3060; x_wconf 81' lang='lat' dir='ltr'>privatus</span> <span class='ocrx_word' id='word_1_373' title='bbox 1131 3009 1388 3048; x_wconf 85' lang='lat' dir='ltr'>memoratur</span> <span class='ocrx_word' id='word_1_374' title='bbox 1427 3007 1473 3048; x_wconf 86' lang='lat' dir='ltr'>in</span> <span class='ocrx_word' id='word_1_375' title='bbox 1513 3009 1538 3047; x_wconf 92' lang='lat' dir='ltr'>t.</span> <span class='ocrx_word' id='word_1_376' title='bbox 1580 3006 1697 3060; x_wconf 79' lang='lat' dir='ltr'>filiae</span> <span class='ocrx_word' id='word_1_377' title='bbox 1737 3005 1806 3048; x_wconf 89' lang='lat' dir='ltr'>VI</span> <span class='ocrx_word' id='word_1_378' title='bbox 1828 3008 1941 3047; x_wconf 89' lang='grc'><em>1087</em></span> <span class='ocrx_word' id='word_1_379' title='bbox 1950 3020 1979 3047; x_wconf 92' lang='lat' dir='ltr'>a</span> <span class='ocrx_word' id='word_1_380' title='bbox 2017 3005 2075 3061; x_wconf 90' lang='grc'><em>(6)</em></span> 
     </span>
     <span class='ocr_line' id='line_1_42' title="bbox 356 3072 2075 3129; baseline 0.001 -14"><span class='ocrx_word' id='word_1_381' title='bbox 356 3074 540 3128; x_wconf 88' lang='lat' dir='ltr'>Pupieni</span> <span class='ocrx_word' id='word_1_382' title='bbox 570 3073 750 3114; x_wconf 83' lang='lat' dir='ltr'>Maximi</span> <span class='ocrx_word' id='word_1_383' title='bbox 782 3089 816 3115; x_wconf 93' lang='lat' dir='ltr'>c.</span> <span class='ocrx_word' id='word_1_384' title='bbox 839 3089 880 3117; x_wconf 84' lang='lat' dir='ltr'>v,</span> <span class='ocrx_word' id='word_1_385' title='bbox 904 3089 990 3116; x_wconf 78' lang='lat' dir='ltr'>cos,</span> <span class='ocrx_word' id='word_1_386' title='bbox 1012 3075 1068 3128; x_wconf 92' lang='lat' dir='ltr'>II,</span> <span class='ocrx_word' id='word_1_387' title='bbox 1098 3077 1136 3116; x_wconf 88' lang='lat' dir='ltr'>et</span> <span class='ocrx_word' id='word_1_388' title='bbox 1161 3074 1207 3116; x_wconf 92' lang='lat' dir='ltr'>in</span> <span class='ocrx_word' id='word_1_389' title='bbox 1227 3077 1256 3116; x_wconf 90' lang='lat' dir='ltr'>t.</span> <span class='ocrx_word' id='word_1_390' title='bbox 1279 3073 1422 3116; x_wconf 90' lang='lat' dir='ltr'>liberti</span> <span class='ocrx_word' id='word_1_391' title='bbox 1439 3076 1487 3115; x_wconf 91' lang='lat' dir='ltr'>ut</span> <span class='ocrx_word' id='word_1_392' title='bbox 1505 3073 1691 3115; x_wconf 87' lang='lat' dir='ltr'>videtur:</span> <span class='ocrx_word' id='word_1_393' title='bbox 1721 3073 1794 3128; x_wconf 86' lang='lat' dir='ltr'>[M.]</span> <span class='ocrx_word' id='word_1_394' title='bbox 1818 3072 2024 3127; x_wconf 84' lang='lat' dir='ltr'>(traditur</span> <span class='ocrx_word' id='word_1_395' title='bbox 2043 3074 2075 3129; x_wconf 93' lang='lat'>1)</span> 
     </span>
     <span class='ocr_line' id='line_1_43' title="bbox 360 3143 1153 3185; baseline 0.001 -2"><span class='ocrx_word' id='word_1_396' title='bbox 360 3153 505 3184; x_wconf 67' lang='lat' dir='ltr'>onomo</span> <span class='ocrx_word' id='word_1_397' title='bbox 535 3153 624 3183; x_wconf 85' lang='lat' dir='ltr'>PVP.</span> <span class='ocrx_word' id='word_1_398' title='bbox 655 3153 690 3183; x_wconf 88' lang='lat' dir='ltr'>L.</span> <span class='ocrx_word' id='word_1_399' title='bbox 721 3154 899 3184; x_wconf 86' lang='lat' dir='ltr'>BELLAEO</span> <span class='ocrx_word' id='word_1_400' title='bbox 930 3143 1009 3184; x_wconf 89' lang='lat' dir='ltr'>IX</span> <span class='ocrx_word' id='word_1_401' title='bbox 1034 3145 1153 3185; x_wconf 83' lang='lat'>5765.</span> 
     </span>
    </p>

    <p class='ocr_par' dir='ltr' id='par_1_14' title="bbox 358 3208 2079 3402">
     <span class='ocr_line' id='line_1_44' title="bbox 442 3208 2073 3265; baseline 0 -15"><span class='ocrx_word' id='word_1_402' title='bbox 442 3209 498 3251; x_wconf 87' lang='lat' dir='ltr'>In</span> <span class='ocrx_word' id='word_1_403' title='bbox 526 3210 705 3250; x_wconf 82' lang='lat' dir='ltr'>nummis</span> <span class='ocrx_word' id='word_1_404' title='bbox 731 3211 946 3252; x_wconf 82' lang='lat' dir='ltr'>commatis</span> <span class='ocrx_word' id='word_1_405' title='bbox 965 3210 1155 3252; x_wconf 89' lang='lat' dir='ltr'>Romani</span> <span class='ocrx_word' id='word_1_406' title='bbox 1174 3209 1329 3252; x_wconf 84' lang='lat' dir='ltr'>dieitur</span> <span class='ocrx_word' id='word_1_407' title='bbox 1351 3209 1595 3263; x_wconf 80' lang='lat' dir='ltr'>plerumque</span> <span class='ocrx_word' id='word_1_408' title='bbox 1615 3209 1674 3250; x_wconf 91' lang='lat' dir='ltr'>M.</span> <span class='ocrx_word' id='word_1_409' title='bbox 1697 3208 1818 3251; x_wconf 89' lang='lat' dir='ltr'>Clod.</span> <span class='ocrx_word' id='word_1_410' title='bbox 1841 3209 2073 3265; x_wconf 90' lang='lat' dir='ltr'>Pupienus,</span> 
     </span>
     <span class='ocr_line' id='line_1_45' title="bbox 358 3276 2079 3332; baseline 0.001 -13"><span class='ocrx_word' id='word_1_411' title='bbox 358 3277 502 3319; x_wconf 82' lang='lat' dir='ltr'>rarius</span> <span class='ocrx_word' id='word_1_412' title='bbox 524 3278 743 3332; x_wconf 88' lang='lat' dir='ltr'>Pupienus</span> <span class='ocrx_word' id='word_1_413' title='bbox 766 3278 983 3320; x_wconf 81' lang='lat' dir='ltr'>Maximus</span> <span class='ocrx_word' id='word_1_414' title='bbox 1004 3278 1164 3320; x_wconf 78' lang='lat' dir='ltr'>Eolchel</span> <span class='ocrx_word' id='word_1_415' title='bbox 1184 3277 1280 3320; x_wconf 89' lang='lat' dir='ltr'>VII</span> <span class='ocrx_word' id='word_1_416' title='bbox 1292 3292 1340 3331; x_wconf 94' lang='lat' dir='ltr'>p.</span> <span class='ocrx_word' id='word_1_417' title='bbox 1362 3280 1444 3319; x_wconf 87' lang='grc'>306</span> <span class='ocrx_word' id='word_1_418' title='bbox 1462 3290 1560 3330; x_wconf 67' lang='lat' dir='ltr'>sqq„</span> <span class='ocrx_word' id='word_1_419' title='bbox 1593 3276 1732 3319; x_wconf 79' lang='lat' dir='ltr'>Cohen</span> <span class='ocrx_word' id='word_1_420' title='bbox 1758 3276 1819 3318; x_wconf 77' lang='lat' dir='ltr'>V2</span> <span class='ocrx_word' id='word_1_421' title='bbox 1832 3291 1880 3330; x_wconf 86' lang='lat' dir='ltr'>p.</span> <span class='ocrx_word' id='word_1_422' title='bbox 1900 3280 1950 3319; x_wconf 87' lang='grc'><em>14</em></span> <span class='ocrx_word' id='word_1_423' title='bbox 1963 3290 2079 3330; x_wconf 79' lang='lat' dir='ltr'>sqq.;</span> 
     </span>
     <span class='ocr_line' id='line_1_46' title="bbox 358 3344 2075 3402; baseline -0.001 -14"><span class='ocrx_word' id='word_1_424' title='bbox 358 3346 404 3388; x_wconf 85' lang='lat' dir='ltr'>in</span> <span class='ocrx_word' id='word_1_425' title='bbox 431 3346 610 3387; x_wconf 80' lang='lat' dir='ltr'>nummis</span> <span class='ocrx_word' id='word_1_426' title='bbox 630 3345 935 3388; x_wconf 68' lang='lat' dir='ltr'>Alexandrinis</span> <span class='ocrx_word' id='word_1_427' title='bbox 957 3346 1005 3389; x_wconf 89' lang='lat' dir='ltr'>A.</span> <span class='ocrx_word' id='word_1_428' title='bbox 1029 3346 1076 3389; x_wconf 91' lang='lat' dir='ltr'>K.</span> <span class='ocrx_word' id='word_1_429' title='bbox 1100 3346 1155 3388; x_wconf 89' lang='lat' dir='ltr'>M.</span> <span class='ocrx_word' id='word_1_430' title='bbox 1179 3345 1290 3388; x_wconf 85' lang='grc' dir='ltr'><em>Κλω.</em></span> <span class='ocrx_word' id='word_1_431' title='bbox 1317 3345 1539 3402; x_wconf 80' lang='grc' dir='ltr'>Πουπιηνὸς</span> <span class='ocrx_word' id='word_1_432' title='bbox 1560 3345 1653 3388; x_wconf 64' lang='lat' dir='ltr'>mo.</span> <span class='ocrx_word' id='word_1_433' title='bbox 1681 3344 1909 3399; x_wconf 76' lang='lat' dir='ltr'>Cataloyue</span> <span class='ocrx_word' id='word_1_434' title='bbox 1940 3345 1991 3398; x_wconf 82' lang='lat' dir='ltr'>of</span> <span class='ocrx_word' id='word_1_435' title='bbox 2009 3344 2075 3387; x_wconf 77' lang='lat' dir='ltr'>the</span> 
     </span>
    </p>
   </div>
  </div>
 </body>
</html>
