2202 3730
73 272 385 308 OALPVRNIVS
933 265 1015 308 287
1543 273 1547 278 ⁴
1563 269 1874 305 OALPVRNIVS

153 415 352 445 numerus
379 405 516 444 rectus
546 405 617 453 est,
645 402 746 445 Piso
777 417 817 444 a.
839 405 892 444 13
923 403 976 444 ab
997 402 1191 456 Auqusto
1218 401 1319 444 urbi
1343 401 1588 456 praefectus
1617 404 1701 452 est,·
1730 405 1878 444 contra

157 470 383 513 Suetonius
403 473 441 512 et
463 470 635 512 Plinius
665 471 690 512 l.
723 471 748 514 l.
782 471 934 512 diserte
964 473 1003 512 et
1023 470 1155 524 plane
1176 485 1204 512 a
1229 470 1396 512 Tiberio
1421 470 1553 524 (circa
1573 484 1612 511 a.
1634 469 1702 523 17)
1729 468 1880 512 Pisoni

156 538 389 580 custodiam
425 539 545 580 urbis
583 539 831 581 mandatam
870 552 955 581 esse
992 540 1194 592 referunt.
1267 538 1380 580 Vnde
1417 539 1506 580 veri
1547 537 1654 580 mihi
1694 537 1877 579 similius

154 606 317 648 videtur
341 620 557 648 numerum
583 607 723 649 Taciti
752 621 837 649 esse
866 607 1024 660 falsum
1053 607 1137 649 sive
1167 621 1309 649 errore
1336 607 1471 661 ipsius
1495 606 1580 648 sive
1601 606 1726 661 culpa
1746 606 1877 648 libra—

155 674 317 716 riorum
347 676 402 727 cf.
432 689 538 728 quae
568 675 741 729 exposui
758 674 1031 717 Rheiniscltes
1054 674 1250 717 Museuni
1278 673 1426 716 XLII
1448 674 1589 728 (1884)
1609 689 1656 728 p.
1678 677 1757 716 164
1776 688 1875 728 sqq„

156 741 281 783 aliter
311 742 558 791 Mommsen,
591 742 856 785 Staatsrecht
879 743 941 785 II
944 742 962 767 3
984 757 1032 797 p.
1054 745 1175 786 1059.
1207 767 1259 773 ——
1293 743 1506 796 Pontifex,
1539 742 1673 784 frater
1705 742 1877 784 Arvalis

153 823 190 852 v.
220 823 365 864 supra.

242 890 417 932 Potator
452 897 653 932 strenuus
685 890 857 941 Seneca,
891 890 1076 941 Plinius,
1110 890 1338 934 Suetonius
1367 891 1393 933 l.
1422 891 1472 942 l.,
1514 891 1705 933 officium
1735 899 1875 932 tamen

156 973 283 1000 suum
328 973 413 1015 quo
459 957 594 1000 tutela
638 959 756 1001 urbis
806 959 1132 1013 continebatur,
1182 959 1509 1014 diligentissime
1558 959 1876 1001 administravit

157 1027 329 1070 Seneca.
380 1027 523 1068 Mores
554 1027 646 1068 eius
676 1041 770 1068 esse
798 1027 947 1081 vigore
977 1042 1027 1070 ac
1057 1026 1234 1070 lenitate
1263 1029 1541 1070 mixtissimos
1573 1034 1615 1069 et
1634 1029 1712 1069 vix
1733 1042 1876 1083 quem-

155 1110 284 1151 quam
317 1095 495 1150 reperiri
527 1110 674 1151 posse,
707 1095 781 1150 qui
812 1103 888 1137 aut
919 1096 1054 1138 otium
1086 1095 1272 1138 validius
1305 1093 1459 1151 diligat
1488 1104 1563 1138 aut
1591 1096 1760 1138 facilius
1791 1096 1878 1137 suf-

160 1164 277 1205 ficiat
307 1164 478 1217 negotio
510 1162 688 1205 Velleius
718 1162 744 1207 l.
778 1162 805 1205 l.
854 1162 1026 1205 Nullius
1057 1163 1227 1206 servilis
1258 1165 1494 1206 sententiae
1525 1171 1674 1206 auctor
1704 1172 1746 1206 et
1775 1179 1877 1220 quo-

157 1232 266 1273 tiens
306 1231 539 1273 necessitas
577 1232 816 1285 ingrueret,
860 1232 1078 1287 sapienter
1117 1231 1345 1274 moderans
1379 1258 1430 1264 -
1461 1258 1517 1263 —
1551 1233 1784 1288 praecipua
1823 1248 1878 1274 ex

156 1313 205 1340 eo
245 1298 405 1353 gloria,
438 1299 553 1355 quod
576 1298 838 1355 ‘praefectus
877 1298 973 1341 urbi
1016 1315 1165 1341 recens
1201 1302 1448 1343 continuam
1488 1307 1738 1356 potestatem
1770 1302 1878 1342 mire

157 1369 415 1423 temperavit
431 1367 531 1411 Tac.
550 1382 590 1410 a.
612 1371 650 1418 6,
673 1371 740 1411 10.
762 1392 807 1396 -
829 1368 1044 1410 Patronus
1069 1368 1288 1424 Antipatri
1310 1368 1705 1411 Thessalonicensis
1727 1376 1878 1425 poetae

157 1435 331 1479 Anthol.
358 1451 423 1491 qr.
454 1439 492 1487 6,
515 1439 584 1480 24.
615 1439 713 1480 244.
742 1438 822 1479 335
832 1450 846 1488 ;
875 1439 914 1486 9,
944 1438 1035 1481 541.
1067 1439 1175 1488 552,-
1204 1440 1269 1487 10,
1300 1439 1369 1480 25.

240 1515 311 1558 Ad
351 1516 529 1558 Pisones
570 1516 741 1572 scripsit
784 1516 992 1558 Horatius
1037 1515 1195 1558 librum
1237 1516 1290 1558 de
1335 1523 1426 1559 arte
1469 1518 1638 1573 poetica
1681 1517 1878 1571 (Pisones

156 1584 386 1638 alloquitur
413 1598 452 1626 v.
474 1587 512 1627 6.
532 1587 631 1635 235,
666 1590 804 1641 ‘pater
834 1591 878 1627 et
904 1586 1082 1626 iuvenes
1114 1591 1236 1640 patre
1258 1585 1394 1640 digni‘
1417 1599 1454 1627 v.
1475 1589 1546 1636 24,
1580 1586 1730 1627 ‘maior
1760 1587 1877 1627 iuve-

155 1659 273 1694 num'
295 1653 407 1707 366).
452 1652 525 1695 Ex
545 1653 731 1695 carmine
751 1653 844 1707 ipso
862 1652 971 1695 nihil
992 1653 1097 1695 certi
1123 1667 1252 1707 neque
1274 1653 1323 1696 de
1344 1657 1537 1707 tempore,
1569 1668 1647 1708 quo
1677 1655 1880 1708 scriptum

155 1721 221 1771 sit,
254 1734 383 1774 neque
422 1720 472 1763 de
501 1722 699 1775 personis
729 1721 935 1763 Pisonum
974 1736 1116 1764 eruere
1157 1721 1253 1763 licet
1289 1722 1376 1764 nisi
1410 1722 1546 1777 filium
1575 1723 1774 1764 maiore-m
1808 1722 1879 1777 (cf.

155 1802 191 1831 v.
211 1792 292 1831 366
311 1789 415 1844 sqq.)
440 1790 486 1831 in
517 1790 778 1832 carminibus
797 1789 1039 1844 panqendis
1068 1793 1279 1832 versatum
1309 1803 1405 1834 esse.
1459 1791 1606 1832 ‘Hunc
1635 1790 1792 1833 librum
1825 1791 1879 1832 ad

155 1857 204 1899 L.
234 1857 437 1899 Pisonem
467 1858 542 1914 qui
582 1864 730 1912 postea
770 1857 890 1899 urbis
922 1864 1065 1900 custos
1097 1858 1179 1900 fuit
1209 1859 1386 1914 eiusque
1415 1858 1572 1900 liberos
1602 1860 1739 1912 misit3
1780 1873 1879 1900 nam

85 1980 98 1983 g
158 1932 201 1967 et
230 1925 321 1982 ipse
352 1925 452 1967 Piso
494 1932 621 1982 poeta
658 1925 742 1968 fuit
782 1933 824 1968 et
860 1925 1099 1968 studiorum
1139 1925 1384 1968 liberalium
1414 1928 1607 1969 antistes²
1642 1927 1881 1982 Porphyrio

153 2008 200 2048 p.
221 1997 302 2036 344
332 1993 393 2036 ed.
427 1993 588 2048 Meyer.
648 1994 705 2036 Id
732 1992 843 2048 quod
879 2007 980 2037 num
1018 2008 1160 2036 verum
1189 1995 1262 2045 sit,
1297 1998 1398 2048 post
1426 1994 1534 2037 alios
1561 1995 1616 2039 A.
1651 1995 1882 2038 Michaelis

156 2061 556 2116 (Commentationes
577 2062 826 2105 Mommsen.
837 2077 886 2117 p.
908 2066 993 2105 420
1013 2062 1116 2116 sqq.)
1145 2077 1231 2105 non
1260 2063 1350 2105 sine
1380 2076 1511 2105 causa
1532 2063 1751 2105 dubitavit.
1794 2063 1881 2106 Sed

154 2131 227 2184 qui
263 2131 425 2184 fuerint
462 2145 508 2173 re
550 2145 652 2172 vera
695 2131 764 2173 illi
805 2126 987 2173 Pisones
1025 2131 1215 2181 Horatii,
1247 2130 1368 2173 nulla
1412 2131 1499 2173 iam
1536 2134 1677 2185 potest
1714 2132 1880 2173 ratione

156 2198 331 2253 definiri
367 2201 408 2240 et
444 2198 693 2241 monendum
732 2202 792 2241 est
828 2199 997 2241 omnino
1032 2199 1182 2253 plures
1216 2199 1403 2253 Auqusti
1442 2203 1578 2241 aetate
1616 2200 1747 2253 fuisse
1785 2199 1880 2243 Cal-

149 2267 333 2320 purnios
363 2266 540 2309 Pisones
567 2281 694 2320 quam
732 2267 868 2309 adhue
896 2268 982 2308 viri
1011 2266 1123 2309 docti
1151 2267 1428 2317 admiserunt,
1459 2270 1506 2309 ut
1537 2271 1716 2322 apparet
1746 2282 1795 2310 ex
1827 2269 1880 2310 iis

157 2349 264 2388 quae
293 2334 361 2377 hie
392 2335 441 2377 de
470 2334 559 2377 illis
589 2335 903 2389 composuimus.

247 2415 293 2456 T.
323 2414 572 2469 sepulcra-lis
603 2414 671 2467 VI
693 2417 798 2457 1445
837 2415 1032 2456 Liciniae
1073 2414 1218 2457 Crassi
1257 2407 1402 2469 Frugi*
1435 2414 1690 2470 pontif(icis)
1722 2414 1876 2468 foliae)

156 2482 342 2537 Magnae
373 2483 423 2525 L.
457 2483 626 2525 Pisonis
667 2483 879 2539 pontificis
921 2484 1068 2524 uxoris
1109 2482 1167 2524 ad
1203 2496 1322 2536 quem
1352 2483 1581 2537 pertineat,
1612 2486 1718 2526 certe
1747 2484 1881 2525 statui

157 2551 310 2604 nequit.
362 2551 576 2593 Maritum
595 2551 719 2593 multi
736 2554 938 2602 nostrum,
961 2565 1042 2593 cos.
1065 2566 1103 2593 a.
1126 2554 1220 2601 739,
1251 2550 1556 2601 intellea‘erunt,
1590 2551 1700 2605 quod
1728 2552 1774 2593 in
1802 2551 1879 2595 hoc

155 2633 239 2661 uno
273 2622 478 2673 quantum
516 2619 652 2661 adhuc
690 2620 842 2662 seimus
882 2620 1077 2676 pontifex
1109 2619 1390 2661 distinctionis
1431 2633 1563 2662 eausa
1596 2620 1661 2661 ita
1692 2620 1878 2671 additur,

156 2690 204 2728 ut
243 2690 280 2728 et
319 2688 366 2728 in
404 2690 432 2731 t.
471 2686 701 2741 sepulcrali
741 2686 844 2729 addi
877 2688 1149 2741 manifestum
1189 2690 1260 2729 est.
1328 2686 1490 2729 Contra
1535 2687 1622 2729 dici
1655 2691 1795 2741 potest
1834 2690 1880 2730 in

156 2754 330 2807 familia
358 2755 624 2797 Liciniorum
651 2754 902 2797 Crassorum
932 2769 1155 2809 coqnomen
1182 2755 1318 2809 Frugi
1348 2769 1434 2797 non
1465 2758 1561 2797 ante
1593 2755 1659 2799 M.
1681 2754 1880 2798 Crassum

155 2822 298 2877 Fruqi
327 2836 407 2865 603.
440 2838 479 2864 a.
507 2826 568 2866 27
594 2823 717 2865 nobis
745 2826 890 2865 notum
920 2836 1026 2873 esse,
1068 2823 1132 2864 ita
1159 2825 1207 2864 ut
1237 2823 1451 2864 Licinium
1480 2823 1542 2865 vel
1571 2823 1708 2878 filiam
1737 2824 1801 2866 vel
1831 2838 1880 2866 ea:

152 2891 338 2945 posteris
356 2890 481 2932 huius
502 2883 634 2944 fuisse
656 2891 924 2945 statuendum
944 2891 1011 2933 sit.
1046 2890 1103 2932 Id
1122 2890 1232 2944 quod
1251 2904 1344 2932 cum
1363 2891 1454 2933 veri
1471 2891 1654 2933 similius
1671 2891 1877 2942 videatur,

155 2959 336 3001 maritus
365 2959 436 3001 ille
456 2960 674 3013 posterior
702 2973 825 3013 quam
857 2962 997 3001 noster
1027 2959 1123 3012 fuit,
1155 2972 1409 3012 quamquam
1439 2962 1617 3002 aetatem
1638 2961 1878 3002 accuratius

157 3027 332 3082 definire
359 3041 445 3068 non
475 3027 582 3069 licet.
1232 3040 1235 3043 ’

70 3106 154 3149 250
183 3113 228 3148 L.
261 3112 572 3148 CALPVRNIVS
603 3112 711 3148 PISO
743 3112 895 3148 FRVGI
926 3113 1229 3148 LICINIANVS.
1295 3106 1449 3149 Tituli:
1486 3108 1576 3161 ipse
1607 3108 1755 3162 posuit
1785 3122 1876 3150 cum

158 3174 440 3216 Scriboniano
460 3176 598 3228 fratre
619 3176 786 3229 cippum
807 3174 1067 3217 terminalem
1094 3175 1161 3217 VI
1174 3177 1286 3217 1268
1306 3175 1390 3230 (1)‚·
1416 3176 1665 3230 sepulcralis
1687 3177 1879 3218 urbanus

158 3242 247 3284 eius
277 3245 317 3284 et
346 3242 554 3285 Veraniae
581 3243 730 3284 uxoris
757 3242 994 3285 Bullettino
1024 3242 1240 3284 comunale
1270 3246 1378 3286 1885
1401 3258 1448 3298 p.
1470 3248 1553 3286 102
1581 3258 1622 3286 n.
1649 3247 1761 3288 1026
1791 3243 1879 3303 (2),-

159 3310 331 3364 adoptio
361 3311 449 3352 eius
477 3314 735 3353 memoratur
763 3311 810 3352 in
839 3311 944 3353 actis
974 3310 1201 3354 Arvalium
1231 3325 1270 3354 a.
1291 3314 1343 3355 69
1375 3311 1442 3354 VI
1463 3315 1574 3355 2051
1605 3311 1676 3371 (3),
