<?xml version="1.0" encoding="UTF-8"?>
<!DOCTYPE html PUBLIC "-//W3C//DTD XHTML 1.0 Transitional//EN"
    "http://www.w3.org/TR/xhtml1/DTD/xhtml1-transitional.dtd">
<html xmlns="http://www.w3.org/1999/xhtml" xml:lang="en" lang="en">
 <head>
  <title>
</title>
<meta http-equiv="Content-Type" content="text/html;charset=utf-8" />
  <meta name='ocr-system' content='tesseract 3.04.00' />
  <meta name='ocr-capabilities' content='ocr_page ocr_carea ocr_par ocr_line ocrx_word'/>
</head>
<body>
  <div class='ocr_page' id='page_1' title='image "./prosopographiaim01akaduoft/prosopographiaim01akaduoft_0432.png"; bbox 0 0 2202 3730; ppageno 0'>
   <div class='ocr_carea' id='block_1_1' title="bbox 288 284 2084 329">
    <p class='ocr_par' dir='ltr' id='par_1_1' title="bbox 288 284 2084 329">
     <span class='ocr_line' id='line_1_1' title="bbox 288 284 2084 329; baseline -0.001 0"><span class='ocrx_word' id='word_1_1' title='bbox 288 294 496 329; x_wconf 87' lang='lat' dir='ltr'>CLODIVS</span> <span class='ocrx_word' id='word_1_2' title='bbox 1141 284 1223 327; x_wconf 86' lang='grc'>416</span> <span class='ocrx_word' id='word_1_3' title='bbox 1873 290 2084 327; x_wconf 87' lang='lat' dir='ltr'><strong>CLODIVS</strong></span> 
     </span>
    </p>
   </div>
   <div class='ocr_carea' id='block_1_2' title="bbox 1923 355 2084 359">
    <p class='ocr_par' dir='ltr' id='par_1_2' title="bbox 1923 355 2084 359">
     <span class='ocr_line' id='line_1_2' title="bbox 1923 355 2084 359; baseline 0 0"><span class='ocrx_word' id='word_1_4' title='bbox 1923 355 2084 359; x_wconf 95' lang='lat' dir='ltr'> </span> 
     </span>
    </p>
   </div>
   <div class='ocr_carea' id='block_1_3' title="bbox 323 353 1004 364">
    <p class='ocr_par' dir='ltr' id='par_1_3' title="bbox 323 353 1004 364">
     <span class='ocr_line' id='line_1_3' title="bbox 323 353 1004 364; baseline 0 0"><span class='ocrx_word' id='word_1_5' title='bbox 323 353 1004 364; x_wconf 95' lang='lat' dir='ltr'> </span> 
     </span>
    </p>
   </div>
   <div class='ocr_carea' id='block_1_4' title="bbox 277 419 2086 2802">
    <p class='ocr_par' dir='ltr' id='par_1_4' title="bbox 369 419 2085 612">
     <span class='ocr_line' id='line_1_4' title="bbox 457 419 2085 476; baseline -0.002 -11"><span class='ocrx_word' id='word_1_6' title='bbox 457 423 595 465; x_wconf 89' lang='lat' dir='ltr'>Plena</span> <span class='ocrx_word' id='word_1_7' title='bbox 622 422 796 463; x_wconf 88' lang='lat' dir='ltr'>nomina</span> <span class='ocrx_word' id='word_1_8' title='bbox 826 420 1018 462; x_wconf 74' lang='lat' dir='ltr'>exhibent</span> <span class='ocrx_word' id='word_1_9' title='bbox 1048 423 1075 462; x_wconf 91' lang='lat' dir='ltr'>t.</span> <span class='ocrx_word' id='word_1_10' title='bbox 1106 423 1144 464; x_wconf 92' lang='lat'>1.</span> <span class='ocrx_word' id='word_1_11' title='bbox 1174 423 1201 461; x_wconf 88' lang='grc'><em>3</em></span> <span class='ocrx_word' id='word_1_12' title='bbox 1231 423 1271 461; x_wconf 87' lang='lat' dir='ltr'>et</span> <span class='ocrx_word' id='word_1_13' title='bbox 1298 420 1344 461; x_wconf 91' lang='lat' dir='ltr'>in</span> <span class='ocrx_word' id='word_1_14' title='bbox 1375 419 1601 462; x_wconf 73' lang='lat' dir='ltr'><em>consulatu</em></span> <span class='ocrx_word' id='word_1_15' title='bbox 1626 420 1757 462; x_wconf 90' lang='lat' dir='ltr'>altero</span> <span class='ocrx_word' id='word_1_16' title='bbox 1788 423 1814 464; x_wconf 88' lang='lat' dir='ltr'>t.</span> <span class='ocrx_word' id='word_1_17' title='bbox 1845 424 1884 470; x_wconf 89' lang='lat'>4,</span> <span class='ocrx_word' id='word_1_18' title='bbox 1927 421 2085 476; x_wconf 83' lang='lat' dir='ltr'>Eprius</span> 
     </span>
     <span class='ocr_line' id='line_1_5' title="bbox 370 487 2082 542; baseline -0.001 -10"><span class='ocrx_word' id='word_1_19' title='bbox 370 489 600 532; x_wconf 77' lang='lat' dir='ltr'>Marcellus</span> <span class='ocrx_word' id='word_1_20' title='bbox 618 492 645 531; x_wconf 91' lang='lat' dir='ltr'>t.</span> <span class='ocrx_word' id='word_1_21' title='bbox 661 492 700 532; x_wconf 85' lang='lat'>3.</span> <span class='ocrx_word' id='word_1_22' title='bbox 715 513 767 518; x_wconf 91' lang='lat'>-—</span> <span class='ocrx_word' id='word_1_23' title='bbox 780 488 833 529; x_wconf 89' lang='lat' dir='ltr'>In</span> <span class='ocrx_word' id='word_1_24' title='bbox 853 488 1033 529; x_wconf 84' lang='lat' dir='ltr'>nummis</span> <span class='ocrx_word' id='word_1_25' title='bbox 1050 502 1077 528; x_wconf 94' lang='lat' dir='ltr'>a</span> <span class='ocrx_word' id='word_1_26' title='bbox 1094 487 1252 542; x_wconf 79' lang='lat' dir='ltr'>Eprius</span> <span class='ocrx_word' id='word_1_27' title='bbox 1269 487 1512 541; x_wconf 82' lang='lat' dir='ltr'>Marcellus,</span> <span class='ocrx_word' id='word_1_28' title='bbox 1531 488 1576 529; x_wconf 92' lang='lat' dir='ltr'>in</span> <span class='ocrx_word' id='word_1_29' title='bbox 1590 488 1763 542; x_wconf 78' lang='lat' dir='ltr'>reliquis</span> <span class='ocrx_word' id='word_1_30' title='bbox 1773 487 2015 532; x_wconf 78' lang='lat' dir='ltr'>Marcellus.</span> <span class='ocrx_word' id='word_1_31' title='bbox 2034 513 2082 518; x_wconf 90' lang='lat'><strong>—</strong></span> 
     </span>
     <span class='ocr_line' id='line_1_6' title="bbox 369 554 1895 612; baseline -0.001 -13"><span class='ocrx_word' id='word_1_32' title='bbox 369 557 501 611; x_wconf 85' lang='lat' dir='ltr'>Apud</span> <span class='ocrx_word' id='word_1_33' title='bbox 528 557 752 610; x_wconf 72' lang='lat' dir='ltr'>scriptores</span> <span class='ocrx_word' id='word_1_34' title='bbox 783 556 943 611; x_wconf 87' lang='lat' dir='ltr'>Eprius</span> <span class='ocrx_word' id='word_1_35' title='bbox 973 554 1204 596; x_wconf 80' lang='lat' dir='ltr'>Marcellus</span> <span class='ocrx_word' id='word_1_36' title='bbox 1232 556 1317 597; x_wconf 84' lang='lat' dir='ltr'>sive</span> <span class='ocrx_word' id='word_1_37' title='bbox 1345 556 1504 612; x_wconf 88' lang='lat' dir='ltr'>Eprius</span> <span class='ocrx_word' id='word_1_38' title='bbox 1534 556 1619 598; x_wconf 81' lang='lat' dir='ltr'>sive</span> <span class='ocrx_word' id='word_1_39' title='bbox 1649 556 1895 598; x_wconf 85' lang='lat' dir='ltr'>Marcellus.</span> 
     </span>
    </p>

    <p class='ocr_par' dir='ltr' id='par_1_5' title="bbox 362 623 2086 2111">
     <span class='ocr_line' id='line_1_7' title="bbox 454 623 2085 680; baseline 0 -14"><span class='ocrx_word' id='word_1_40' title='bbox 454 625 629 680; x_wconf 80' lang='lat' dir='ltr'>Capuae</span> <span class='ocrx_word' id='word_1_41' title='bbox 669 624 842 666; x_wconf 88' lang='lat' dir='ltr'>sordide</span> <span class='ocrx_word' id='word_1_42' title='bbox 882 630 924 665; x_wconf 86' lang='lat' dir='ltr'>et</span> <span class='ocrx_word' id='word_1_43' title='bbox 953 623 1118 665; x_wconf 88' lang='lat' dir='ltr'>abiecte</span> <span class='ocrx_word' id='word_1_44' title='bbox 1148 630 1275 665; x_wconf 85' lang='lat' dir='ltr'>natus</span> <span class='ocrx_word' id='word_1_45' title='bbox 1311 624 1408 667; x_wconf 82' lang='lat' dir='ltr'>Tac.</span> <span class='ocrx_word' id='word_1_46' title='bbox 1441 624 1595 678; x_wconf 72' lang='lat' dir='ltr'>dialoq.</span> <span class='ocrx_word' id='word_1_47' title='bbox 1625 626 1665 674; x_wconf 89' lang='grc'>8,</span> <span class='ocrx_word' id='word_1_48' title='bbox 1697 624 1756 666; x_wconf 91' lang='grc' dir='ltr'>Μ.</span> <span class='ocrx_word' id='word_1_49' title='bbox 1786 624 1814 666; x_wconf 88' lang='lat' dir='ltr'>f.</span> <span class='ocrx_word' id='word_1_50' title='bbox 1846 623 1962 666; x_wconf 87' lang='lat' dir='ltr'>tribu</span> <span class='ocrx_word' id='word_1_51' title='bbox 1991 623 2085 666; x_wconf 80' lang='lat' dir='ltr'>Fal.</span> 
     </span>
     <span class='ocr_line' id='line_1_8' title="bbox 369 691 2083 748; baseline -0.001 -13"><span class='ocrx_word' id='word_1_52' title='bbox 369 697 396 735; x_wconf 87' lang='lat' dir='ltr'>t.</span> <span class='ocrx_word' id='word_1_53' title='bbox 428 697 466 735; x_wconf 89' lang='lat'>1.</span> <span class='ocrx_word' id='word_1_54' title='bbox 527 694 706 734; x_wconf 83' lang='lat' dir='ltr'>Praetor</span> <span class='ocrx_word' id='word_1_55' title='bbox 736 693 990 748; x_wconf 85' lang='lat' dir='ltr'>peregrinus</span> <span class='ocrx_word' id='word_1_56' title='bbox 1022 694 1050 733; x_wconf 89' lang='lat' dir='ltr'>t.</span> <span class='ocrx_word' id='word_1_57' title='bbox 1082 695 1119 742; x_wconf 93' lang='lat'>1,</span> <span class='ocrx_word' id='word_1_58' title='bbox 1157 706 1268 733; x_wconf 87' lang='lat' dir='ltr'>anno</span> <span class='ocrx_word' id='word_1_59' title='bbox 1299 692 1354 734; x_wconf 87' lang='grc'>48</span> <span class='ocrx_word' id='word_1_60' title='bbox 1386 707 1424 733; x_wconf 88' lang='lat' dir='ltr'>a.</span> <span class='ocrx_word' id='word_1_61' title='bbox 1456 691 1496 734; x_wconf 88' lang='lat' dir='ltr'>d.</span> <span class='ocrx_word' id='word_1_62' title='bbox 1529 692 1621 734; x_wconf 91' lang='lat' dir='ltr'>IIII</span> <span class='ocrx_word' id='word_1_63' title='bbox 1649 691 1737 734; x_wconf 86' lang='lat' dir='ltr'>kal.</span> <span class='ocrx_word' id='word_1_64' title='bbox 1767 692 1872 746; x_wconf 65' lang='lat' dir='ltr'>Ian„</span> <span class='ocrx_word' id='word_1_65' title='bbox 1905 707 2003 734; x_wconf 88' lang='lat' dir='ltr'>cum</span> <span class='ocrx_word' id='word_1_66' title='bbox 2031 692 2083 734; x_wconf 91' lang='lat' dir='ltr'>L.</span> 
     </span>
     <span class='ocr_line' id='line_1_9' title="bbox 369 759 2083 816; baseline -0.001 -14"><span class='ocrx_word' id='word_1_67' title='bbox 369 760 541 803; x_wconf 83' lang='lat' dir='ltr'>Silanus</span> <span class='ocrx_word' id='word_1_68' title='bbox 561 766 806 816; x_wconf 87' lang='lat' dir='ltr'>praeturam</span> <span class='ocrx_word' id='word_1_69' title='bbox 829 761 996 801; x_wconf 88' lang='lat' dir='ltr'>eiurare</span> <span class='ocrx_word' id='word_1_70' title='bbox 1017 759 1194 801; x_wconf 88' lang='lat' dir='ltr'>adactus</span> <span class='ocrx_word' id='word_1_71' title='bbox 1218 767 1338 813; x_wconf 86' lang='lat' dir='ltr'>esset,</span> <span class='ocrx_word' id='word_1_72' title='bbox 1372 761 1416 801; x_wconf 89' lang='lat' dir='ltr'>in</span> <span class='ocrx_word' id='word_1_73' title='bbox 1448 761 1539 801; x_wconf 89' lang='lat' dir='ltr'>eius</span> <span class='ocrx_word' id='word_1_74' title='bbox 1569 759 1712 802; x_wconf 88' lang='lat' dir='ltr'>locum</span> <span class='ocrx_word' id='word_1_75' title='bbox 1741 759 1934 816; x_wconf 88' lang='lat' dir='ltr'>reliquus</span> <span class='ocrx_word' id='word_1_76' title='bbox 1963 774 2083 815; x_wconf 87' lang='lat' dir='ltr'>prae-</span> 
     </span>
     <span class='ocr_line' id='line_1_10' title="bbox 368 827 2083 882; baseline -0.001 -12"><span class='ocrx_word' id='word_1_77' title='bbox 368 836 488 870; x_wconf 86' lang='lat' dir='ltr'>turae</span> <span class='ocrx_word' id='word_1_78' title='bbox 528 828 618 870; x_wconf 88' lang='lat' dir='ltr'>dies</span> <span class='ocrx_word' id='word_1_79' title='bbox 659 828 830 879; x_wconf 68' lang='lat' dir='ltr'>(scilicet</span> <span class='ocrx_word' id='word_1_80' title='bbox 858 827 949 870; x_wconf 88' lang='lat' dir='ltr'>III</span> <span class='ocrx_word' id='word_1_81' title='bbox 970 827 1054 870; x_wconf 76' lang='lat' dir='ltr'>kal.</span> <span class='ocrx_word' id='word_1_82' title='bbox 1085 827 1201 882; x_wconf 85' lang='lat' dir='ltr'>Ian.)</span> <span class='ocrx_word' id='word_1_83' title='bbox 1231 828 1274 868; x_wconf 92' lang='lat' dir='ltr'>in</span> <span class='ocrx_word' id='word_1_84' title='bbox 1311 827 1566 870; x_wconf 90' lang='lat' dir='ltr'>Marcellum</span> <span class='ocrx_word' id='word_1_85' title='bbox 1596 827 1775 870; x_wconf 91' lang='lat' dir='ltr'>collatus</span> <span class='ocrx_word' id='word_1_86' title='bbox 1816 834 1879 870; x_wconf 88' lang='lat' dir='ltr'>est</span> <span class='ocrx_word' id='word_1_87' title='bbox 1914 828 2011 870; x_wconf 79' lang='lat' dir='ltr'>Tac.</span> <span class='ocrx_word' id='word_1_88' title='bbox 2043 841 2083 869; x_wconf 88' lang='lat' dir='ltr'>a.</span> 
     </span>
     <span class='ocr_line' id='line_1_11' title="bbox 366 894 2086 952; baseline -0.002 -14"><span class='ocrx_word' id='word_1_89' title='bbox 366 900 434 952; x_wconf 84' lang='lat'>12,</span> <span class='ocrx_word' id='word_1_90' title='bbox 466 901 492 938; x_wconf 98' lang='lat'><em>4</em></span> <span class='ocrx_word' id='word_1_91' title='bbox 521 898 575 950; x_wconf 81' lang='lat' dir='ltr'>cf.</span> <span class='ocrx_word' id='word_1_92' title='bbox 607 896 777 939; x_wconf 87' lang='lat' dir='ltr'>Sueton.</span> <span class='ocrx_word' id='word_1_93' title='bbox 809 894 963 938; x_wconf 82' lang='lat' dir='ltr'>Claud.</span> <span class='ocrx_word' id='word_1_94' title='bbox 990 898 1061 938; x_wconf 89' lang='lat'>29.</span> <span class='ocrx_word' id='word_1_95' title='bbox 1120 896 1312 950; x_wconf 86' lang='lat' dir='ltr'>Legatus</span> <span class='ocrx_word' id='word_1_96' title='bbox 1343 896 1507 951; x_wconf 82' lang='lat' dir='ltr'>Lyciae</span> <span class='ocrx_word' id='word_1_97' title='bbox 1537 897 1608 950; x_wconf 85' lang='lat' dir='ltr'>(cf.</span> <span class='ocrx_word' id='word_1_98' title='bbox 1639 899 1666 938; x_wconf 90' lang='lat' dir='ltr'>t.</span> <span class='ocrx_word' id='word_1_99' title='bbox 1698 899 1745 951; x_wconf 90' lang='lat'>2)</span> <span class='ocrx_word' id='word_1_100' title='bbox 1777 911 1832 938; x_wconf 86' lang='lat' dir='ltr'>ex</span> <span class='ocrx_word' id='word_1_101' title='bbox 1861 895 2086 951; x_wconf 85' lang='lat' dir='ltr'>provincia</span> 
     </span>
     <span class='ocr_line' id='line_1_12' title="bbox 367 963 2086 1020; baseline 0 -15"><span class='ocrx_word' id='word_1_102' title='bbox 367 964 703 1020; x_wconf 88' lang='lat' dir='ltr'>repetundarum</span> <span class='ocrx_word' id='word_1_103' title='bbox 746 963 986 1019; x_wconf 86' lang='lat' dir='ltr'>postulatus</span> <span class='ocrx_word' id='word_1_104' title='bbox 1026 970 1110 1018; x_wconf 88' lang='lat' dir='ltr'>est,</span> <span class='ocrx_word' id='word_1_105' title='bbox 1156 963 1231 1005; x_wconf 89' lang='lat' dir='ltr'>sed</span> <span class='ocrx_word' id='word_1_106' title='bbox 1269 978 1317 1005; x_wconf 90' lang='lat' dir='ltr'>eo</span> <span class='ocrx_word' id='word_1_107' title='bbox 1348 978 1486 1020; x_wconf 87' lang='lat' dir='ltr'>usque</span> <span class='ocrx_word' id='word_1_108' title='bbox 1516 965 1692 1007; x_wconf 85' lang='lat' dir='ltr'>ambitio</span> <span class='ocrx_word' id='word_1_109' title='bbox 1732 963 1997 1020; x_wconf 85' lang='lat' dir='ltr'>praevaluit,</span> <span class='ocrx_word' id='word_1_110' title='bbox 2036 968 2086 1004; x_wconf 84' lang='lat' dir='ltr'>ut</span> 
     </span>
     <span class='ocr_line' id='line_1_13' title="bbox 366 1030 2086 1088; baseline -0.001 -15"><span class='ocrx_word' id='word_1_111' title='bbox 366 1031 541 1088; x_wconf 89' lang='lat' dir='ltr'>quidam</span> <span class='ocrx_word' id='word_1_112' title='bbox 582 1039 881 1074; x_wconf 84' lang='lat' dir='ltr'>accusatorum</span> <span class='ocrx_word' id='word_1_113' title='bbox 922 1032 1012 1073; x_wconf 89' lang='lat' dir='ltr'>eius</span> <span class='ocrx_word' id='word_1_114' title='bbox 1053 1031 1182 1074; x_wconf 86' lang='lat' dir='ltr'>exilio</span> <span class='ocrx_word' id='word_1_115' title='bbox 1222 1031 1507 1074; x_wconf 84' lang='lat' dir='ltr'>multarentur</span> <span class='ocrx_word' id='word_1_116' title='bbox 1542 1032 1640 1075; x_wconf 82' lang='lat' dir='ltr'>Tac.</span> <span class='ocrx_word' id='word_1_117' title='bbox 1672 1047 1711 1077; x_wconf 88' lang='lat' dir='ltr'>a.</span> <span class='ocrx_word' id='word_1_118' title='bbox 1742 1036 1807 1082; x_wconf 85' lang='lat'>13,</span> <span class='ocrx_word' id='word_1_119' title='bbox 1837 1035 1906 1074; x_wconf 85' lang='lat'>33.</span> <span class='ocrx_word' id='word_1_120' title='bbox 1972 1030 2086 1073; x_wconf 88' lang='lat' dir='ltr'>Pro-</span> 
     </span>
     <span class='ocr_line' id='line_1_14' title="bbox 367 1098 2086 1156; baseline -0.001 -14"><span class='ocrx_word' id='word_1_121' title='bbox 367 1100 574 1142; x_wconf 82' lang='lat' dir='ltr'>consulem</span> <span class='ocrx_word' id='word_1_122' title='bbox 606 1099 734 1155; x_wconf 77' lang='lat' dir='ltr'>prri</span> <span class='ocrx_word' id='word_1_123' title='bbox 762 1101 893 1154; x_wconf 78' lang='lat' dir='ltr'>fuisse</span> <span class='ocrx_word' id='word_1_124' title='bbox 924 1114 974 1142; x_wconf 75' lang='lat' dir='ltr'>ex</span> <span class='ocrx_word' id='word_1_125' title='bbox 1002 1103 1030 1142; x_wconf 86' lang='lat' dir='ltr'>t.</span> <span class='ocrx_word' id='word_1_126' title='bbox 1063 1103 1093 1156; x_wconf 50' lang='lat'>1⁴</span> <span class='ocrx_word' id='word_1_127' title='bbox 1117 1114 1203 1142; x_wconf 92' lang='lat' dir='ltr'>non</span> <span class='ocrx_word' id='word_1_128' title='bbox 1232 1103 1339 1142; x_wconf 87' lang='lat' dir='ltr'>certe</span> <span class='ocrx_word' id='word_1_129' title='bbox 1367 1100 1591 1154; x_wconf 71' lang='lat' dir='ltr'>colliyitur.</span> <span class='ocrx_word' id='word_1_130' title='bbox 1648 1099 1804 1143; x_wconf 82' lang='lat' dir='ltr'>Consul</span> <span class='ocrx_word' id='word_1_131' title='bbox 1832 1100 1867 1142; x_wconf 91' lang='lat' dir='ltr'><strong><em>I</em></strong></span> <span class='ocrx_word' id='word_1_132' title='bbox 1887 1098 2086 1151; x_wconf 82' lang='lat' dir='ltr'>suffectus</span> 
     </span>
     <span class='ocr_line' id='line_1_15' title="bbox 367 1166 2086 1223; baseline -0.001 -13"><span class='ocrx_word' id='word_1_133' title='bbox 367 1169 482 1210; x_wconf 90' lang='lat' dir='ltr'>circa</span> <span class='ocrx_word' id='word_1_134' title='bbox 513 1183 669 1211; x_wconf 90' lang='lat' dir='ltr'>annum</span> <span class='ocrx_word' id='word_1_135' title='bbox 699 1173 763 1213; x_wconf 87' lang='lat'>60.</span> <span class='ocrx_word' id='word_1_136' title='bbox 824 1169 951 1211; x_wconf 92' lang='lat' dir='ltr'>Iussu</span> <span class='ocrx_word' id='word_1_137' title='bbox 979 1168 1163 1210; x_wconf 89' lang='lat' dir='ltr'>Neronis</span> <span class='ocrx_word' id='word_1_138' title='bbox 1195 1182 1307 1210; x_wconf 90' lang='lat' dir='ltr'>anno</span> <span class='ocrx_word' id='word_1_139' title='bbox 1339 1169 1392 1211; x_wconf 88' lang='grc'>66</span> <span class='ocrx_word' id='word_1_140' title='bbox 1424 1184 1510 1210; x_wconf 91' lang='lat' dir='ltr'>una</span> <span class='ocrx_word' id='word_1_141' title='bbox 1545 1183 1642 1210; x_wconf 87' lang='lat' dir='ltr'>cum</span> <span class='ocrx_word' id='word_1_142' title='bbox 1674 1168 1929 1211; x_wconf 87' lang='lat' dir='ltr'>Cossutiano</span> <span class='ocrx_word' id='word_1_143' title='bbox 1960 1166 2086 1223; x_wconf 80' lang='lat' dir='ltr'>Capi-</span> 
     </span>
     <span class='ocr_line' id='line_1_16' title="bbox 366 1236 2086 1287; baseline -0.001 -9"><span class='ocrx_word' id='word_1_144' title='bbox 366 1243 465 1278; x_wconf 87' lang='lat' dir='ltr'>tone</span> <span class='ocrx_word' id='word_1_145' title='bbox 488 1237 725 1279; x_wconf 85' lang='lat' dir='ltr'>Thraseam</span> <span class='ocrx_word' id='word_1_146' title='bbox 752 1238 932 1279; x_wconf 89' lang='lat' dir='ltr'>Paetum</span> <span class='ocrx_word' id='word_1_147' title='bbox 963 1237 1185 1279; x_wconf 88' lang='lat' dir='ltr'>accusavit</span> <span class='ocrx_word' id='word_1_148' title='bbox 1215 1243 1257 1278; x_wconf 86' lang='lat' dir='ltr'>et</span> <span class='ocrx_word' id='word_1_149' title='bbox 1287 1236 1508 1278; x_wconf 87' lang='lat' dir='ltr'>damnavit</span> <span class='ocrx_word' id='word_1_150' title='bbox 1536 1236 1621 1280; x_wconf 86' lang='lat' dir='ltr'>ibd.</span> <span class='ocrx_word' id='word_1_151' title='bbox 1642 1240 1706 1287; x_wconf 89' lang='lat'>16,</span> <span class='ocrx_word' id='word_1_152' title='bbox 1727 1239 1801 1279; x_wconf 91' lang='lat'>22.</span> <span class='ocrx_word' id='word_1_153' title='bbox 1822 1239 1892 1279; x_wconf 90' lang='lat'>26.</span> <span class='ocrx_word' id='word_1_154' title='bbox 1914 1237 1984 1279; x_wconf 80' lang='lat'>28.</span> <span class='ocrx_word' id='word_1_155' title='bbox 2005 1237 2086 1286; x_wconf 81' lang='lat'>29,-</span> 
     </span>
     <span class='ocr_line' id='line_1_17' title="bbox 365 1303 2084 1361; baseline -0.001 -16"><span class='ocrx_word' id='word_1_156' title='bbox 365 1305 419 1346; x_wconf 90' lang='lat' dir='ltr'>ob</span> <span class='ocrx_word' id='word_1_157' title='bbox 461 1305 505 1346; x_wconf 93' lang='lat' dir='ltr'>id</span> <span class='ocrx_word' id='word_1_158' title='bbox 542 1306 829 1361; x_wconf 86' lang='lat' dir='ltr'>quinquagies</span> <span class='ocrx_word' id='word_1_159' title='bbox 868 1306 1108 1346; x_wconf 85' lang='lat' dir='ltr'>sestertium</span> <span class='ocrx_word' id='word_1_160' title='bbox 1151 1306 1188 1346; x_wconf 92' lang='lat' dir='ltr'>ci</span> <span class='ocrx_word' id='word_1_161' title='bbox 1227 1304 1474 1347; x_wconf 89' lang='lat' dir='ltr'>decernitur</span> <span class='ocrx_word' id='word_1_162' title='bbox 1511 1305 1596 1348; x_wconf 76' lang='lat' dir='ltr'>ibd.</span> <span class='ocrx_word' id='word_1_163' title='bbox 1627 1308 1691 1355; x_wconf 90' lang='lat'>16,</span> <span class='ocrx_word' id='word_1_164' title='bbox 1724 1308 1791 1347; x_wconf 83' lang='lat'>33.</span> <span class='ocrx_word' id='word_1_165' title='bbox 1862 1304 1989 1346; x_wconf 91' lang='lat' dir='ltr'>Anno</span> <span class='ocrx_word' id='word_1_166' title='bbox 2029 1303 2084 1345; x_wconf 84' lang='lat'>69</span> 
     </span>
     <span class='ocr_line' id='line_1_18' title="bbox 366 1373 2085 1428; baseline -0.001 -15"><span class='ocrx_word' id='word_1_167' title='bbox 366 1379 550 1415; x_wconf 84' lang='lat' dir='ltr'>exeunte</span> <span class='ocrx_word' id='word_1_168' title='bbox 589 1388 688 1415; x_wconf 89' lang='lat' dir='ltr'>acre</span> <span class='ocrx_word' id='word_1_169' title='bbox 729 1375 915 1428; x_wconf 86' lang='lat' dir='ltr'>iurgium</span> <span class='ocrx_word' id='word_1_170' title='bbox 958 1374 1071 1415; x_wconf 88' lang='lat' dir='ltr'>inter</span> <span class='ocrx_word' id='word_1_171' title='bbox 1113 1387 1212 1415; x_wconf 89' lang='lat' dir='ltr'>eum</span> <span class='ocrx_word' id='word_1_172' title='bbox 1254 1380 1295 1415; x_wconf 88' lang='lat' dir='ltr'>et</span> <span class='ocrx_word' id='word_1_173' title='bbox 1331 1373 1585 1415; x_wconf 90' lang='lat' dir='ltr'>Helvidium</span> <span class='ocrx_word' id='word_1_174' title='bbox 1617 1374 1811 1415; x_wconf 89' lang='lat' dir='ltr'>Priscum</span> <span class='ocrx_word' id='word_1_175' title='bbox 1851 1373 1896 1414; x_wconf 94' lang='lat' dir='ltr'>in</span> <span class='ocrx_word' id='word_1_176' title='bbox 1932 1377 2085 1414; x_wconf 86' lang='lat' dir='ltr'>senatu</span> 
     </span>
     <span class='ocr_line' id='line_1_19' title="bbox 365 1441 2083 1493; baseline -0.001 -11"><span class='ocrx_word' id='word_1_177' title='bbox 365 1441 446 1482; x_wconf 89' lang='lat' dir='ltr'>fuit</span> <span class='ocrx_word' id='word_1_178' title='bbox 481 1442 579 1483; x_wconf 85' lang='lat' dir='ltr'>Tac.</span> <span class='ocrx_word' id='word_1_179' title='bbox 609 1441 647 1483; x_wconf 75' lang='lat' dir='ltr'>h.</span> <span class='ocrx_word' id='word_1_180' title='bbox 680 1445 718 1492; x_wconf 88' lang='lat'>4,</span> <span class='ocrx_word' id='word_1_181' title='bbox 750 1444 860 1493; x_wconf 83' lang='lat'><strong><em>6—8‚·</em></strong></span> <span class='ocrx_word' id='word_1_182' title='bbox 891 1456 1003 1484; x_wconf 91' lang='lat' dir='ltr'>anno</span> <span class='ocrx_word' id='word_1_183' title='bbox 1032 1442 1086 1484; x_wconf 87' lang='lat'>70</span> <span class='ocrx_word' id='word_1_184' title='bbox 1115 1441 1277 1484; x_wconf 89' lang='lat' dir='ltr'>frustra</span> <span class='ocrx_word' id='word_1_185' title='bbox 1306 1441 1419 1483; x_wconf 91' lang='lat' dir='ltr'>idem</span> <span class='ocrx_word' id='word_1_186' title='bbox 1449 1442 1766 1484; x_wconf 87' lang='lat' dir='ltr'>accusationem</span> <span class='ocrx_word' id='word_1_187' title='bbox 1791 1441 1836 1482; x_wconf 93' lang='lat' dir='ltr'>in</span> <span class='ocrx_word' id='word_1_188' title='bbox 1867 1455 1965 1483; x_wconf 90' lang='lat' dir='ltr'>eum</span> <span class='ocrx_word' id='word_1_189' title='bbox 1994 1446 2083 1481; x_wconf 88' lang='lat' dir='ltr'>ten-</span> 
     </span>
     <span class='ocr_line' id='line_1_20' title="bbox 365 1508 2083 1564; baseline -0.002 -13"><span class='ocrx_word' id='word_1_190' title='bbox 365 1509 467 1551; x_wconf 86' lang='lat' dir='ltr'>dere</span> <span class='ocrx_word' id='word_1_191' title='bbox 498 1509 662 1552; x_wconf 88' lang='lat' dir='ltr'>studuit</span> <span class='ocrx_word' id='word_1_192' title='bbox 688 1510 774 1552; x_wconf 82' lang='lat' dir='ltr'>ibd.</span> <span class='ocrx_word' id='word_1_193' title='bbox 805 1514 843 1560; x_wconf 82' lang='lat'>4,</span> <span class='ocrx_word' id='word_1_194' title='bbox 875 1514 929 1552; x_wconf 79' lang='grc'>43</span> <span class='ocrx_word' id='word_1_195' title='bbox 959 1511 1013 1564; x_wconf 81' lang='lat' dir='ltr'>cf.</span> <span class='ocrx_word' id='word_1_196' title='bbox 1046 1510 1150 1552; x_wconf 88' lang='lat' dir='ltr'>dial.</span> <span class='ocrx_word' id='word_1_197' title='bbox 1180 1513 1218 1553; x_wconf 85' lang='lat'>5.</span> <span class='ocrx_word' id='word_1_198' title='bbox 1277 1509 1510 1552; x_wconf 90' lang='lat' dir='ltr'>Proconsul</span> <span class='ocrx_word' id='word_1_199' title='bbox 1540 1509 1671 1552; x_wconf 88' lang='lat' dir='ltr'>Asiae</span> <span class='ocrx_word' id='word_1_200' title='bbox 1706 1509 1787 1552; x_wconf 90' lang='lat' dir='ltr'>sub</span> <span class='ocrx_word' id='word_1_201' title='bbox 1817 1508 2083 1563; x_wconf 85' lang='lat' dir='ltr'>Vespasiano</span> 
     </span>
     <span class='ocr_line' id='line_1_21' title="bbox 364 1574 2085 1632; baseline -0.002 -12"><span class='ocrx_word' id='word_1_202' title='bbox 364 1593 401 1620; x_wconf 90' lang='lat' dir='ltr'>a.</span> <span class='ocrx_word' id='word_1_203' title='bbox 430 1578 597 1621; x_wconf 83' lang='lat'>70—73</span> <span class='ocrx_word' id='word_1_204' title='bbox 629 1582 656 1620; x_wconf 89' lang='lat' dir='ltr'>t.</span> <span class='ocrx_word' id='word_1_205' title='bbox 678 1582 716 1620; x_wconf 86' lang='lat'>1.</span> <span class='ocrx_word' id='word_1_206' title='bbox 737 1582 775 1629; x_wconf 91' lang='lat'>3,</span> <span class='ocrx_word' id='word_1_207' title='bbox 807 1580 989 1630; x_wconf 89' lang='lat' dir='ltr'>nummi,·</span> <span class='ocrx_word' id='word_1_208' title='bbox 1019 1579 1077 1620; x_wconf 90' lang='lat' dir='ltr'>ad</span> <span class='ocrx_word' id='word_1_209' title='bbox 1106 1593 1263 1621; x_wconf 91' lang='lat' dir='ltr'>annum</span> <span class='ocrx_word' id='word_1_210' title='bbox 1284 1579 1474 1632; x_wconf 86' lang='lat' dir='ltr'>primum</span> <span class='ocrx_word' id='word_1_211' title='bbox 1493 1578 1714 1632; x_wconf 73' lang='lat' dir='ltr'>pertinent</span> <span class='ocrx_word' id='word_1_212' title='bbox 1740 1577 1902 1619; x_wconf 89' lang='lat' dir='ltr'>nummi</span> <span class='ocrx_word' id='word_1_213' title='bbox 1926 1574 2085 1618; x_wconf 89' lang='lat' dir='ltr'>Laodi-</span> 
     </span>
     <span class='ocr_line' id='line_1_22' title="bbox 365 1645 2085 1699; baseline -0.002 -11"><span class='ocrx_word' id='word_1_214' title='bbox 365 1660 472 1696; x_wconf 89' lang='lat' dir='ltr'>ceae,</span> <span class='ocrx_word' id='word_1_215' title='bbox 515 1646 573 1688; x_wconf 88' lang='lat' dir='ltr'>ad</span> <span class='ocrx_word' id='word_1_216' title='bbox 609 1646 788 1689; x_wconf 87' lang='lat' dir='ltr'>alterum</span> <span class='ocrx_word' id='word_1_217' title='bbox 817 1646 1019 1690; x_wconf 75' lang='lat' dir='ltr'>Sardium</span> <span class='ocrx_word' id='word_1_218' title='bbox 1059 1650 1098 1689; x_wconf 90' lang='lat' dir='ltr'>et</span> <span class='ocrx_word' id='word_1_219' title='bbox 1137 1650 1164 1688; x_wconf 90' lang='lat' dir='ltr'>t.</span> <span class='ocrx_word' id='word_1_220' title='bbox 1197 1651 1236 1696; x_wconf 92' lang='lat'>3,</span> <span class='ocrx_word' id='word_1_221' title='bbox 1279 1647 1337 1688; x_wconf 91' lang='lat' dir='ltr'>ad</span> <span class='ocrx_word' id='word_1_222' title='bbox 1377 1647 1544 1688; x_wconf 89' lang='lat' dir='ltr'>tertium</span> <span class='ocrx_word' id='word_1_223' title='bbox 1582 1646 1742 1688; x_wconf 91' lang='lat' dir='ltr'>nummi</span> <span class='ocrx_word' id='word_1_224' title='bbox 1778 1645 1932 1698; x_wconf 81' lang='lat' dir='ltr'>reliqui</span> <span class='ocrx_word' id='word_1_225' title='bbox 1940 1657 1952 1695; x_wconf 90' lang='lat'>,·</span> <span class='ocrx_word' id='word_1_226' title='bbox 1989 1657 2085 1699; x_wconf 91' lang='lat' dir='ltr'>pro-</span> 
     </span>
     <span class='ocr_line' id='line_1_23' title="bbox 364 1710 2084 1770; baseline -0.002 -15"><span class='ocrx_word' id='word_1_227' title='bbox 364 1713 511 1756; x_wconf 91' lang='lat' dir='ltr'>consul</span> <span class='ocrx_word' id='word_1_228' title='bbox 540 1715 607 1756; x_wconf 92' lang='grc' dir='ltr'>ΙΙΙ</span> <span class='ocrx_word' id='word_1_229' title='bbox 639 1718 666 1759; x_wconf 88' lang='lat' dir='ltr'>t.</span> <span class='ocrx_word' id='word_1_230' title='bbox 697 1718 735 1757; x_wconf 86' lang='lat'>1.</span> <span class='ocrx_word' id='word_1_231' title='bbox 769 1714 871 1767; x_wconf 69' lang='grc'><em>(5.9).</em></span> <span class='ocrx_word' id='word_1_232' title='bbox 924 1715 1083 1757; x_wconf 87' lang='lat' dir='ltr'>Consul</span> <span class='ocrx_word' id='word_1_233' title='bbox 1114 1715 1158 1757; x_wconf 90' lang='lat' dir='ltr'>II</span> <span class='ocrx_word' id='word_1_234' title='bbox 1189 1715 1428 1770; x_wconf 86' lang='lat' dir='ltr'>(suffectus)</span> <span class='ocrx_word' id='word_1_235' title='bbox 1461 1730 1498 1757; x_wconf 92' lang='lat' dir='ltr'>a.</span> <span class='ocrx_word' id='word_1_236' title='bbox 1530 1714 1570 1756; x_wconf 89' lang='lat' dir='ltr'>d.</span> <span class='ocrx_word' id='word_1_237' title='bbox 1599 1714 1691 1756; x_wconf 90' lang='lat' dir='ltr'>XII</span> <span class='ocrx_word' id='word_1_238' title='bbox 1720 1713 1807 1756; x_wconf 85' lang='lat' dir='ltr'>kal.</span> <span class='ocrx_word' id='word_1_239' title='bbox 1838 1714 1933 1755; x_wconf 90' lang='lat' dir='ltr'>Iun.</span> <span class='ocrx_word' id='word_1_240' title='bbox 1965 1727 2003 1753; x_wconf 86' lang='lat' dir='ltr'>a.</span> <span class='ocrx_word' id='word_1_241' title='bbox 2030 1710 2084 1753; x_wconf 88' lang='lat'>74</span> 
     </span>
     <span class='ocr_line' id='line_1_24' title="bbox 365 1779 2084 1838; baseline -0.001 -16"><span class='ocrx_word' id='word_1_242' title='bbox 365 1796 459 1823; x_wconf 90' lang='lat' dir='ltr'>cum</span> <span class='ocrx_word' id='word_1_243' title='bbox 493 1782 545 1835; x_wconf 74' lang='lat' dir='ltr'>Q.</span> <span class='ocrx_word' id='word_1_244' title='bbox 575 1783 728 1825; x_wconf 88' lang='lat' dir='ltr'>Petilio</span> <span class='ocrx_word' id='word_1_245' title='bbox 756 1782 923 1825; x_wconf 86' lang='lat' dir='ltr'>Ceriale</span> <span class='ocrx_word' id='word_1_246' title='bbox 947 1783 1095 1826; x_wconf 86' lang='lat' dir='ltr'>Caesio</span> <span class='ocrx_word' id='word_1_247' title='bbox 1118 1783 1230 1825; x_wconf 86' lang='lat' dir='ltr'>Rufo</span> <span class='ocrx_word' id='word_1_248' title='bbox 1263 1786 1291 1825; x_wconf 92' lang='lat' dir='ltr'>t.</span> <span class='ocrx_word' id='word_1_249' title='bbox 1310 1787 1350 1826; x_wconf 87' lang='lat'>4.</span> <span class='ocrx_word' id='word_1_250' title='bbox 1404 1782 1534 1838; x_wconf 90' lang='lat' dir='ltr'>Apud</span> <span class='ocrx_word' id='word_1_251' title='bbox 1555 1783 1871 1838; x_wconf 88' lang='lat' dir='ltr'>Vespasianum</span> <span class='ocrx_word' id='word_1_252' title='bbox 1900 1779 2084 1822; x_wconf 89' lang='lat' dir='ltr'>multum</span> 
     </span>
     <span class='ocr_line' id='line_1_25' title="bbox 364 1847 2081 1906; baseline -0.001 -16"><span class='ocrx_word' id='word_1_253' title='bbox 364 1849 499 1892; x_wconf 84' lang='lat' dir='ltr'>valuit</span> <span class='ocrx_word' id='word_1_254' title='bbox 535 1851 631 1892; x_wconf 86' lang='lat' dir='ltr'>Tac.</span> <span class='ocrx_word' id='word_1_255' title='bbox 660 1851 762 1893; x_wconf 90' lang='lat' dir='ltr'>dial.</span> <span class='ocrx_word' id='word_1_256' title='bbox 792 1854 832 1893; x_wconf 88' lang='grc'>8.</span> <span class='ocrx_word' id='word_1_257' title='bbox 863 1854 928 1893; x_wconf 88' lang='grc'>13.</span> <span class='ocrx_word' id='word_1_258' title='bbox 990 1851 1099 1894; x_wconf 87' lang='lat' dir='ltr'>Cum</span> <span class='ocrx_word' id='word_1_259' title='bbox 1131 1851 1319 1894; x_wconf 89' lang='lat' dir='ltr'>Caecina</span> <span class='ocrx_word' id='word_1_260' title='bbox 1349 1850 1503 1893; x_wconf 90' lang='lat' dir='ltr'>Alieno</span> <span class='ocrx_word' id='word_1_261' title='bbox 1542 1851 1650 1906; x_wconf 84' lang='lat' dir='ltr'>(vide</span> <span class='ocrx_word' id='word_1_262' title='bbox 1688 1864 1822 1904; x_wconf 86' lang='lat' dir='ltr'>supra</span> <span class='ocrx_word' id='word_1_263' title='bbox 1858 1863 1900 1891; x_wconf 92' lang='lat' dir='ltr'>n.</span> <span class='ocrx_word' id='word_1_264' title='bbox 1933 1847 2000 1901; x_wconf 87' lang='grc'><em>71)</em></span> <span class='ocrx_word' id='word_1_265' title='bbox 2037 1848 2081 1889; x_wconf 92' lang='lat' dir='ltr'>in</span> 
     </span>
     <span class='ocr_line' id='line_1_26' title="bbox 363 1917 2081 1975; baseline -0.001 -16"><span class='ocrx_word' id='word_1_266' title='bbox 363 1917 677 1974; x_wconf 88' lang='lat' dir='ltr'>Vespasianum</span> <span class='ocrx_word' id='word_1_267' title='bbox 707 1920 950 1961; x_wconf 88' lang='lat' dir='ltr'>coniuravit</span> <span class='ocrx_word' id='word_1_268' title='bbox 980 1926 1021 1961; x_wconf 89' lang='lat' dir='ltr'>et</span> <span class='ocrx_word' id='word_1_269' title='bbox 1052 1921 1347 1965; x_wconf 86' lang='lat' dir='ltr'>coniuratione</span> <span class='ocrx_word' id='word_1_270' title='bbox 1378 1918 1593 1975; x_wconf 85' lang='lat' dir='ltr'>patefacta</span> <span class='ocrx_word' id='word_1_271' title='bbox 1621 1934 1648 1961; x_wconf 89' lang='lat' dir='ltr'>a</span> <span class='ocrx_word' id='word_1_272' title='bbox 1676 1924 1827 1960; x_wconf 85' lang='lat' dir='ltr'>senatu</span> <span class='ocrx_word' id='word_1_273' title='bbox 1854 1917 2081 1959; x_wconf 88' lang='lat' dir='ltr'>damnatus</span> 
     </span>
     <span class='ocr_line' id='line_1_27' title="bbox 362 1984 2077 2043; baseline -0.001 -15"><span class='ocrx_word' id='word_1_274' title='bbox 362 1992 513 2040; x_wconf 86' lang='lat' dir='ltr'>guttur</span> <span class='ocrx_word' id='word_1_275' title='bbox 550 1986 761 2029; x_wconf 84' lang='lat' dir='ltr'>novacula</span> <span class='ocrx_word' id='word_1_276' title='bbox 800 1987 1012 2043; x_wconf 84' lang='lat' dir='ltr'>praecidit</span> <span class='ocrx_word' id='word_1_277' title='bbox 1050 1987 1137 2030; x_wconf 88' lang='lat' dir='ltr'>Dio</span> <span class='ocrx_word' id='word_1_278' title='bbox 1168 1991 1233 2038; x_wconf 87' lang='lat'>66,</span> <span class='ocrx_word' id='word_1_279' title='bbox 1264 1990 1317 2029; x_wconf 91' lang='lat'>16</span> <span class='ocrx_word' id='word_1_280' title='bbox 1352 1987 1567 2042; x_wconf 86' lang='lat' dir='ltr'>(Zonaras</span> <span class='ocrx_word' id='word_1_281' title='bbox 1597 1990 1660 2037; x_wconf 85' lang='lat'>11,</span> <span class='ocrx_word' id='word_1_282' title='bbox 1690 1989 1773 2042; x_wconf 90' lang='grc'><em>17).</em></span> <span class='ocrx_word' id='word_1_283' title='bbox 1815 2010 1868 2016; x_wconf 95' lang='grc'>-</span> <span class='ocrx_word' id='word_1_284' title='bbox 1909 1984 2077 2039; x_wconf 89' lang='lat' dir='ltr'>Augur,</span> 
     </span>
     <span class='ocr_line' id='line_1_28' title="bbox 362 2055 1341 2111; baseline 0.003 -16"><span class='ocrx_word' id='word_1_285' title='bbox 362 2055 481 2097; x_wconf 89' lang='lat' dir='ltr'>curio</span> <span class='ocrx_word' id='word_1_286' title='bbox 511 2057 739 2110; x_wconf 84' lang='lat' dir='ltr'>maximus,</span> <span class='ocrx_word' id='word_1_287' title='bbox 773 2055 931 2098; x_wconf 88' lang='lat' dir='ltr'>sodalis</span> <span class='ocrx_word' id='word_1_288' title='bbox 959 2055 1211 2111; x_wconf 85' lang='lat' dir='ltr'>Augustalis</span> <span class='ocrx_word' id='word_1_289' title='bbox 1243 2059 1271 2098; x_wconf 93' lang='lat' dir='ltr'>t.</span> <span class='ocrx_word' id='word_1_290' title='bbox 1303 2059 1341 2098; x_wconf 91' lang='lat'>1.</span> 
     </span>
    </p>

    <p class='ocr_par' dir='ltr' id='par_1_6' title="bbox 361 2121 2082 2584">
     <span class='ocr_line' id='line_1_29' title="bbox 448 2121 2082 2166; baseline -0.001 -2"><span class='ocrx_word' id='word_1_291' title='bbox 448 2121 517 2164; x_wconf 92' lang='lat' dir='ltr'>Ab</span> <span class='ocrx_word' id='word_1_292' title='bbox 558 2124 734 2166; x_wconf 88' lang='lat' dir='ltr'>ineunte</span> <span class='ocrx_word' id='word_1_293' title='bbox 774 2124 1067 2166; x_wconf 85' lang='lat' dir='ltr'>adulescentia</span> <span class='ocrx_word' id='word_1_294' title='bbox 1105 2125 1246 2165; x_wconf 90' lang='lat' dir='ltr'>causis</span> <span class='ocrx_word' id='word_1_295' title='bbox 1286 2123 1528 2166; x_wconf 87' lang='lat' dir='ltr'>forensibus</span> <span class='ocrx_word' id='word_1_296' title='bbox 1568 2130 1611 2165; x_wconf 91' lang='lat' dir='ltr'>et</span> <span class='ocrx_word' id='word_1_297' title='bbox 1647 2123 1832 2165; x_wconf 87' lang='lat' dir='ltr'>oratorio</span> <span class='ocrx_word' id='word_1_298' title='bbox 1864 2121 2004 2163; x_wconf 86' lang='lat' dir='ltr'>studio</span> <span class='ocrx_word' id='word_1_299' title='bbox 2036 2135 2082 2163; x_wconf 87' lang='lat' dir='ltr'>se</span> 
     </span>
     <span class='ocr_line' id='line_1_30' title="bbox 363 2188 2081 2248; baseline 0 -17"><span class='ocrx_word' id='word_1_300' title='bbox 363 2188 528 2233; x_wconf 90' lang='lat' dir='ltr'>dedidit</span> <span class='ocrx_word' id='word_1_301' title='bbox 553 2192 648 2234; x_wconf 83' lang='lat' dir='ltr'>Tac.</span> <span class='ocrx_word' id='word_1_302' title='bbox 671 2192 771 2234; x_wconf 90' lang='lat' dir='ltr'>dial.</span> <span class='ocrx_word' id='word_1_303' title='bbox 793 2195 843 2243; x_wconf 85' lang='grc'>8,·</span> <span class='ocrx_word' id='word_1_304' title='bbox 873 2193 961 2234; x_wconf 92' lang='lat' dir='ltr'>acri</span> <span class='ocrx_word' id='word_1_305' title='bbox 990 2191 1233 2248; x_wconf 84' lang='lat' dir='ltr'>eloquentia</span> <span class='ocrx_word' id='word_1_306' title='bbox 1252 2191 1350 2246; x_wconf 85' lang='lat' dir='ltr'>ibd.,</span> <span class='ocrx_word' id='word_1_307' title='bbox 1374 2206 1413 2235; x_wconf 90' lang='lat' dir='ltr'>a.</span> <span class='ocrx_word' id='word_1_308' title='bbox 1436 2195 1502 2242; x_wconf 88' lang='lat'>16,</span> <span class='ocrx_word' id='word_1_309' title='bbox 1523 2195 1598 2235; x_wconf 89' lang='lat'>22.</span> <span class='ocrx_word' id='word_1_310' title='bbox 1643 2192 1809 2234; x_wconf 89' lang='lat' dir='ltr'>Domus</span> <span class='ocrx_word' id='word_1_311' title='bbox 1831 2191 1922 2232; x_wconf 88' lang='lat' dir='ltr'>eius</span> <span class='ocrx_word' id='word_1_312' title='bbox 1946 2188 2081 2232; x_wconf 91' lang='lat' dir='ltr'>titulis</span> 
     </span>
     <span class='ocr_line' id='line_1_31' title="bbox 364 2257 2081 2316; baseline 0 -17"><span class='ocrx_word' id='word_1_313' title='bbox 364 2273 415 2299; x_wconf 87' lang='lat' dir='ltr'>ac</span> <span class='ocrx_word' id='word_1_314' title='bbox 446 2260 596 2301; x_wconf 85' lang='lat' dir='ltr'>statuis</span> <span class='ocrx_word' id='word_1_315' title='bbox 625 2259 788 2316; x_wconf 84' lang='lat' dir='ltr'>repleta</span> <span class='ocrx_word' id='word_1_316' title='bbox 817 2260 875 2303; x_wconf 91' lang='lat' dir='ltr'>id.</span> <span class='ocrx_word' id='word_1_317' title='bbox 897 2260 1000 2302; x_wconf 90' lang='lat' dir='ltr'>dial.</span> <span class='ocrx_word' id='word_1_318' title='bbox 1021 2263 1070 2311; x_wconf 89' lang='grc'>8;</span> <span class='ocrx_word' id='word_1_319' title='bbox 1102 2260 1227 2302; x_wconf 87' lang='lat' dir='ltr'>homo</span> <span class='ocrx_word' id='word_1_320' title='bbox 1258 2259 1485 2316; x_wconf 85' lang='lat' dir='ltr'>praedives</span> <span class='ocrx_word' id='word_1_321' title='bbox 1510 2259 1595 2302; x_wconf 83' lang='lat' dir='ltr'>ibd.</span> <span class='ocrx_word' id='word_1_322' title='bbox 1618 2260 1671 2313; x_wconf 80' lang='lat' dir='ltr'>cf.</span> <span class='ocrx_word' id='word_1_323' title='bbox 1693 2259 1731 2301; x_wconf 77' lang='lat' dir='ltr'>h.</span> <span class='ocrx_word' id='word_1_324' title='bbox 1749 2263 1788 2309; x_wconf 90' lang='lat'>4,</span> <span class='ocrx_word' id='word_1_325' title='bbox 1816 2262 1853 2301; x_wconf 82' lang='lat'>7.</span> <span class='ocrx_word' id='word_1_326' title='bbox 1871 2283 1927 2288; x_wconf 97' lang='lat'><strong>—</strong></span> <span class='ocrx_word' id='word_1_327' title='bbox 1947 2257 2081 2300; x_wconf 90' lang='lat' dir='ltr'>Liber</span> 
     </span>
     <span class='ocr_line' id='line_1_32' title="bbox 363 2326 2081 2384; baseline 0.001 -18"><span class='ocrx_word' id='word_1_328' title='bbox 363 2326 591 2381; x_wconf 88' lang='lat' dir='ltr'>singularis</span> <span class='ocrx_word' id='word_1_329' title='bbox 614 2327 876 2371; x_wconf 88' lang='lat' dir='ltr'>Columellae</span> <span class='ocrx_word' id='word_1_330' title='bbox 896 2329 951 2370; x_wconf 85' lang='lat' dir='ltr'>ad</span> <span class='ocrx_word' id='word_1_331' title='bbox 972 2329 1154 2384; x_wconf 86' lang='lat' dir='ltr'>Eprium</span> <span class='ocrx_word' id='word_1_332' title='bbox 1174 2327 1426 2370; x_wconf 89' lang='lat' dir='ltr'>Marcellum</span> <span class='ocrx_word' id='word_1_333' title='bbox 1452 2331 1707 2370; x_wconf 88' lang='lat' dir='ltr'>memoratur</span> <span class='ocrx_word' id='word_1_334' title='bbox 1730 2328 1776 2369; x_wconf 93' lang='lat' dir='ltr'>in</span> <span class='ocrx_word' id='word_1_335' title='bbox 1800 2327 1923 2369; x_wconf 83' lang='lat' dir='ltr'>libris</span> <span class='ocrx_word' id='word_1_336' title='bbox 1951 2339 2081 2367; x_wconf 88' lang='lat' dir='ltr'>manu</span> 
     </span>
     <span class='ocr_line' id='line_1_33' title="bbox 362 2395 2078 2451; baseline 0.001 -17"><span class='ocrx_word' id='word_1_337' title='bbox 362 2395 531 2448; x_wconf 86' lang='lat' dir='ltr'>scriptis</span> <span class='ocrx_word' id='word_1_338' title='bbox 576 2395 828 2439; x_wconf 82' lang='lat' dir='ltr'>Columellae</span> <span class='ocrx_word' id='word_1_339' title='bbox 873 2398 926 2451; x_wconf 82' lang='lat' dir='ltr'>cf.</span> <span class='ocrx_word' id='word_1_340' title='bbox 967 2397 1215 2447; x_wconf 73' lang='lat' dir='ltr'>Schneider,</span> <span class='ocrx_word' id='word_1_341' title='bbox 1257 2396 1493 2450; x_wconf 75' lang='lat' dir='ltr'>Scriptores</span> <span class='ocrx_word' id='word_1_342' title='bbox 1535 2397 1601 2438; x_wconf 89' lang='lat' dir='ltr'>rei</span> <span class='ocrx_word' id='word_1_343' title='bbox 1638 2399 1742 2438; x_wconf 89' lang='lat' dir='ltr'>rust.</span> <span class='ocrx_word' id='word_1_344' title='bbox 1778 2395 1838 2437; x_wconf 95' lang='lat' dir='ltr'>II</span> <span class='ocrx_word' id='word_1_345' title='bbox 1867 2398 1893 2437; x_wconf 88' lang='lat'><strong><em>1</em></strong></span> <span class='ocrx_word' id='word_1_346' title='bbox 1929 2409 1975 2449; x_wconf 91' lang='lat' dir='ltr'>p.</span> <span class='ocrx_word' id='word_1_347' title='bbox 2011 2397 2078 2444; x_wconf 89' lang='lat'>19,</span> 
     </span>
     <span class='ocr_line' id='line_1_34' title="bbox 361 2462 2077 2518; baseline 0.001 -14"><span class='ocrx_word' id='word_1_348' title='bbox 361 2465 393 2504; x_wconf 93' lang='lat'><strong><em>2</em></strong></span> <span class='ocrx_word' id='word_1_349' title='bbox 413 2477 461 2516; x_wconf 86' lang='lat' dir='ltr'>p.</span> <span class='ocrx_word' id='word_1_350' title='bbox 488 2467 580 2508; x_wconf 85' lang='lat'>673.</span> <span class='ocrx_word' id='word_1_351' title='bbox 626 2489 665 2494; x_wconf 40' lang='grc' dir='ltr'><strong><em>ὴ</em></strong></span> <span class='ocrx_word' id='word_1_352' title='bbox 697 2465 783 2507; x_wconf 86' lang='lat' dir='ltr'>Hic</span> <span class='ocrx_word' id='word_1_353' title='bbox 817 2469 865 2507; x_wconf 87' lang='lat' dir='ltr'>ut</span> <span class='ocrx_word' id='word_1_354' title='bbox 903 2465 1068 2507; x_wconf 82' lang='lat' dir='ltr'>videtur</span> <span class='ocrx_word' id='word_1_355' title='bbox 1097 2464 1325 2507; x_wconf 89' lang='lat' dir='ltr'>Marcellus</span> <span class='ocrx_word' id='word_1_356' title='bbox 1365 2467 1620 2507; x_wconf 89' lang='lat' dir='ltr'>memoratur</span> <span class='ocrx_word' id='word_1_357' title='bbox 1657 2463 1804 2507; x_wconf 84' lang='lat' dir='ltr'>Sidon.</span> <span class='ocrx_word' id='word_1_358' title='bbox 1835 2462 2077 2518; x_wconf 90' lang='lat' dir='ltr'>Apollinar.</span> 
     </span>
     <span class='ocr_line' id='line_1_35' title="bbox 362 2532 661 2584; baseline 0.013 -13"><span class='ocrx_word' id='word_1_359' title='bbox 362 2532 479 2584; x_wconf 84' lang='lat' dir='ltr'>epist.</span> <span class='ocrx_word' id='word_1_360' title='bbox 500 2534 539 2582; x_wconf 84' lang='lat'>5,</span> <span class='ocrx_word' id='word_1_361' title='bbox 564 2536 600 2582; x_wconf 91' lang='grc'>7,</span> <span class='ocrx_word' id='word_1_362' title='bbox 621 2536 661 2575; x_wconf 90' lang='lat'>3.</span> 
     </span>
    </p>

    <p class='ocr_par' dir='ltr' id='par_1_7' title="bbox 277 2609 2079 2802">
     <span class='ocr_line' id='line_1_36' title="bbox 277 2609 2079 2668; baseline 0.001 -18"><span class='ocrx_word' id='word_1_363' title='bbox 277 2609 359 2651; x_wconf 86' lang='lat'>916</span> <span class='ocrx_word' id='word_1_364' title='bbox 390 2616 430 2652; x_wconf 88' lang='lat' dir='ltr'>C.</span> <span class='ocrx_word' id='word_1_365' title='bbox 456 2618 663 2653; x_wconf 84' lang='lat' dir='ltr'>CLODIVS</span> <span class='ocrx_word' id='word_1_366' title='bbox 694 2619 957 2655; x_wconf 86' lang='lat' dir='ltr'>FABRICIVS</span> <span class='ocrx_word' id='word_1_367' title='bbox 989 2619 1225 2655; x_wconf 89' lang='lat' dir='ltr'>NVMISIVS</span> <span class='ocrx_word' id='word_1_368' title='bbox 1255 2619 1570 2666; x_wconf 87' lang='lat' dir='ltr'>VICTORINVS,</span> <span class='ocrx_word' id='word_1_369' title='bbox 1602 2612 1843 2668; x_wconf 84' lang='lat' dir='ltr'>praetorius</span> <span class='ocrx_word' id='word_1_370' title='bbox 1873 2609 2079 2665; x_wconf 82' lang='lat' dir='ltr'>(traditur</span> 
     </span>
     <span class='ocr_line' id='line_1_37' title="bbox 360 2680 2077 2736; baseline 0 -17"><span class='ocrx_word' id='word_1_371' title='bbox 360 2681 600 2734; x_wconf 80' lang='lat' dir='ltr'><strong>PRALTORIO)</strong></span> <span class='ocrx_word' id='word_1_372' title='bbox 645 2682 733 2734; x_wconf 85' lang='lat' dir='ltr'>vir,</span> <span class='ocrx_word' id='word_1_373' title='bbox 776 2682 844 2723; x_wconf 89' lang='lat' dir='ltr'>cui</span> <span class='ocrx_word' id='word_1_374' title='bbox 884 2682 1106 2723; x_wconf 88' lang='lat' dir='ltr'>Numisius</span> <span class='ocrx_word' id='word_1_375' title='bbox 1147 2681 1416 2735; x_wconf 89' lang='lat' dir='ltr'>Victorinus,</span> <span class='ocrx_word' id='word_1_376' title='bbox 1450 2682 1518 2722; x_wconf 88' lang='lat' dir='ltr'>vir</span> <span class='ocrx_word' id='word_1_377' title='bbox 1556 2680 1914 2736; x_wconf 85' lang='lat' dir='ltr'>perfectissimus,</span> <span class='ocrx_word' id='word_1_378' title='bbox 1954 2683 2077 2734; x_wconf 87' lang='lat' dir='ltr'>pater</span> 
     </span>
     <span class='ocr_line' id='line_1_38' title="bbox 359 2748 1105 2802; baseline 0.005 -15"><span class='ocrx_word' id='word_1_379' title='bbox 359 2748 504 2801; x_wconf 88' lang='lat' dir='ltr'>posuit</span> <span class='ocrx_word' id='word_1_380' title='bbox 535 2751 562 2791; x_wconf 91' lang='lat' dir='ltr'>t.</span> <span class='ocrx_word' id='word_1_381' title='bbox 592 2748 867 2802; x_wconf 79' lang='lat' dir='ltr'>sepulcralem</span> <span class='ocrx_word' id='word_1_382' title='bbox 898 2749 966 2792; x_wconf 87' lang='lat' dir='ltr'>VI</span> <span class='ocrx_word' id='word_1_383' title='bbox 986 2752 1105 2791; x_wconf 86' lang='grc'><em>1381.</em></span> 
     </span>
    </p>
   </div>
   <div class='ocr_carea' id='block_1_5' title="bbox 277 2825 2078 2937">
    <p class='ocr_par' dir='ltr' id='par_1_8' title="bbox 277 2825 2078 2937">
     <span class='ocr_line' id='line_1_39' title="bbox 277 2825 2078 2884; baseline 0.001 -18"><span class='ocrx_word' id='word_1_384' title='bbox 277 2825 358 2866; x_wconf 88' lang='grc'>917</span> <span class='ocrx_word' id='word_1_385' title='bbox 389 2826 440 2867; x_wconf 91' lang='lat' dir='ltr'>L.</span> <span class='ocrx_word' id='word_1_386' title='bbox 464 2826 639 2869; x_wconf 90' lang='lat' dir='ltr'>Clodius</span> <span class='ocrx_word' id='word_1_387' title='bbox 663 2828 836 2883; x_wconf 80' lang='lat' dir='ltr'>Fronto,</span> <span class='ocrx_word' id='word_1_388' title='bbox 870 2830 938 2871; x_wconf 90' lang='lat' dir='ltr'>cui</span> <span class='ocrx_word' id='word_1_389' title='bbox 962 2829 1113 2870; x_wconf 85' lang='lat' dir='ltr'>civitas</span> <span class='ocrx_word' id='word_1_390' title='bbox 1135 2827 1443 2871; x_wconf 89' lang='lat' dir='ltr'>Veliocassium</span> <span class='ocrx_word' id='word_1_391' title='bbox 1477 2828 1620 2884; x_wconf 89' lang='lat' dir='ltr'>posuit</span> <span class='ocrx_word' id='word_1_392' title='bbox 1640 2830 1669 2869; x_wconf 91' lang='lat' dir='ltr'>t.</span> <span class='ocrx_word' id='word_1_393' title='bbox 1692 2826 1761 2869; x_wconf 91' lang='lat' dir='ltr'>VI</span> <span class='ocrx_word' id='word_1_394' title='bbox 1772 2829 1896 2870; x_wconf 89' lang='grc'><em>1382.</em></span> <span class='ocrx_word' id='word_1_395' title='bbox 1942 2825 2078 2868; x_wconf 83' lang='lat' dir='ltr'>Homo</span> 
     </span>
     <span class='ocr_line' id='line_1_40' title="bbox 360 2894 717 2937; baseline 0.008 -3"><span class='ocrx_word' id='word_1_396' title='bbox 360 2894 514 2936; x_wconf 84' lang='lat' dir='ltr'>nobilis</span> <span class='ocrx_word' id='word_1_397' title='bbox 541 2895 717 2937; x_wconf 82' lang='lat' dir='ltr'>videtur.</span> 
     </span>
    </p>
   </div>
   <div class='ocr_carea' id='block_1_6' title="bbox 277 2971 2075 3086">
    <p class='ocr_par' dir='ltr' id='par_1_9' title="bbox 277 2971 2075 3086">
     <span class='ocr_line' id='line_1_41' title="bbox 277 2971 2075 3031; baseline 0.001 -18"><span class='ocrx_word' id='word_1_398' title='bbox 277 2971 358 3014; x_wconf 84' lang='lat'>918</span> <span class='ocrx_word' id='word_1_399' title='bbox 392 2979 602 3016; x_wconf 88' lang='lat' dir='ltr'>CLODIVS</span> <span class='ocrx_word' id='word_1_400' title='bbox 645 2981 949 3029; x_wconf 82' lang='lat' dir='ltr'>GRANIANVS,</span> <span class='ocrx_word' id='word_1_401' title='bbox 992 2975 1220 3031; x_wconf 90' lang='lat' dir='ltr'>proconsul</span> <span class='ocrx_word' id='word_1_402' title='bbox 1258 2975 1450 3017; x_wconf 86' lang='lat' dir='ltr'>Achaiae</span> <span class='ocrx_word' id='word_1_403' title='bbox 1488 2990 1600 3017; x_wconf 91' lang='lat' dir='ltr'>anno</span> <span class='ocrx_word' id='word_1_404' title='bbox 1636 2975 1712 3016; x_wconf 89' lang='lat'>118</span> <span class='ocrx_word' id='word_1_405' title='bbox 1752 2976 2007 3016; x_wconf 85' lang='lat' dir='ltr'>memoratur</span> <span class='ocrx_word' id='word_1_406' title='bbox 2032 2973 2075 3015; x_wconf 85' lang='lat' dir='ltr'>in</span> 
     </span>
     <span class='ocr_line' id='line_1_42' title="bbox 362 3040 894 3086; baseline 0.006 -5"><span class='ocrx_word' id='word_1_407' title='bbox 362 3043 389 3081; x_wconf 90' lang='lat' dir='ltr'>t.</span> <span class='ocrx_word' id='word_1_408' title='bbox 420 3040 604 3084; x_wconf 76' lang='lat' dir='ltr'>Phocico</span> <span class='ocrx_word' id='word_1_409' title='bbox 636 3040 743 3085; x_wconf 79' lang='lat' dir='ltr'><em>GIG·</em></span> <span class='ocrx_word' id='word_1_410' title='bbox 771 3046 894 3086; x_wconf 88' lang='grc'><em>1732.</em></span> 
     </span>
    </p>
   </div>
   <div class='ocr_carea' id='block_1_7' title="bbox 277 3120 2076 3379">
    <p class='ocr_par' dir='ltr' id='par_1_10' title="bbox 277 3120 2076 3379">
     <span class='ocr_line' id='line_1_43' title="bbox 277 3120 2075 3178; baseline 0.002 -18"><span class='ocrx_word' id='word_1_411' title='bbox 277 3120 359 3160; x_wconf 76' lang='grc'>919</span> <span class='ocrx_word' id='word_1_412' title='bbox 392 3126 432 3161; x_wconf 85' lang='lat' dir='ltr'>e.</span> <span class='ocrx_word' id='word_1_413' title='bbox 466 3126 677 3163; x_wconf 78' lang='lat' dir='ltr'>CLODIVS</span> <span class='ocrx_word' id='word_1_414' title='bbox 709 3128 921 3170; x_wconf 74' lang='lat' dir='ltr'>Llcmvs,</span> <span class='ocrx_word' id='word_1_415' title='bbox 955 3122 1103 3164; x_wconf 76' lang='lat' dir='ltr'>consul</span> <span class='ocrx_word' id='word_1_416' title='bbox 1135 3123 1339 3164; x_wconf 79' lang='lat' dir='ltr'>suffectus</span> <span class='ocrx_word' id='word_1_417' title='bbox 1371 3136 1482 3163; x_wconf 84' lang='lat' dir='ltr'>anno</span> <span class='ocrx_word' id='word_1_418' title='bbox 1514 3123 1539 3163; x_wconf 89' lang='lat'><em>4</em></span> <span class='ocrx_word' id='word_1_419' title='bbox 1570 3137 1611 3178; x_wconf 92' lang='lat' dir='ltr'>p.</span> <span class='ocrx_word' id='word_1_420' title='bbox 1635 3122 1684 3164; x_wconf 82' lang='lat' dir='ltr'>O.</span> <span class='ocrx_word' id='word_1_421' title='bbox 1707 3136 1803 3163; x_wconf 84' lang='lat' dir='ltr'>cum</span> <span class='ocrx_word' id='word_1_422' title='bbox 1826 3120 1905 3163; x_wconf 84' lang='lat' dir='ltr'>Cn.</span> <span class='ocrx_word' id='word_1_423' title='bbox 1927 3120 2075 3164; x_wconf 84' lang='lat' dir='ltr'>Sentio</span> 
     </span>
     <span class='ocr_line' id='line_1_44' title="bbox 362 3188 2074 3244; baseline 0.001 -15"><span class='ocrx_word' id='word_1_424' title='bbox 362 3188 607 3232; x_wconf 83' lang='lat' dir='ltr'>Saturnino.</span> <span class='ocrx_word' id='word_1_425' title='bbox 658 3190 714 3231; x_wconf 91' lang='lat' dir='ltr'>In</span> <span class='ocrx_word' id='word_1_426' title='bbox 736 3191 976 3233; x_wconf 83' lang='lat' dir='ltr'>consulatu:</span> <span class='ocrx_word' id='word_1_427' title='bbox 1007 3191 1054 3234; x_wconf 93' lang='lat' dir='ltr'>C.</span> <span class='ocrx_word' id='word_1_428' title='bbox 1079 3190 1255 3234; x_wconf 88' lang='lat' dir='ltr'>Clodius</span> <span class='ocrx_word' id='word_1_429' title='bbox 1275 3191 1453 3233; x_wconf 90' lang='lat' dir='ltr'>Licinus</span> <span class='ocrx_word' id='word_1_430' title='bbox 1473 3191 1580 3244; x_wconf 81' lang='lat' dir='ltr'>fasti</span> <span class='ocrx_word' id='word_1_431' title='bbox 1599 3189 1842 3244; x_wconf 80' lang='lat' dir='ltr'>Capitolini,</span> <span class='ocrx_word' id='word_1_432' title='bbox 1875 3188 1942 3231; x_wconf 88' lang='lat' dir='ltr'>VI</span> <span class='ocrx_word' id='word_1_433' title='bbox 1952 3191 2074 3232; x_wconf 88' lang='lat'>1263.</span> 
     </span>
     <span class='ocr_line' id='line_1_45' title="bbox 360 3255 2076 3313; baseline 0 -15"><span class='ocrx_word' id='word_1_434' title='bbox 360 3259 482 3306; x_wconf 84' lang='lat'>1264,</span> <span class='ocrx_word' id='word_1_435' title='bbox 513 3256 562 3299; x_wconf 91' lang='lat' dir='ltr'>C.</span> <span class='ocrx_word' id='word_1_436' title='bbox 595 3256 771 3299; x_wconf 88' lang='lat' dir='ltr'>Clodius</span> <span class='ocrx_word' id='word_1_437' title='bbox 803 3258 1009 3313; x_wconf 87' lang='lat' dir='ltr'>Licin[us]</span> <span class='ocrx_word' id='word_1_438' title='bbox 1048 3260 1155 3312; x_wconf 78' lang='lat' dir='ltr'>fasti</span> <span class='ocrx_word' id='word_1_439' title='bbox 1183 3258 1410 3300; x_wconf 80' lang='lat' dir='ltr'>Arvalium</span> <span class='ocrx_word' id='word_1_440' title='bbox 1441 3257 1539 3301; x_wconf 84' lang='lat' dir='ltr'>CIL</span> <span class='ocrx_word' id='word_1_441' title='bbox 1570 3258 1603 3300; x_wconf 92' lang='lat' dir='ltr'><em>I</em></span> <span class='ocrx_word' id='word_1_442' title='bbox 1607 3258 1623 3282; x_wconf 82' lang='lat'>2</span> <span class='ocrx_word' id='word_1_443' title='bbox 1647 3273 1694 3312; x_wconf 90' lang='lat' dir='ltr'>p.</span> <span class='ocrx_word' id='word_1_444' title='bbox 1719 3261 1783 3307; x_wconf 89' lang='grc'>70,</span> <span class='ocrx_word' id='word_1_445' title='bbox 1816 3255 1864 3299; x_wconf 91' lang='lat' dir='ltr'>C.</span> <span class='ocrx_word' id='word_1_446' title='bbox 1898 3255 2076 3298; x_wconf 91' lang='lat' dir='ltr'>Clodius</span> 
     </span>
     <span class='ocr_line' id='line_1_46' title="bbox 358 3324 891 3379; baseline 0.006 -14"><span class='ocrx_word' id='word_1_447' title='bbox 358 3324 466 3377; x_wconf 83' lang='lat' dir='ltr'>fasti</span> <span class='ocrx_word' id='word_1_448' title='bbox 493 3325 594 3370; x_wconf 88' lang='lat' dir='ltr'>min.</span> <span class='ocrx_word' id='word_1_449' title='bbox 625 3325 732 3367; x_wconf 85' lang='lat' dir='ltr'>XIb</span> <span class='ocrx_word' id='word_1_450' title='bbox 756 3340 802 3379; x_wconf 90' lang='lat' dir='ltr'>p.</span> <span class='ocrx_word' id='word_1_451' title='bbox 825 3329 891 3368; x_wconf 85' lang='grc'>68.</span> 
     </span>
    </p>
   </div>
  </div>
 </body>
</html>
