2202 3730
101 295 348 332 CLAVDIVS
962 286 1047 329 369
1661 290 1914 330 CLAVDIVS.

99 427 184 470 690
212 432 349 468 NERO
372 431 620 468 CLAVDIVS
642 431 834 467 DRVSVS
856 429 1180 467 GERMANIGVS
1202 429 1399 465 CAESAR
1422 443 1479 458 =
1498 428 1634 465 NERO
1665 429 1911 465 CLAVDIVS

186 500 380 537 CAESAR
395 500 649 536 AVGvsTvs
667 499 992 535 GERMAMCVS
1007 513 1062 528 =
1079 499 1124 537 L.
1141 498 1382 534 DOMITIVS
1398 497 1745 536 AENOBARBVS.
1772 491 1912 534 Filius

183 562 262 606 Cn.
275 563 457 606 Domitii
473 561 736 612 Aenobarbi,
753 561 942 604 consulis
965 561 1174 604 ordinarii
1194 575 1306 602 anno
1323 561 1390 615 32,
1414 567 1457 603 et
1472 559 1608 602 Iuliae
1627 559 1909 616 Agrippinae,

181 630 297 674 filiae
337 632 587 675 Germanici
627 637 670 672 et
710 630 992 687 Agrippinae,
1024 631 1248 686 proneptis
1281 628 1469 684 Augusti
1510 628 1682 672 Sueten.
1714 628 1771 673 N.
1801 629 1839 671 5.
1871 632 1909 680 6,

188 700 287 743 Ταῦ.
315 703 386 750 12,
414 703 454 750 3,
486 699 573 741 Dio
603 702 671 749 60,
700 702 780 750 39,·
811 702 877 749 61,
900 701 969 753 12,
1003 698 1108 741 Viet.
1138 697 1258 740 Caes.
1279 700 1319 748 5,
1349 697 1547 752 Fspitome
1564 700 1604 748 5,
1635 696 1800 752 Ioseph.
1823 700 1908 742 ant.

181 771 252 819 20,
276 770 317 819 8,
338 771 395 819 2;
424 767 594 810 suboles
627 767 924 824 [Agrippinae]
958 769 1056 809 aeta
1082 765 1310 808 Arvalium
1339 764 1411 808 VI
1419 768 1547 820 2034,
1581 764 1660 808 Cn.
1690 765 1911 809 Domitius

183 835 468 879 Aenobarbus
498 841 623 894 pater
642 835 825 877 Neronis
844 835 1033 890 Augusti
1054 837 1153 877 aeta
1172 833 1399 876 Arvalium
1425 833 1494 876 VI
1504 836 1627 878 2037.
1643 837 1756 877 2039
1775 847 1812 876 υ.
1834 837 1909 878 22.

181 908 295 948 2041
324 919 360 949 υ.
390 907 458 948 41.
493 903 652 948 2042ἄ
678 917 714 948 υ.
745 907 786 946 4.
844 903 960 946 Ante
999 903 1275 960 adoptionem
1313 902 1454 945 dietus
1494 909 1559 945 est
1597 903 1648 945 L.
1689 903 1909 946 Domitius

180 972 468 1016 Aenobarbus
507 973 592 1015 sive
630 972 682 1017 L.
714 971 932 1014 Domitius
970 972 1055 1014 sive
1093 971 1335 1014 Domitius:
1373 971 1471 1013 Ταῦ.
1504 985 1545 1013 a.
1576 975 1643 1022 11,
1670 974 1723 1013 11
1732 985 1746 1023 ;
1775 974 1847 1022 12,
1869 974 1907 1014 3.

180 1043 221 1083 8.
244 1044 282 1083 9.
303 1043 373 1086 25.
394 1044 466 1092 26,
498 1040 586 1083 Dio
616 1044 682 1091 60,
705 1044 765 1084 32
785 1041 1002 1096 (Zonaras
1019 1043 1086 1091 11,
1109 1039 1192 1095 10),
1226 1039 1368 1082 Victor
1394 1039 1512 1083 Caes,
1532 1043 1572 1091 5,
1604 1039 1910 1082 contumeliose

178 1116 276 1165 post
313 1109 589 1166 adoptionem
620 1109 836 1151 Domitius
876 1109 1086 1152 salutatus
1123 1115 1187 1151 est
1217 1124 1243 1151 a
1272 1109 1523 1151 Britannico
1559 1108 1657 1152 Ταῦ.
1688 1123 1728 1150 α.
1756 1112 1825 1160 12,
1856 1112 1910 1151 41

180 1177 484 1232 (Aenobarbus
506 1178 676 1222 Sueton.
701 1177 759 1220 N.
782 1178 838 1232 7),
862 1179 965 1220 item
986 1177 1159 1232 (Iulius)
1181 1177 1358 1220 Vindex
1378 1184 1610 1233 postquam
1629 1177 1799 1231 defecit,
1829 1192 1908 1234 pro

179 1247 354 1289 Nerone
376 1261 471 1288 eum
489 1246 640 1289 edictis
662 1246 846 1302 publicis
858 1245 1167 1289 Aenobarbum
1184 1245 1420 1302 appellavit
1432 1245 1603 1289 Sueten.
1616 1245 1751 1289 N.41.
1784 1245 1910 1287 Mira

179 1316 346 1358 ratione
366 1314 543 1357 Plinius
570 1315 710 1357 maior
738 1315 913 1357 nomina
938 1314 1200 1369 yentilieiwm
1230 1317 1269 1356 et
1299 1314 1539 1368 adoptivum
1570 1314 1791 1367 conflavit:
1818 1314 1909 1356 Do-

177 1384 326 1426 mitius
354 1383 471 1425 Nero
499 1396 542 1427 u.
572 1382 613 1425 h.
644 1386 688 1434 2,
716 1385 798 1434 92;
826 1386 866 1433 4,
897 1386 962 1425 10.
993 1386 1081 1434 22,·
1108 1385 1146 1432 7,
1179 1386 1245 1425 45.
1277 1385 1329 1424 71
1339 1395 1353 1434 ,·
1381 1386 1447 1433 11,
1478 1384 1565 1425 238
1574 1395 1588 1434 ,·
1615 1385 1682 1433 37,
1702 1384 1781 1434 50;
1810 1383 1909 1425 item

176 1452 396 1494 Domitius
415 1451 530 1493 Nero
551 1451 749 1506 Epitome
768 1454 807 1495 5.
859 1450 1052 1494 Ceterum
1071 1451 1195 1506 vulyo
1220 1450 1337 1505 apud
1357 1451 1581 1505 scriptores
1601 1450 1758 1493 dieitur
1775 1450 1906 1493 Nero.

260 1519 399 1562 Natus
431 1527 495 1562 est
521 1519 643 1562 Antii
675 1519 746 1562 die
778 1520 831 1563 15
862 1520 1021 1561 mensis
1052 1519 1312 1562 Decembris
1342 1534 1455 1562 anno
1483 1519 1537 1561 37
1571 1519 1743 1561 Sueten.
1777 1519 1835 1561 N.
1867 1522 1904 1570 6,

175 1589 247 1630 vil.
279 1587 379 1631 Veri
400 1592 439 1640 1,
468 1590 509 1638 8,
542 1591 641 1630 aeta
668 1587 896 1630 Arvalium
927 1602 966 1631 a.
997 1590 1064 1631 55.
1095 1590 1162 1631 57.
1194 1591 1260 1638 60,
1302 1588 1377 1644 qui
1418 1587 1533 1629 diem
1570 1586 1758 1629 natalem
1799 1586 1906 1629 cele-

174 1655 374 1700 brabant.
447 1656 576 1699 Anno
618 1656 673 1698 39
717 1663 856 1698 matre
900 1657 945 1698 in
990 1657 1191 1699 Pontiam
1235 1655 1422 1698 insulam
1465 1655 1659 1711 relegata
1704 1655 1906 1698 trimulus

174 1731 342 1782 patrem
372 1725 516 1767 amisit
543 1724 633 1767 Dio
660 1727 728 1775 59,
758 1728 834 1775 22,
867 1724 1039 1767 Sueton.
1063 1724 1120 1769 N.
1144 1728 1192 1776 6‚·
1230 1726 1353 1767 cuius
1385 1740 1441 1767 ex
1471 1730 1594 1780 parte
1623 1724 1751 1767 tertia
1780 1723 1906 1766 heres

174 1808 230 1835 ne
259 1793 371 1835 hanc
401 1793 575 1850 quidem
606 1794 820 1848 integram
850 1794 966 1850 cepit
996 1793 1205 1850 correptis
1236 1808 1314 1849 per
1341 1792 1595 1835 coheredem
1622 1794 1782 1837 Gaium
1812 1793 1905 1835 uni-

174 1862 314 1904 versis
353 1861 476 1904 bonis
517 1861 688 1905 Sueten.
721 1861 748 1904 l.
781 1861 807 1905 l.
880 1862 1012 1918 Inops
1053 1862 1187 1916 igitur
1225 1868 1358 1918 atque
1399 1875 1531 1916 egens
1570 1861 1688 1917 apud
1728 1862 1905 1903 amitam

118 1930 147 1975 ſs
176 1930 449 1984 (Domitiam)
479 1930 691 1986 Lepidam
730 1930 919 1972 nutritus
961 1936 1044 1984 est,
1085 1930 1165 1972 sub
1206 1930 1377 1973 duobus
1407 1929 1670 1987 paedagogis
1701 1929 1905 1973 saltatore

173 2005 303 2055 atque
333 2003 506 2040 tonsore
534 1998 621 2041 ibcl.
686 1997 896 2041 Claudius
922 1999 1151 2055 imperium
1180 1998 1362 2055 adeptus
1393 1998 1683 2055 Agrippinam
1723 2005 1904 2041 matrem

175 2082 232 2109 ex
276 2065 406 2108 exilio
452 2067 674 2109 revocavit
717 2073 760 2109 et
798 2067 991 2109 Domitio
1032 2067 1147 2109 bona
1190 2074 1372 2124 paterna
1410 2068 1600 2109 restituit
1638 2066 1727 2110 Dio
1766 2070 1830 2117 60,
1862 2071 1902 2121 4,

173 2134 346 2178 Sueton.
378 2133 404 2178 l.
437 2134 452 2176 l
517 2134 695 2177 Ditatus
734 2141 799 2176 est
843 2142 885 2178 et
924 2136 1119 2178 Passieni
1158 2135 1301 2192 Crispi
1341 2136 1487 2178 vitrici
1529 2135 1789 2190 hereditate,
1831 2137 1902 2178 cui

169 2202 417 2259 Agrippina
446 2202 645 2244 restituta
674 2210 882 2259 nupserat
899 2202 1017 2246 Plin.
1043 2218 1084 2246 n.
1106 2203 1146 2246 h.
1169 2207 1233 2254 16,
1253 2207 1356 2254 242,
1388 2203 1560 2248 Sueten.
1592 2203 1620 2246 Ζ.
1651 2203 1678 2245 Ζ.
1739 2203 1902 2245 Tutore

170 2270 360 2313 Asconio
390 2270 595 2313 Labeone
625 2286 728 2313 usus
758 2277 825 2313 est
859 2272 957 2314 Ταῦ.
980 2286 1020 2314 α.
1042 2275 1108 2322 13,
1130 2276 1196 2315 10.
1246 2271 1376 2314 Anno
1406 2273 1461 2315 47
1493 2272 1757 2314 circensibus
1787 2271 1901 2314 ludis

169 2353 269 2381 cum
308 2339 433 2396 pueri
474 2338 642 2381 nobiles
682 2340 805 2396 equis
845 2339 1061 2383 ludicrum
1091 2341 1247 2383 Troiae
1286 2341 1447 2382 inirent
1476 2341 1675 2396 interque
1706 2355 1777 2382 eos
1808 2341 1901 2382 Bri-

172 2408 385 2462 tannicus,
426 2407 599 2451 Claudii
637 2407 763 2462 filius,
807 2415 849 2451 et
877 2409 929 2451 L.
958 2409 1192 2463 Domitius,
1232 2408 1359 2451 favor
1398 2408 1536 2465 plebis
1566 2409 1708 2450 acrior
1737 2409 1783 2450 in
1812 2408 1900 2450 Do-

171 2477 340 2518 mitium
369 2475 464 2519 loco
495 2477 712 2532 praesagii
741 2483 945 2534 acceptus
975 2484 1041 2519 est
1072 2478 1172 2520 Ταῦ.
1194 2492 1234 2521 α.
1255 2480 1320 2527 11,
1343 2481 1408 2527 11,
1442 2477 1614 2520 Sueton.
1637 2476 1694 2519 N.
1717 2480 1756 2518 7.

255 2544 384 2587 Anno
411 2544 467 2587 49
496 2543 742 2601 Agrippina
770 2552 997 2602 postquam
1027 2545 1210 2588 Claudio
1241 2546 1401 2602 nupsit,
1430 2545 1660 2587 Annaeum
1690 2545 1899 2588 Senecam

172 2614 301 2655 venia
325 2612 443 2655 exilii
475 2613 704 2669 impetrata
731 2612 820 2655 filio
850 2615 1109 2669 magistrum
1140 2614 1260 2656 dedit
1283 2613 1498 2670 simulque
1527 2614 1703 2669 nuptias
1734 2615 1826 2656 eius
1856 2621 1899 2656 et

171 2681 380 2724 Octaviae
409 2680 550 2723 moliri
582 2683 724 2738 coepit
760 2682 858 2727 Ταῦ.
881 2697 921 2727 a.
944 2686 1013 2733 12,
1035 2685 1074 2724 3.
1095 2685 1135 2733 8,
1169 2682 1340 2725 Suetore.
1364 2682 1422 2726 N.
1444 2685 1482 2733 7,
1515 2682 1714 2725 Zonaras
1742 2685 1808 2732 11,
1829 2686 1896 2725 10.

170 2748 441 2805 Agrippinae
469 2764 602 2805 opera
633 2749 852 2793 dissolutis
883 2750 1154 2807 sponsalibus
1179 2751 1230 2795 L.
1254 2750 1390 2793 Silani
1421 2757 1465 2792 et
1495 2750 1704 2793 Octaviae
1725 2750 1896 2794 Claudii

170 2816 260 2858 filia
288 2817 480 2859 Domitio
511 2816 726 2874 desponsa
755 2826 820 2861 est
845 2819 944 2862 Ταῦ.
975 2834 1016 2862 α.
1046 2809 1115 2869 13,
1134 2822 1173 2869 9,
1204 2819 1374 2862 Sueton.
1403 2818 1430 2862 l.
1460 2818 1503 2869 l.,
1532 2818 1684 2863 Claud.
1705 2823 1777 2870 27,
1806 2818 1897 2862 Dio

171 2889 235 2939 60,
266 2888 333 2927 33.
393 2885 523 2927 Anno
562 2887 618 2928 50
657 2886 866 2930 Claudius
911 2902 1011 2930 eum
1051 2887 1278 2943 adoptavit
1316 2894 1553 2943 rogataque
1590 2886 1684 2942 lex,
1724 2903 1811 2944 qua
1850 2889 1895 2930 in

168 2952 377 2996 familiam
415 2952 643 2995 Claudiam
684 2962 727 2997 et
761 2970 918 2997 nomen
957 2956 1143 2998 Neronis
1183 2956 1387 2998 transiret
1423 2956 1522 2998 Ταῦ.
1553 2970 1593 3000 α.
1628 2960 1699 3007 12,
1729 2959 1892 3007 25-26,

168 3020 339 3063 Sueten.
363 3021 422 3064 N.
443 3025 482 3072 7,
510 3021 663 3065 Claud.
685 3025 758 3073 27,
788 3023 880 3067 Dio
907 3027 974 3074 60,
1004 3027 1059 3066 33
1088 3024 1305 3079 (Zonaras
1334 3027 1402 3075 11,
1424 3026 1494 3080 10)
1504 3037 1518 3076 ;
1547 3024 1618 3066 die
1648 3026 1703 3067 25
1733 3026 1894 3067 mensis

168 3089 397 3132 Februarii
429 3092 527 3132 acta
555 3090 706 3135 Arval.
740 3091 808 3134 VI
827 3095 938 3135 2041
966 3099 1004 3134 v.
1034 3095 1107 3135 27.

253 3157 497 3213 Adoptatus
533 3158 691 3201 dieitur
728 3160 843 3202 Nero
885 3160 1094 3203 Claudius
1133 3159 1296 3203 Caesar
1329 3161 1501 3203 Drusus
1532 3161 1817 3205 Germanicus
1847 3163 1893 3205 in

169 3228 198 3267 t.
226 3226 302 3279 qui
335 3227 440 3280 fuit·
460 3227 507 3268 in
543 3241 649 3269 areu
689 3226 868 3270 Claudii
897 3228 965 3271 VI
984 3232 1082 3278 921,
1113 3232 1152 3279 4,
1189 3229 1306 3271 Nero
1336 3228 1543 3272 Claudius
1582 3230 1755 3273 Drusus
1786 3230 1893 3274 Ger-

167 3294 363 3336 manicus
394 3293 584 3349 [Caesar]
606 3295 653 3337 in
673 3296 780 3337 actis
800 3296 1027 3338 Arvalium
1058 3296 1125 3339 VI
1137 3299 1261 3347 2034,
1287 3297 1403 3339 Nero
1425 3297 1586 3340 Caesar
1606 3299 1891 3342 Germanicus

166 3360 294 3404 XIV
303 3365 436 3411 2794,
474 3363 589 3405 Nero
620 3362 782 3406 Caesar
810 3364 895 3407 ibd.
926 3368 1051 3416 2995,
1082 3365 1199 3407 Nero
1230 3364 1438 3408 Claudius
1468 3365 1630 3409 Caesar
1659 3367 1741 3410 IX
1765 3370 1887 3419 1108,

149 3433 432 3470 Ριοιοροςηρωι
452 3435 535 3471 nup.
555 3435 647 3465 Rom.
682 3436 710 3464 1.
1571 3433 1619 3470 24
