2202 3730
129 304 314 343 ANNIVS
1003 297 1054 341 71
1745 303 1931 341 ANNIVS

209 437 267 493 (n.
295 438 406 494 536),
447 436 506 478 M.
538 435 708 479 Annius
749 435 858 478 Libo
900 436 956 491 (n.
986 438 1102 490 508),
1143 434 1291 477 Annia
1330 434 1508 478 Galeria
1546 435 1757 477 Faustina
1797 440 1934 491 nupta

213 505 342 548 Arrio
371 504 593 547 Antonino
622 505 696 560 qui
727 505 967 561 imperavit.
1022 503 1166 546 Annio
1188 503 1304 546 Vero
1334 502 1422 545 filio
1452 509 1621 545 mortuo
1651 503 1711 546 M.
1741 502 1935 546 Annium

214 573 376 615 Verum
398 579 608 630 nepotem,
639 574 712 629 qui
733 579 884 629 postea
903 573 1144 628 imperavit,
1165 571 1390 628 adoptavit
1410 578 1452 614 et
1472 571 1675 615 educavit
1692 572 1765 614 vit.
1788 571 1938 614 Marci

214 645 252 693 1,
283 645 350 683 10.
382 666 436 672 —
469 642 738 683 Memor-atur
769 655 797 683 a
828 641 984 683 Marco
1012 642 1068 688 εἰς
1097 641 1237 684 ἑαυτόν
1267 643 1306 691 1,
1336 644 1375 683 1.

127 711 211 752 536
241 710 332 765 (Μ.)
351 716 538 752 ANNIVS
558 716 737 762 VERVS,
767 708 882 751 filius
907 709 967 751 M.
990 708 1124 751 Annii
1145 709 1251 752 Veri
1282 715 1347 751 ter
1377 708 1566 751 consulis
1596 709 1653 765 (n.
1674 708 1782 763 535),
1813 713 1938 765 pater

214 778 351 820 Marci
381 779 674 835 imperatoriS,
707 778 946 834 praetorius
977 776 1162 819 decessit
1191 777 1324 832 (cirea
1354 791 1394 819 a.
1425 777 1522 827 130)
1551 778 1622 820 vit.
1657 777 1808 820 Marci
1836 780 1875 828 1,
1896 779 1935 821 1.

218 847 339 888 onr
369 847 560 889 Domitia
598 845 768 888 Lucilla
804 846 851 887 in
890 845 1039 900 teyulis
1076 846 1295 900 inscriptis
1333 846 1528 888 Domitia
1566 845 1722 890 Lucill.
1752 845 1860 889 Veri
1900 848 1939 887 et

213 914 384 957 Lucilla
413 915 518 957 Veri
548 914 597 957 X
606 914 751 956 V131.
783 917 993 956 617-619.
1024 916 1146 956 1068.
1177 917 1296 956 1071.
1329 917 1456 957 1072.
1489 917 1610 959 1077.
1639 916 1764 956 1078.
1795 915 1936 956 1080-

213 985 1088 1036 10821085.1086.1089.1090,ρααε
1119 982 1235 1036 apud
1265 982 1520 1037 bioyraphos
1547 983 1633 1039 (vit.
1657 982 1810 1025 Marci
1826 985 1866 1034 1,
1887 985 1940 1029 3,·

213 1056 252 1103 6,
274 1056 313 1103 9,
338 1053 411 1094 vit.
442 1050 569 1094 Didii
598 1050 759 1093 Iulian.
791 1054 830 1100 1,
861 1050 904 1104 3)
937 1050 1093 1092 dicitur
1122 1051 1315 1092 Domitia
1346 1050 1530 1131 Calvilla
1559 1051 1613 1105 ef.
1643 1050 1689 1094 D
1718 1054 1812 1094 158.
1872 1050 1940 1093 De

138 1157 142 1162 ,
212 1121 400 1163 moribus
430 1119 611 1162 Marcus
641 1120 697 1166 εἰς
727 1119 866 1162 ἑαυτόν
896 1122 935 1169 1,
965 1122 1009 1162 2.
1040 1122 1107 1161 17.

129 1188 212 1231 537
244 1192 297 1231 M.
318 1194 507 1230 ANNIVS
528 1193 768 1229 VERVS—
711 1217 768 1222 ——
788 1194 890 1229 IMP.
923 1193 1119 1229 CAESAR
1148 1193 1201 1229 Μ.
1222 1193 1474 1229 AVRELIVS
1504 1194 1793 1231 ANTONINVS
1824 1194 1938 1230 AVG.

213 1256 351 1299 Filius
382 1257 480 1311 (M.)
510 1255 645 1299 Annii
675 1256 781 1298 Veri
811 1256 1015 1312 praetorii
1048 1262 1091 1297 et
1120 1256 1341 1298 Domitiae
1370 1255 1578 1311 Lucillae,
1610 1256 1792 1299 Calvisii
1822 1256 1939 1299 Tulli

214 1324 489 1367 bis'consulis
509 1324 636 1379 filiae,
660 1338 794 1381 nepos
814 1324 873 1366 M.
897 1323 1031 1366 Annii
1052 1324 1158 1366 Vcri
1180 1323 1367 1366 consulis
1388 1324 1457 1366 III
1479 1340 1516 1367 a.
1537 1326 1617 1368 126
1636 1325 1708 1370 vit.
1732 1324 1884 1368 Marci
1900 1328 1939 1367 1.

211 1393 404 1436 Ceterum
427 1393 520 1435 vide
550 1393 599 1435 de
621 1392 848 1447 parentela
877 1395 1063 1443 stemma,
1089 1392 1200 1446 quod
1226 1392 1490 1435 subiecimus.
1535 1393 1675 1436 Natus
1697 1400 1761 1437 est
1779 1394 1943 1436 Romae

214 1463 260 1504 in
288 1468 433 1504 monte
462 1461 610 1505 Caelio
641 1461 710 1504 die
741 1462 796 1504 26
826 1476 960 1504 mens.
990 1460 1130 1517 April.
1162 1476 1200 1503 a.
1229 1462 1307 1504 121
1341 1461 1432 1503 vita
1460 1465 1498 1512 1,
1520 1464 1560 1512 3,
1592 1461 1698 1515 fasti
1728 1461 1945 1505 Philocali

215 1531 249 1573 I
262 1545 310 1585 p.
331 1533 437 1582 340;
468 1530 523 1584 ef.
545 1529 635 1572 Dio
658 1533 723 1580 71,
744 1533 799 1572 33
819 1533 858 1572 et
877 1533 954 1572 34.-
981 1536 1179 1572 mortuus
1210 1529 1280 1571 die
1303 1530 1354 1572 17
1377 1531 1538 1572 mensis
1558 1529 1705 1573 Martii
1736 1531 1837 1573 anni
1862 1531 1944 1574 180

214 1600 328 1642 vixit
358 1605 454 1642 octo
486 1605 530 1641 et
559 1599 879 1655 quinquaginta
917 1613 1054 1641 annos
1093 1613 1351 1655 mensesque
1382 1598 1531 1640 decem
1571 1614 1622 1640 ac
1662 1598 1755 1641 dies
1789 1599 1942 1653 viginti

216 1674 259 1710 et
292 1667 415 1710 duos.
476 1667 697 1724 Principio
738 1668 836 1709 aevi
874 1668 942 1709 sui
980 1681 1138 1709 nomen
1178 1666 1331 1710 habuit
1370 1666 1514 1710 Catilii
1547 1667 1719 1722 Severi,
1759 1667 1944 1710 materni

215 1737 387 1793 proavi,
432 1742 529 1792 post
568 1750 794 1778 excessum
833 1750 936 1778 vero
977 1736 1113 1792 patris
1143 1735 1198 1778 ab
1228 1735 1452 1778 Hadriano
1480 1735 1650 1778 Annius
1680 1736 1944 1779 Verissimus

214 1810 394 1847 vocatus
426 1811 500 1859 est,
533 1811 631 1860 post
658 1803 828 1846 virilem
859 1810 1003 1846 autem
1035 1810 1180 1859 togam
1209 1803 1380 1847 Annius
1400 1804 1542 1847 Verus
1571 1805 1662 1847 vita
1686 1808 1726 1856 1,
1747 1807 1799 1856 9,·
1827 1803 1944 1847 Κατί-

215 1877 298 1921 λιος
321 1873 509 1931 πρότερον
535 1873 838 1930 ὀνομαζόμενος.
868 1872 957 1915 Dio
973 1875 1039 1923 69,
1056 1876 1127 1916 21.
1155 1873 1272 1926 Quae
1294 1873 1343 1915 de
1370 1872 1523 1916 Catilii
1541 1873 1687 1916 Severi
1705 1873 1945 1915 nominibus

188 1994 197 1996 ff
217 1941 457 1993 traduntur,
488 1942 553 1984 ita
586 1941 864 1996 intelleyenda
890 1940 1095 1992 videntur,
1126 1944 1175 1983 ut
1202 1941 1428 1984 seeundum
1456 1956 1613 1984 rnorem
1641 1940 1759 1984 illius
1791 1942 1944 1984 aetatis

219 2011 400 2053 Marcus
428 2010 667 2053 nominibus
689 2010 884 2064 propriis
914 2009 1129 2052 addiderit
1155 2010 1330 2052 nomina
1351 2011 1510 2064 proavi
1537 2010 1732 2061 materni,
1752 2012 1802 2052 ut
1826 2010 1945 2065 fieret

218 2079 339 2122 horno
360 2082 631 2136 πολυώνυμος,
655 2078 702 2120 id
719 2078 831 2132 quod
850 2081 1005 2133 postea
1024 2078 1276 2133 repudiavit.
1317 2078 1588 2121 Verissimum
1610 2093 1693 2134 per
1722 2079 1859 2121 iocum
1890 2079 1943 2121 ab

215 2148 446 2191 Hadriano
475 2147 738 2190 nominatum
778 2160 863 2190 esse
893 2147 1117 2201 confirmat
1145 2146 1234 2189 Dio
1265 2150 1330 2198 69,
1360 2150 1431 2198 21,
1458 2161 1712 2202 quamquam
1742 2147 1868 2189 etiam
1898 2147 1943 2189 in

214 2230 382 2258 nummo
418 2229 570 2270 yraeco
604 2216 675 2270 (ef.
706 2215 867 2258 Eckhel
898 2215 995 2258 VII
1017 2230 1065 2269 p.
1098 2218 1167 2271 69)
1205 2216 1468 2258 Verissimus
1509 2215 1672 2259 Caesar
1709 2215 1945 2267 invenitur;

219 2288 448 2339 praeterea
482 2285 748 2327 Verissimus
789 2283 945 2325 dieitur
988 2284 1035 2325 iu
1072 2284 1347 2338 inscriptione
1386 2284 1607 2339 apoloyiae
1643 2287 1691 2335 1,
1725 2287 1751 2326 1
1785 2284 1947 2326 Iustini

218 2353 434 2407 Martyris
471 2352 585 2407 (inde
611 2352 823 2394 Eusebius
861 2351 1007 2396 histor.
1041 2351 1265 2394 ecclesiast.
1296 2355 1334 2403 4,
1368 2352 1452 2404 18),
1488 2353 1751 2395 Verissimus
1782 2351 1944 2395 Caesar

217 2420 429 2474 Eusebius
457 2419 631 2462 Armen.
664 2419 794 2462 chron
825 2419 883 2462 ad
912 2434 952 2462 a.
984 2419 1092 2461 Aba».
1115 2423 1227 2462 2164
1245 2440 1301 2454 -—-
1322 2420 1606 2475 Hieronymus
1625 2420 1740 2463 2165
1756 2440 1812 2455 =
1834 2420 1943 2476 Syn-

217 2489 344 2532 cellus
373 2503 422 2543 p.
458 2491 558 2539 663,
589 2491 637 2539 3,
684 2501 769 2542 qua
813 2488 1096 2542 appellatione
1135 2487 1348 2530 Eusebius
1385 2502 1543 2531 memor
1581 2489 1743 2531 Iastini
1779 2489 1943 2532 videtur

215 2570 316 2600 usus
346 2570 443 2601 esse.

301 2625 552 2668 Hadrianus
584 2626 623 2667 ei
654 2626 833 2667 sexenni
864 2624 1070 2666 honorem
1092 2625 1192 2681 equi
1223 2624 1386 2681 publici
1407 2624 1574 2679 detulit,
1607 2631 1758 2668 octavo
1789 2626 1942 2668 aetatis

219 2708 332 2738 anno
374 2695 416 2735 in
454 2693 659 2735 saliorum
700 2693 929 2748 collegium
968 2692 1135 2736 rettulit
1162 2693 1252 2735 vita
1279 2697 1319 2744 4,
1351 2697 1388 2737 1.
1449 2694 1778 2736 Patre'mortuo
1809 2694 1942 2749 (eirea

219 2778 257 2805 a.
293 2762 386 2817 130)
425 2762 480 2804 ab
520 2777 601 2804 avo
632 2768 809 2818 paterno
842 2761 1070 2817 adoptatus
1101 2767 1144 2803 et
1183 2761 1389 2804 educatus
1420 2768 1485 2804 est
1508 2763 1598 2804 vita
1628 2765 1667 2813 1,
1698 2765 1763 2807 10.
1825 2763 1942 2805 Vsus

220 2838 284 2874 est
321 2831 540 2885 magistris
580 2830 633 2872 ad
674 2831 814 2886 prima
853 2829 1066 2872 elementa
1095 2829 1374 2886 Euphorione
1413 2829 1652 2872 litteratore
1682 2836 1725 2872 et
1755 2831 1941 2874 Gemino

218 2898 434 2953 comoedo,
466 2901 628 2941 musico
663 2898 867 2940 Androne
897 2897 1134 2954 eodemque
1153 2903 1394 2952 geometra3
1426 2913 1529 2940 usus
1559 2904 1784 2955 praeterea
1814 2900 1943 2954 (puer

216 2966 279 3010 vel
306 2966 563 3021 adulescens)
588 2967 882 3022 grammaticis
904 2965 1073 3009 Graeco
1094 2965 1344 3008 Alexandro
1369 2965 1613 3009 Cotiaeensi
1644 2966 1716 3021 (ef.
1741 2966 1940 3009 Marcum

216 3038 271 3082 εἰς
301 3035 440 3079 ἑαυτόν
470 3039 508 3086 1,
540 3035 624 3090 10),
658 3036 824 3077 Latinis
855 3035 1008 3077 Trosio
1040 3033 1161 3090 Apro
1200 3040 1244 3076 et
1282 3033 1479 3077 Pollione
1518 3041 1560 3078 et
1588 3034 1806 3090 Eutychio
1838 3035 1941 3077 Pro-

216 3103 312 3146 culo
354 3103 568 3158 Siccensi3
610 3103 851 3147 oratoribus
893 3118 999 3145 usus
1039 3108 1104 3144 est
1144 3103 1325 3146 Graecis
1352 3102 1512 3145 Aninio
1543 3103 1715 3158 Macro,
1758 3103 1941 3146 Caninio

217 3171 368 3215 Celere
389 3178 432 3214 et
446 3172 623 3215 Herode
639 3172 795 3227 Attico,
819 3173 975 3214 Latino
996 3171 1217 3213 Frontone
1238 3170 1439 3214 Cornelio
1459 3172 1549 3215 vita
1562 3175 1605 3223 2,
1623 3174 1728 3216 2-4.
1758 3171 1943 3215 Audivit

215 3239 492 3297 philosophos
523 3240 801 3297 Apollonium
831 3239 1171 3283 Chalcedonium
1202 3237 1404 3292 (Marcus
1432 3243 1471 3291 1,
1501 3243 1558 3297 8),
1593 3239 1775 3283 Sextum
1804 3238 1940 3282 Chae-

151 3298 154 3301 ’
216 3322 442 3351 ronensem
466 3308 687 3351 Plutarchi
708 3315 906 3366 nepotem
930 3306 1129 3360 (Marcus
1149 3310 1188 3358 1,
1211 3307 1268 3362 9),
1296 3308 1472 3351 Iunium
1492 3309 1721 3351 Rusticum
1742 3307 1942 3359 (Marcus

214 3380 253 3427 1,
284 3378 341 3428 7),
373 3376 606 3420 Claudium
635 3377 877 3420 Maximum
898 3377 1097 3432 (Marcus
1116 3379 1155 3427 1,
1177 3376 1259 3430 15),
1289 3375 1474 3420 Cinnam
1505 3376 1709 3420 Catulum
1740 3370 1943 3423 (Marcus
