2202 3730
98 281 258 316 ANNIA
973 275 1028 319 79
1754 285 1913 320 ANNIA

185 413 322 455 sorori
351 412 457 455 Veri
487 412 686 469 (Fabiae)
718 414 986 472 eandemque
1014 415 1321 472 locupletatam
1351 416 1635 459 Brundisium
1674 431 1812 472 usque
1841 415 1912 459 de-

187 480 315 523 duxit
343 486 387 523 et
424 483 470 524 in
500 481 675 538 Syriam
704 483 821 526 misit
849 484 935 528 ibd.
968 488 1008 535 9,
1038 488 1078 527 4.
1138 485 1282 528 Verus
1317 500 1373 527 ex
1404 485 1535 542 Syria
1563 484 1786 541 Ephesum
1816 499 1913 541 pro-

186 549 325 592 fectus
354 555 431 604 est,
465 557 514 593 ut
542 565 726 594 uxorem
753 553 971 609 acciperet
998 554 1070 598 vit.
1104 553 1204 597 Veri
1234 557 1270 605 7,
1306 557 1334 596 7
1339 567 1353 606 ;
1388 569 1502 596 uxor
1527 553 1578 596 L.
1610 553 1716 596 Veri
1746 553 1810 597 tit.
1841 553 1913 596 vit.

186 617 285 661 Veri
311 621 355 669 2,
376 622 425 671 4;
455 622 522 670 10,
542 623 582 671 3,
614 620 892 665 Herodianus
922 626 960 673 1,
979 625 1020 673 8,
1042 625 1082 665 3.
1142 623 1214 665 Ex
1243 623 1359 666 Vero
1395 622 1530 666 filiam
1568 623 1737 679 peperit
1764 622 1917 664 incerti

184 686 367 730 nominis
394 686 484 730 Dio
516 691 584 740 72,
613 692 659 740 4,
693 689 752 732 ad
777 704 904 744 quam
932 691 1148 745 pertinere
1179 694 1322 746 potest
1361 691 1518 735 titulus,
1582 691 1741 733 Plures
1779 704 1830 733 esc
1869 704 1914 733 eo

187 754 346 798 liberos·
371 755 514 799 tulisse
551 757 642 800 veri
678 758 816 801 simile
853 759 1019 802 videtur
1048 774 1100 803 ex
1127 761 1310 802 nummis
1339 761 1557 815 imcriptis
1581 759 1846 802 Fecunditas
1877 762 1916 801 et

186 823 343 866 Iunoni
382 824 578 868 Lucinae
618 827 673 880 cf.
703 826 867 869 Eckhel
905 827 932 870 l.
964 828 990 870 l.
1051 828 1316 871 Rumoribus
1356 828 1606 871 insimulata
1644 834 1709 871 est
1746 842 1914 870 veneno

185 891 388 934 maritum
428 893 662 949 peremisse
701 893 885 950 idcirco,
926 895 1044 951 quod
1073 896 1217 938 Verus
1257 897 1439 938 nimium
1478 894 1719 939 indulserat
1752 895 1915 938 Fabiae

186 961 336 1015 sorori,
369 962 493 1003 cuius
524 963 761 1018 potentiam
790 977 904 1006 uxor
931 963 1104 1006 Lucilla
1133 964 1248 1006 ferre
1276 979 1364 1007 non
1392 971 1538 1021 posset
1565 965 1637 1008 vit.
1670 964 1769 1007 Veri
1786 967 1853 1015 10,
1873 967 1914 1006 3.

188 1029 306 1071 Vero
333 1035 505 1072 mortuo
537 1046 576 1073 a.
601 1030 682 1073 169
702 1030 877 1074 Marcus
908 1047 1003 1074 eam
1033 1047 1120 1075 non
1151 1032 1332 1076 decurso
1363 1032 1506 1076 luctus
1535 1039 1728 1090 tempore
1757 1032 1914 1088 grand-

186 1112 296 1140 aevo
328 1099 486 1154 equitis
508 1099 690 1142 Romani
711 1099 800 1142 filio
821 1099 1004 1143 Claudio
1026 1101 1291 1158 Pompeiano
1314 1101 1434 1144 dedit
1452 1116 1612 1157 genere
1632 1101 1915 1144 Antiochensi

186 1180 268 1209 nee
298 1167 401 1209 satis
432 1167 589 1222 nobili,
622 1182 721 1210 cum
749 1167 839 1210 filia
869 1169 960 1212 eius
989 1168 1190 1225 Augusta
1220 1177 1332 1213 esset
1362 1177 1404 1212 et
1434 1170 1662 1226 Augustae
1690 1169 1801 1224 filia3
1840 1169 1916 1212 sed

186 1234 263 1278 has
293 1236 467 1292 nuptias
499 1242 541 1279 et
559 1236 770 1279 Faustina
799 1243 842 1280 et
871 1238 966 1294 ipsa
996 1239 1159 1281 invitae
1190 1238 1438 1282 habuerunt
1457 1240 1528 1284 vit.
1553 1239 1704 1282 Marci
1721 1242 1791 1290 20,
1814 1242 1914 1289 6-7,

186 1302 276 1346 Dio
306 1306 371 1354 71,
398 1307 438 1355 4,
470 1304 704 1347 Herodian.
735 1309 774 1356 1,
804 1308 844 1356 8,
875 1310 914 1351 3.
973 1307 1180 1350 Maritum
1220 1307 1456 1363 dedignata
1494 1322 1585 1350 rem
1625 1307 1778 1351 habuit
1816 1321 1915 1349 cum

188 1369 371 1414 Claudio
392 1372 657 1429 Pompeiano
679 1373 942 1427 Quinctiano
964 1376 1178 1432 privigno,
1210 1378 1280 1419 cui
1311 1376 1443 1419 filiam
1471 1392 1527 1419 ex
1553 1377 1669 1420 Vero
1700 1375 1914 1419 sublatam

187 1440 232 1482 in
261 1441 584 1483 matrimonium
613 1441 804 1487 dederat.
866 1443 978 1487 Cum
1018 1444 1145 1487 ambo
1184 1446 1527 1488 coniurationem
1555 1446 1600 1488 in
1630 1444 1916 1489 Commodum

187 1508 404 1564 iniissent,
445 1509 633 1553 factione
672 1510 843 1554 detecta
883 1510 928 1554 in
968 1512 1160 1569 Capreas
1201 1513 1386 1556 insulam
1426 1513 1616 1569 relegata
1655 1513 1784 1570 paulo
1819 1520 1916 1570 post

187 1577 414 1620 interfecta
443 1585 509 1621 est
536 1578 608 1623 vit.
646 1578 865 1623 Commodi
891 1584 930 1632 4,
961 1584 1001 1626 1.
1030 1585 1058 1624 4
1068 1595 1082 1634 ;
1109 1584 1150 1633 5,
1183 1586 1233 1634 7,·
1264 1585 1304 1634 8,
1332 1585 1371 1633 3,
1413 1582 1502 1625 Dio
1533 1583 1560 1625 l.
1587 1582 1636 1634 l.,
1679 1582 1915 1626 Herodian.

187 1649 226 1697 1,
255 1649 296 1697 3,
327 1648 428 1689 4-8.
459 1671 516 1676 —
548 1647 810 1691 Nominatur
838 1650 911 1692 vit.
940 1649 1157 1695 Caracall.
1187 1654 1228 1702 3,
1257 1653 1298 1702 8,
1329 1651 1567 1694 Herodian.
1595 1655 1636 1702 4,
1668 1655 1706 1703 6,
1735 1654 1776 1696 3.

102 1715 186 1758 556
214 1720 376 1756 ANNIA
407 1722 716 1771 QVARTILLA,
760 1716 912 1774 (Appii
941 1717 1094 1774 Annii)
1133 1719 1269 1761 Marsi
1302 1719 1412 1774 filia,
1453 1719 1696 1775 Gal(eonis)
1727 1720 1915 1763 Tettieni

188 1783 339 1827 Severi
379 1783 528 1838 (uxor)
564 1784 646 1828 XI
673 1789 783 1829 1940
823 1790 850 1830 t.
884 1786 1140 1838 Perusinus,
1182 1802 1302 1843 quem
1342 1789 1550 1831 dedicavit
1589 1789 1704 1846 App.
1745 1789 1915 1831 Annius

188 1851 366 1895 Priscus
394 1859 615 1909 patronae.

101 1920 183 1964 557
203 1926 362 1962 ΑΑΡΡΙΑ
386 1927 548 1964 ANNIA
571 1928 794 1965 REGILLA
813 1929 987 1965 ATILIA
1010 1930 1248 1967 CAVCIDIA
1269 1931 1551 1968 TERTVLLA.
1599 1926 1733 1968 Tituli
1740 1940 1753 1967 .“
1780 1926 1916 1980 specie

185 1989 293 2044 ipsa,
325 2003 372 2032 re
400 2004 501 2032 vera
524 1991 692 2034 nomine
710 1991 846 2046 ipsius
866 1993 1048 2036 maritus
1072 1993 1137 2036 Ti.
1166 1993 1381 2038 Claudius
1400 1994 1592 2037 Herodes
1610 1994 1780 2037 Atticus
1802 1994 1916 2037 dedi-

184 2058 296 2100 cavit
314 2057 534 2114 Olympiae
554 2059 752 2102 eoeedram
772 2074 866 2103 cum
886 2061 1151 2116 aquaeductu
1172 2066 1200 2105 t.
1222 2062 1580 2117 Archaoloyischc
1602 2063 1783 2117 Zeitunq
1803 2065 1916 2104 1878

183 2140 231 2180 p.
262 2129 317 2169 94
357 2140 399 2169 n.
430 2130 511 2170 149
543 2128 627 2184 (1),·
664 2129 784 2171 vivae
824 2129 1041 2173 dedicatus
1070 2134 1132 2173 est
1166 2134 1194 2176 t.
1225 2131 1272 2174 E
1277 2131 1478 2174 leusinius
1511 2131 1728 2189 Ἐφημερὶς
1757 2132 1916 2189 ἀρχαιο-

187 2196 324 2252 λογική
353 2197 462 2238 1885
482 2210 531 2250 p.
553 2198 638 2240 152
665 2211 708 2239 n.
729 2200 790 2240 28
820 2195 898 2253 (2),
940 2198 1049 2241 alter
1087 2199 1258 2242 Atticus
1295 2199 1550 2242 Athenisclie
1588 2199 1917 2255 Mittlieilunyen

186 2264 296 2305 1883
324 2270 374 2317 p.
405 2266 495 2307 287
525 2263 607 2319 (3);
648 2268 676 2307 t.
712 2266 962 2320 sepulcralis
1002 2267 1091 2309 eius
1128 2267 1234 2310 CIA
1264 2268 1353 2310 III
1374 2271 1485 2310 1417
1511 2271 1569 2324 (4)
1610 2269 1916 2323 (fraymentum

189 2334 216 2373 t.
248 2331 400 2373 similis
430 2345 515 2374 esse
551 2332 715 2375 videtur
743 2333 848 2376 GIA
879 2335 969 2377 III
989 2338 1140 2392 3638);
1177 2337 1224 2378 in
1252 2336 1450 2378 honorem
1481 2336 1703 2390 defunctae
1734 2337 1918 2380 dedicati

187 2402 285 2442 sunt
314 2413 342 2441 a
371 2401 526 2442 marito
555 2401 715 2443 urbani
742 2402 776 2444 I
777 2401 855 2445 GI
874 2406 988 2446 1392
1016 2423 1071 2438 =
1099 2403 1211 2447 GIG
1237 2407 1344 2447 6185
1374 2402 1449 2456 (5),
1485 2418 1655 2447 carmen
1690 2405 1914 2460 Triqoeum

189 2468 221 2510 I
222 2466 299 2510 ΘΙ
310 2470 420 2511 1389
435 2473 463 2507 Ι
473 2489 528 2503 =
545 2468 656 2512 GIG
676 2472 789 2513 6280
810 2470 882 2526 (6),
906 2475 933 2514 t.
958 2471 1158 2527 bilinyuis
1180 2472 1291 2515 C'IG
1311 2475 1420 2515 6184
1437 2493 1490 2508 =
1514 2472 1616 2516 CIL
1646 2473 1715 2516 VI
1724 2477 1837 2518 1342
1858 2495 1912 2510 =

187 2535 419 2579 IG11391
440 2534 519 2592 (7).
566 2537 837 2581 Memoratur
855 2539 902 2581 in
924 2542 950 2583 t.
977 2540 1206 2595 Olympicis
1216 2534 1571 2596 propinquorum,
1583 2543 1727 2596 patris
1743 2542 1914 2586 Ditten-

190 2604 346 2659 beryer,
380 2607 670 2648 commentatio
694 2606 744 2649 de
763 2607 949 2650 Herodis
970 2607 1108 2651 Attici
1131 2610 1408 2652 monumentis
1429 2609 1658 2665 Olympicis
1678 2626 1726 2666 p.
1760 2610 1828 2654 VI
1839 2611 1913 2667 (8),

187 2673 258 2714 avi
284 2675 470 2716 materni
496 2674 582 2716 ibd.
605 2689 652 2729 p.
686 2674 782 2718 VII
804 2673 877 2730 (9),
908 2679 1107 2730 quattuor
1136 2677 1365 2720 liberorum
1393 2679 1479 2720 ibd.
1501 2693 1550 2733 p.
1572 2679 1679 2722 XII
1701 2680 1912 2735 (10—13),

188 2741 234 2783 in
260 2744 288 2783 t.
319 2740 525 2796 Delphico
566 2743 616 2786 L.
643 2742 828 2786 Vibullii
859 2744 958 2786 Rufi
989 2744 1145 2798 Regilli
1176 2745 1348 2789 Claudii
1389 2746 1579 2788 Herodis
1616 2747 1691 2790 filii
1722 2748 1913 2791 Bulletin

189 2809 238 2851 de
276 2810 632 2865 correspondancc
672 2811 919 2866 Helle'nique
954 2815 1064 2855 1877
1097 2828 1144 2867 p.
1174 2817 1257 2857 409
1285 2829 1327 2856 n.
1350 2818 1382 2857 2
1411 2815 1510 2870 (14),
1552 2817 1598 2858 in
1629 2820 1655 2860 t.
1686 2817 1917 2870 sepulcrali

188 2876 406 2931 Elpinices
434 2878 552 2933 filiae
579 2879 685 2922 CIA
706 2880 795 2922 ΙΙΙ
804 2883 913 2931 1333
941 2881 1097 2924 emend.
1126 2896 1153 2924 a
1177 2882 1500 2938 Dittenberqero
1532 2884 1557 2926 l.
1586 2885 1611 2927 l.
1636 2899 1682 2939 2).
1704 2885 1752 2927 X
1761 2885 1911 2939 V(15).

190 2945 274 2999 Qui
302 2946 418 2988 tituli
431 2950 609 3001 praeter
639 2948 867 3003 bilinyuem
897 2952 926 2992 t.
957 2953 986 2991 7
1015 2964 1153 2992 omnes
1181 2954 1278 2993 sunt
1304 2953 1461 3005 yraeci.

275 3012 420 3070 Appia
447 3014 595 3058 Annia
622 3015 790 3071 Regilla
819 3016 957 3059 Atilia
987 3017 1196 3061 Caucidia
1226 3019 1422 3062 Tertulla
1452 3024 1479 3062 t.
1510 3025 1555 3071 2,
1595 3020 1740 3078 Appia
1768 3021 1915 3064 Annia

190 3081 360 3136 Regilla
388 3085 417 3125 t.
437 3086 476 3126 3.
497 3087 536 3134 4,
569 3083 715 3127 Annia
733 3084 879 3142 Appia
899 3085 1070 3140 Regilla
1099 3090 1128 3128 t.
1149 3090 1214 3138 15,
1247 3087 1393 3130 Annia
1414 3088 1582 3144 Regilla
1614 3092 1641 3131 t.
1667 3093 1715 3141 7,·
1746 3089 1915 3144 Regilla

190 3150 286 3204 ipsa
299 3163 344 3192 se
359 3150 464 3193 dicit
480 3152 526 3194 in
547 3155 575 3194 t.
590 3154 726 3196 votivo
740 3157 766 3196 1
788 3154 1009 3208 antiquam
1030 3154 1181 3197 talium
1200 3155 1511 3210 simplicitatem
1533 3158 1725 3208 imitata‚·
1745 3158 1916 3213 Regilla

189 3221 217 3261 t.
239 3220 278 3262 5.
298 3220 338 3262 8.
363 3221 402 3263 9.
423 3222 578 3262 10-13.
598 3223 664 3270 14,
697 3220 1002 3272 Philostratus,
1034 3222 1267 3266 Ducianus.

274 3285 387 3328 Filia
415 3286 549 3344 Appii
578 3287 712 3330 Annii
744 3288 861 3333 Galli
900 3289 1138 3332 consularis
1178 3290 1250 3345 (cf.
1281 3306 1323 3334 n.
1354 3292 1451 3346 493)
1493 3295 1520 3336 t.
1551 3296 1594 3337 2.
1624 3296 1664 3336 8.
1697 3296 1762 3343 15,
1794 3307 1915 3335 soror

190 3352 324 3410 Appii
354 3353 488 3397 Annii
516 3354 642 3398 Atilii
669 3357 872 3401 Braduae
902 3356 959 3410 (n.
981 3360 1078 3415 475)
1109 3358 1364 3403 Philostrat.
1394 3374 1431 3402 v.
1457 3361 1574 3415 soph».
1605 3365 1649 3413 2,
1680 3365 1719 3412 1,
1751 3364 1911 3411 18-20,
