2202 3730
281 290 526 330 oLAvmvs
1139 282 1221 326 392
1830 286 2075 325 cLAvmvs

363 424 504 465 eadem
540 422 702 464 cohorte
739 423 880 474 aperte
915 419 1055 461 eodem
1090 422 1270 472 tempore
1299 419 1467 473 positas
1507 422 1578 461 est.
1638 418 1816 461 Accedit
1844 419 1955 473 qaod
1985 420 2075 462 sine

362 491 487 533 dubio
517 490 625 531 idem
655 490 912 530 memoratur
943 486 1149 529 Claudius
1180 486 1387 528 Paulinus
1415 487 1462 528 in
1491 490 1519 528 t.
1546 487 1896 541 Thoriyniacensi
1909 487 2075 530 Alimer

362 563 401 600 et
429 557 634 606 Dissard,
681 555 828 597 Maece
868 555 916 596 de
955 554 1077 608 Dyon
1106 554 1148 596 V
1159 569 1207 608 p.
1227 558 1293 605 31,
1331 555 1407 597 abi
1435 554 1516 609 leg.
1550 555 1831 609 [B]ritanniae
1858 556 1904 597 in
1935 555 2076 614 lapide

358 630 500 668 eatare
545 627 723 666 testatur
766 622 1014 677 Hirschfeld
1056 623 1129 676 qai
1169 623 1287 665 vidit.
1357 623 1413 665 In
1452 623 1588 665 titulis
1629 627 1768 665 autem
1806 623 2075 665 Britannicis

358 692 658 735 restituendam
687 694 746 733 est
775 702 869 734 oon.
899 703 926 734 1.
958 703 995 732 F.
1026 702 1199 733 VARDVL.
1228 690 1589 745 A[LEXANDR1ANA].

443 761 637 814 Legatus
668 759 782 813 Aug.
811 774 877 815 pr.
908 773 973 814 pr.
1004 759 1254 814 provinciae
1289 759 1621 813 Lugdunensis,
1662 758 1860 800 decessor
1898 758 2074 801 Aedinii

356 828 511 870 Iuliani
543 826 634 880 (sab
664 827 928 883 Alexandro)
961 830 988 870 t.
1008 829 1036 868 3
1060 827 1095 869 I
1115 841 1150 869 v.
1177 829 1241 878 15,
1274 828 1376 869 item
1405 826 1572 882 legatus
1603 827 1794 869 eiusdem
1821 827 2073 870 Britanniae

358 899 385 938 t.
417 901 455 938 1.
484 899 527 939 2.
555 898 594 940 3.

273 964 354 1005 759
386 963 630 1018 Cl(audius)
674 963 934 1019 Perpetuus,
982 970 1237 1018 procurator
1281 963 1596 1017 (Mauretaniae
1639 963 1948 1017 Caesariensis)
1994 962 2074 1005 sub

356 1033 613 1088 imperatore
645 1031 879 1074 Commodo
909 1031 1086 1086 Ephem.
1117 1046 1179 1086 ep.
1210 1034 1249 1082 5,
1281 1035 1366 1075 952
1396 1032 1450 1085 cf.
1483 1035 1520 1082 7,
1543 1034 1624 1073 491
1655 1034 1683 1074 t.
1713 1032 1760 1073 in
1791 1031 2074 1074 Mauretania

357 1099 625 1142 Caesariensi
641 1114 778 1154 prope
806 1099 991 1142 Aueiam
1018 1102 1219 1153 repertas.

272 1169 353 1211 760
385 1167 628 1222 Cl(audius)
674 1169 918 1224 Perpetuus
962 1162 1199 1210 Flavianus
1245 1167 1492 1223 Eutychus,
1539 1167 1760 1210 rationalis
1803 1168 2073 1224 imperatoris

356 1236 553 1292 Septimii
583 1236 734 1279 Severi
763 1251 876 1279 anno
910 1236 992 1279 193
1024 1235 1092 1278 VI
1114 1238 1222 1278 1585
1233 1250 1274 1278 a.
1297 1236 1334 1278 b.

271 1304 347 1346 761
384 1305 666 1359 OL(AVDIVS)
690 1311 810 1359 PISO,
833 1304 1001 1359 legatus
1031 1304 1214 1359 legionis
1236 1304 1276 1358 (Ι
1295 1303 1533 1346 Adiutricis
1555 1305 1652 1359 piae
1673 1302 1833 1358 fidelis)
1855 1319 1966 1346 anno
1990 1304 2072 1347 207

353 1372 442 1415 III
464 1373 511 1416 S.
542 1376 681 1417 11082
711 1393 763 1408 =
792 1374 880 1415 III
901 1376 1020 1416 4364.

272 1440 352 1482 762
384 1440 590 1483 Claudius
613 1441 763 1496 Pollio,
787 1442 981 1484 centurio
1003 1441 1398 1484 Diadumenianum
1418 1440 1554 1483 filium
1575 1440 1733 1497 Opellii
1753 1441 1937 1483 Macrini
1957 1442 2072 1497 cepit

352 1508 441 1552 Dio
471 1512 536 1560 78,
562 1514 629 1552 40.
1975 1538 1978 1540 -

268 1577 349 1619 703
380 1577 446 1620 Ti.
480 1577 686 1620 Claudius
717 1577 867 1620 Pollio.
909 1578 1099 1621 Nomina
1118 1578 1252 1633 plena
1272 1578 1435 1621 exhibet
1464 1581 1493 1620 t.
1513 1571 1704 1620 urbanas
1723 1592 1843 1632 quem
1863 1576 2071 1620 dedicavit

352 1646 440 1699 ipse
476 1646 544 1688 VI
564 1649 678 1689 3720
711 1660 818 1690 corr.
847 1646 1026 1701 Ephem.
1056 1661 1116 1701 ep.
1139 1650 1177 1697 4,
1201 1649 1303 1698 759;
1333 1645 1541 1689 Claudius
1572 1645 1710 1688 Pollio
1742 1645 1857 1700 apud
1880 1644 2070 1687 Pliniwm

352 1715 469 1767 epist.
492 1717 530 1764 7,
551 1717 618 1765 31,
650 1715 725 1756 abi
755 1729 845 1756 eam
876 1715 1135 1757 commendat
1165 1713 1226 1767 (C.
1257 1714 1388 1768 Iulio)
1418 1713 1600 1757 Cornuto
1626 1713 1861 1769 (Tertullo).

438 1782 643 1824 Praeerat
673 1782 766 1824 alae
796 1782 1006 1825 miliariae
1027 1782 1176 1824 eodem
1198 1789 1390 1839 tempore
1411 1797 1496 1838 quo
1519 1781 1684 1824 Plinius
1703 1781 1915 1824 militabat
1935 1780 2068 1832 Ptin„

352 1850 592 1905 praefectus
628 1850 722 1893 alae
753 1850 932 1893 Flaviae
965 1850 1191 1892 milliariae
1222 1851 1284 1893 tit.
1297 1864 1310 1902 ;
1342 1851 1585 1907 praefectus
1619 1852 1811 1905 gentium
1845 1850 1890 1891 in
1918 1849 2070 1892 Africa

351 1917 435 1968 tit.,·
464 1924 614 1973 postea
644 1925 864 1974 promotus
896 1918 951 1960 ad
983 1918 1267 1974 amplissimas
1293 1919 1616 1974 procurationes
1643 1918 1787 1969 Plin.‚·
1817 1924 2069 1974 procurator

350 1984 538 2039 Augusti
560 1985 650 2027 XX
670 1985 985 2040 hereditatium,
1008 1992 1264 2042 procurator
1282 1985 1460 2042 Alpium
1481 1987 1712 2030 Graiarum
1732 1986 1796 2028 tit.
1803 1999 1817 2037 ,·
1837 2000 1863 2027 a
1883 1984 2068 2028 Corellio

353 2052 502 2107 (Rufo)
533 2068 587 2094 ex
616 2053 871 2096 liberalitate
899 2055 1170 2110 imperatoris
1195 2054 1367 2096 Nervae
1389 2053 1580 2096 emendis
1600 2054 1933 2110 dividendisque
1954 2054 2068 2108 agris

351 2121 421 2175 (cf.
452 2119 540 2162 Dio
570 2123 635 2171 68,
658 2121 704 2175 2)
734 2121 906 2163 adiutor
937 2121 1191 2178 adsumptus
1222 2121 1340 2164 Ptin.
1403 2122 1582 2164 Flamen
1613 2121 1899 2165 Carmentalis
1930 2122 1993 2164 tit.
2011 2132 2069 2151 '—-

351 2189 533 2231 Librum
564 2189 617 2231 de
647 2191 739 2232 vita
768 2190 901 2232 Annii
934 2191 1057 2232 Bassi
1085 2191 1210 2232 amici
1242 2190 1376 2232 edidit
1405 2190 1524 2233 Ptin.

267 2257 350 2299 764
379 2263 423 2299 L.
464 2258 746 2312 GL(AVD1VS)
791 2264 969 2300 POLLIO
1014 2265 1178 2300 IVLIVS
1227 2265 1466 2301 IVLIANVS
1512 2265 1839 2302 GALLICANVS.
1918 2258 2070 2301 Tituli:

349 2325 395 2367 X
424 2328 533 2369 1249
564 2325 623 2381 (1)
655 2326 871 2377 Nolanus,
913 2327 961 2369 X
987 2330 1093 2369 1111
1124 2326 1186 2382 (2)
1224 2327 1465 2370 Sarnensis.
1505 2352 1563 2357 -—-
1600 2327 1652 2370 L.
1684 2326 1749 2371 Cl.
1778 2326 1902 2370 Polio
1932 2325 2068 2368 Iulius

350 2392 543 2435 Iulianus
581 2393 832 2437 Gallicanus
869 2398 897 2437 t.
926 2398 970 2445 2,
1013 2394 1094 2449 [L.]
1127 2394 1192 2437 Ol.
1226 2394 1363 2437 Pollio
1394 2394 1588 2437 Iulianus
1619 2395 1786 2450 [Iu]lius
1817 2393 2067 2439 Gallicanus

356 2464 383 2502 t.
412 2465 451 2503 1.
481 2486 538 2490 —
569 2461 844 2504 Clarissimus
873 2464 942 2504 vir
972 2466 1000 2505 t.
1032 2466 1071 2513 1,
1103 2462 1365 2505 clarissimae
1393 2465 1623 2505 memoriae
1652 2464 1722 2505 vir
1752 2466 1780 2506 t.
1811 2467 1855 2507 2.

438 2529 552 2570 Xvir
602 2529 794 2572 sclitibus
842 2530 1107 2581 iudicandis,
1150 2538 1353 2587 quaestor
1399 2531 1674 2583 candidatus,
1720 2531 1914 2574 adlectus
1956 2533 2069 2574 inter

352 2598 606 2653 praetorios,
648 2598 879 2654 proconsul
919 2600 1167 2655 provinciae
1197 2600 1419 2655 Baeticae,
1459 2599 1627 2655 legatus
1657 2601 1906 2656 provinciae
1937 2599 2068 2642 Asiae

352 2668 381 2707 t.
402 2670 449 2716 1,·
478 2665 624 2707 consul
647 2669 674 2708 t.
696 2669 727 2710 2
745 2665 962 2722 (suffectus
985 2667 1150 2710 saeculo
1175 2667 1264 2710 III
1284 2671 1333 2710 at
1350 2667 1545 2718 videtur).
1569 2693 1621 2698 —
1642 2669 1853 2711 Patronus
1873 2667 2067 2710 coloniae

351 2732 486 2775 Nolae
507 2737 534 2776 t.
549 2738 588 2776 1.
603 2737 635 2777 2
655 2741 697 2776 et
717 2736 973 2777 constitutor
993 2768 1115 2778 .....
1137 2735 1272 2777 Nolae
1294 2734 1513 2788 (incertam
1531 2736 1635 2790 qaid
1652 2737 1699 2779 in
1719 2736 1860 2791 lapide
1869 2735 2067 2791 perierit)

353 2804 381 2842 t.
403 2805 456 2852 2;
483 2801 640 2843 flamen
670 2810 904 2859 perpetuus
934 2803 1105 2858 (Nolae)
1137 2807 1165 2846 t.
1187 2808 1213 2846 1
1241 2804 1295 2858 cf.
1326 2804 1375 2847 X
1392 2819 1440 2859 p.
1462 2808 1560 2848 142.

269 2869 350 2911 765
382 2868 590 2911 Claudius
621 2869 885 2926 Polyaenus,
929 2872 1184 2926 Prusiacus,
1225 2873 1299 2929 qui
1330 2871 1512 2915 Claudio
1542 2872 1715 2915 Caesari
1748 2872 1924 2915 domum
1952 2872 2066 2928 lega-

351 2943 475 2978 verat
505 2936 619 2979 Plin.
653 2938 711 2980 ad
743 2939 918 2983 Traian.
951 2943 1012 2995 70,
1039 2943 1082 2983 2.
1402 2934 1406 2936 ’

268 3006 350 3048 ’766
381 3011 625 3048 CLAVDIVS
653 3013 992 3063 POMPEIANVS,
1027 3010 1298 3065 imperatoris
1327 3009 1464 3051 Marci
1494 3024 1627 3066 nepos
1658 3025 1713 3052 ex
1741 3009 1911 3052 Lucilla
1941 3015 1983 3052 et
2011 3024 2067 3052 cx

354 3073 437 3126 (Ti.
471 3072 668 3127 Claudio)
700 3075 962 3131 Pompeiano
993 3078 1097 3131 (cos.
1127 3077 1172 3119 II
1201 3092 1238 3119 a.
1272 3077 1372 3131 173)
1412 3084 1538 3119 natus
1577 3093 1603 3120 a
1638 3077 1862 3121 Caracallo
1902 3079 2066 3121 occisus

354 3147 418 3182 est
458 3147 500 3182 et
538 3142 598 3183 ita
628 3142 823 3198 quidem,
864 3150 913 3186 ut
951 3144 1172 3187 videretur
1201 3159 1227 3186 a
1255 3144 1492 3188 latronibus
1532 3146 1784 3188 interfectus
1813 3147 1884 3190 vit.
1913 3145 2065 3189 Carae.

349 3211 388 3258 3,
409 3211 448 3259 8,
478 3209 710 3252 Herodian.
732 3214 771 3261 4,
793 3214 829 3261 6,
851 3215 878 3253 3
903 3214 1069 3255 nomine
1101 3214 1263 3256 omisso.
1284 3238 1342 3244 —
1361 3213 1505 3256 Potest
1532 3214 1641 3256 idem
1662 3227 1747 3257 esse
1766 3215 1832 3257 Ti.
1855 3214 2065 3258 Claudius

353 3277 639 3332 Pompeianus
670 3278 868 3321 tribunus
898 3280 1080 3323 militum
1111 3280 1294 3336 legionis
1320 3282 1342 3324 Ι
1371 3282 1610 3324 Minerviae
1637 3282 1710 3338 qui
1742 3282 1958 3324 dedicavit
1986 3296 2064 3338 pro

352 3343 487 3387 salute
519 3345 714 3402 Septimii
746 3346 893 3390 Severi
927 3351 953 3390 t.
985 3349 1302 3404 Daydanensem
1333 3349 1540 3401 Boissiea,
1572 3350 1852 3405 Inscri'qotions
1874 3349 1924 3392 de
1943 3350 2062 3406 Lyon
