<?xml version="1.0" encoding="UTF-8"?>
<!DOCTYPE html PUBLIC "-//W3C//DTD XHTML 1.0 Transitional//EN"
    "http://www.w3.org/TR/xhtml1/DTD/xhtml1-transitional.dtd">
<html xmlns="http://www.w3.org/1999/xhtml" xml:lang="en" lang="en">
 <head>
  <title>
</title>
<meta http-equiv="Content-Type" content="text/html;charset=utf-8" />
  <meta name='ocr-system' content='tesseract 3.04.00' />
  <meta name='ocr-capabilities' content='ocr_page ocr_carea ocr_par ocr_line ocrx_word'/>
</head>
<body>
  <div class='ocr_page' id='page_1' title='image "./prosopographiaim01akaduoft/prosopographiaim01akaduoft_0374.png"; bbox 0 0 2202 3730; ppageno 0'>
   <div class='ocr_carea' id='block_1_1' title="bbox 303 299 2100 348">
    <p class='ocr_par' dir='ltr' id='par_1_1' title="bbox 303 299 2100 348">
     <span class='ocr_line' id='line_1_1' title="bbox 303 299 2100 348; baseline -0.003 0"><span class='ocrx_word' id='word_1_1' title='bbox 303 310 546 348; x_wconf 89' lang='lat' dir='ltr'>CLAVDIVS</span> <span class='ocrx_word' id='word_1_2' title='bbox 1153 299 1235 343; x_wconf 87' lang='grc'><em>358</em></span> <span class='ocrx_word' id='word_1_3' title='bbox 1853 304 2100 343; x_wconf 86' lang='lat' dir='ltr'>CLAVDIVS</span> 
     </span>
    </p>
   </div>
   <div class='ocr_carea' id='block_1_2' title="bbox 1933 372 2100 375">
    <p class='ocr_par' dir='ltr' id='par_1_2' title="bbox 1933 372 2100 375">
     <span class='ocr_line' id='line_1_2' title="bbox 1933 372 2100 375; baseline 0 0"><span class='ocrx_word' id='word_1_4' title='bbox 1933 372 2100 375; x_wconf 95' lang='lat' dir='ltr'><em> </em></span> 
     </span>
    </p>
   </div>
   <div class='ocr_carea' id='block_1_3' title="bbox 380 436 2107 3417">
    <p class='ocr_par' dir='ltr' id='par_1_3' title="bbox 380 436 2106 1500">
     <span class='ocr_line' id='line_1_3' title="bbox 385 436 2102 495; baseline -0.003 -11"><span class='ocrx_word' id='word_1_5' title='bbox 385 442 611 495; x_wconf 73' lang='lat' dir='ltr'><em>suscepisse</em></span> <span class='ocrx_word' id='word_1_6' title='bbox 640 439 897 493; x_wconf 72' lang='lat' dir='ltr'><em>leyationem,</em></span> <span class='ocrx_word' id='word_1_7' title='bbox 924 440 973 479; x_wconf 93' lang='lat' dir='ltr'><em>ut</em></span> <span class='ocrx_word' id='word_1_8' title='bbox 1000 436 1245 479; x_wconf 73' lang='lat' dir='ltr'><em>Gordianus</em></span> <span class='ocrx_word' id='word_1_9' title='bbox 1269 436 1385 491; x_wconf 73' lang='lat' dir='ltr'><em>filius</em></span> <span class='ocrx_word' id='word_1_10' title='bbox 1406 440 1507 491; x_wconf 90' lang='lat' dir='ltr'><em>post</em></span> <span class='ocrx_word' id='word_1_11' title='bbox 1537 437 1796 479; x_wconf 88' lang='lat' dir='ltr'><em>consulatum</em></span> <span class='ocrx_word' id='word_1_12' title='bbox 1828 437 1988 491; x_wconf 75' lang='lat' dir='ltr'><em>leyatus</em></span> <span class='ocrx_word' id='word_1_13' title='bbox 2017 438 2102 491; x_wconf 80' lang='lat' dir='ltr'><em>fuit</em></span> 
     </span>
     <span class='ocr_line' id='line_1_4' title="bbox 380 504 2102 563; baseline -0.002 -13"><span class='ocrx_word' id='word_1_14' title='bbox 380 510 546 563; x_wconf 90' lang='lat' dir='ltr'><em>patris,</em></span> <span class='ocrx_word' id='word_1_15' title='bbox 589 511 727 549; x_wconf 92' lang='lat' dir='ltr'><em>tamen</em></span> <span class='ocrx_word' id='word_1_16' title='bbox 766 505 880 547; x_wconf 83' lang='lat' dir='ltr'><em>credi</em></span> <span class='ocrx_word' id='word_1_17' title='bbox 918 519 1002 547; x_wconf 91' lang='lat' dir='ltr'><em>non</em></span> <span class='ocrx_word' id='word_1_18' title='bbox 1033 507 1174 558; x_wconf 89' lang='lat' dir='ltr'><em>potest</em></span> <span class='ocrx_word' id='word_1_19' title='bbox 1211 507 1431 557; x_wconf 81' lang='lat' dir='ltr'><em>utrumque</em></span> <span class='ocrx_word' id='word_1_20' title='bbox 1471 505 1546 547; x_wconf 87' lang='lat' dir='ltr'><em>sub</em></span> <span class='ocrx_word' id='word_1_21' title='bbox 1586 505 1757 547; x_wconf 86' lang='lat' dir='ltr'><em>initium</em></span> <span class='ocrx_word' id='word_1_22' title='bbox 1797 504 1895 546; x_wconf 86' lang='lat' dir='ltr'><em>belli</em></span> <span class='ocrx_word' id='word_1_23' title='bbox 1929 505 2102 547; x_wconf 90' lang='lat' dir='ltr'><em>Marco-</em></span> 
     </span>
     <span class='ocr_line' id='line_1_5' title="bbox 385 572 2101 628; baseline -0.002 -10"><span class='ocrx_word' id='word_1_24' title='bbox 385 577 545 618; x_wconf 84' lang='lat' dir='ltr'><em>manici</em></span> <span class='ocrx_word' id='word_1_25' title='bbox 580 574 814 628; x_wconf 78' lang='lat' dir='ltr'><em>quindecim</em></span> <span class='ocrx_word' id='word_1_26' title='bbox 849 574 938 627; x_wconf 82' lang='lat' dir='ltr'><em>fere</em></span> <span class='ocrx_word' id='word_1_27' title='bbox 978 573 1102 614; x_wconf 87' lang='lat' dir='ltr'><em>annis</em></span> <span class='ocrx_word' id='word_1_28' title='bbox 1138 575 1238 626; x_wconf 91' lang='lat' dir='ltr'><em>post</em></span> <span class='ocrx_word' id='word_1_29' title='bbox 1278 572 1559 626; x_wconf 88' lang='lat' dir='ltr'><em>consulatum,</em></span> <span class='ocrx_word' id='word_1_30' title='bbox 1601 587 1680 626; x_wconf 81' lang='lat' dir='ltr'><em>quo</em></span> <span class='ocrx_word' id='word_1_31' title='bbox 1722 573 1843 614; x_wconf 86' lang='lat' dir='ltr'><em>ambo</em></span> <span class='ocrx_word' id='word_1_32' title='bbox 1879 586 1989 614; x_wconf 91' lang='lat' dir='ltr'><em>anno</em></span> <span class='ocrx_word' id='word_1_33' title='bbox 2028 576 2101 615; x_wconf 88' lang='lat'><em>151</em></span> 
     </span>
     <span class='ocr_line' id='line_1_6' title="bbox 386 639 2104 697; baseline -0.002 -12"><span class='ocrx_word' id='word_1_34' title='bbox 386 644 524 697; x_wconf 79' lang='lat' dir='ltr'><em>functi</em></span> <span class='ocrx_word' id='word_1_35' title='bbox 561 645 678 692; x_wconf 91' lang='lat' dir='ltr'><em>sunt,</em></span> <span class='ocrx_word' id='word_1_36' title='bbox 720 641 799 683; x_wconf 86' lang='lat' dir='ltr'><em>illa</em></span> <span class='ocrx_word' id='word_1_37' title='bbox 838 654 1015 682; x_wconf 90' lang='lat' dir='ltr'><em>munera</em></span> <span class='ocrx_word' id='word_1_38' title='bbox 1039 641 1265 694; x_wconf 74' lang='lat' dir='ltr'><em>praetoria</em></span> <span class='ocrx_word' id='word_1_39' title='bbox 1293 641 1450 682; x_wconf 86' lang='lat' dir='ltr'><em>iniisse.</em></span> <span class='ocrx_word' id='word_1_40' title='bbox 1510 641 1661 694; x_wconf 76' lang='lat' dir='ltr'><em>Itaque</em></span> <span class='ocrx_word' id='word_1_41' title='bbox 1691 654 1783 682; x_wconf 90' lang='lat' dir='ltr'><em>cum</em></span> <span class='ocrx_word' id='word_1_42' title='bbox 1813 639 2104 682; x_wconf 77' lang='lat' dir='ltr'><em>Philostratus</em></span> 
     </span>
     <span class='ocr_line' id='line_1_7' title="bbox 383 708 2106 764; baseline -0.002 -11"><span class='ocrx_word' id='word_1_43' title='bbox 383 725 451 753; x_wconf 89' lang='lat' dir='ltr'><em>res</em></span> <span class='ocrx_word' id='word_1_44' title='bbox 472 711 592 764; x_wconf 73' lang='lat' dir='ltr'><em>lonyo</em></span> <span class='ocrx_word' id='word_1_45' title='bbox 614 713 795 763; x_wconf 85' lang='lat' dir='ltr'><em>tempore</em></span> <span class='ocrx_word' id='word_1_46' title='bbox 816 709 1027 751; x_wconf 85' lang='lat' dir='ltr'><em>diiunctas</em></span> <span class='ocrx_word' id='word_1_47' title='bbox 1043 710 1269 762; x_wconf 88' lang='lat' dir='ltr'><em>poetarum</em></span> <span class='ocrx_word' id='word_1_48' title='bbox 1295 722 1408 749; x_wconf 91' lang='lat' dir='ltr'><em>more</em></span> <span class='ocrx_word' id='word_1_49' title='bbox 1435 709 1480 749; x_wconf 88' lang='lat' dir='ltr'><em>in</em></span> <span class='ocrx_word' id='word_1_50' title='bbox 1502 708 1619 750; x_wconf 73' lang='lat' dir='ltr'><em>breve</em></span> <span class='ocrx_word' id='word_1_51' title='bbox 1644 709 1827 762; x_wconf 85' lang='lat' dir='ltr'><em>spatium</em></span> <span class='ocrx_word' id='word_1_52' title='bbox 1848 709 2106 750; x_wconf 73' lang='lat' dir='ltr'><em>contraxerit</em></span> 
     </span>
     <span class='ocr_line' id='line_1_8' title="bbox 382 775 2103 830; baseline -0.002 -9"><span class='ocrx_word' id='word_1_53' title='bbox 382 792 543 821; x_wconf 88' lang='lat' dir='ltr'><em>neeesse</em></span> <span class='ocrx_word' id='word_1_54' title='bbox 580 779 653 828; x_wconf 88' lang='lat' dir='ltr'><em>sit,</em></span> <span class='ocrx_word' id='word_1_55' title='bbox 696 778 900 819; x_wconf 87' lang='lat' dir='ltr'><em>coniciam</em></span> <span class='ocrx_word' id='word_1_56' title='bbox 941 789 1133 826; x_wconf 87' lang='lat' dir='ltr'><em>eausam,</em></span> <span class='ocrx_word' id='word_1_57' title='bbox 1174 790 1299 829; x_wconf 81' lang='lat' dir='ltr'><em>quam</em></span> <span class='ocrx_word' id='word_1_58' title='bbox 1335 775 1562 828; x_wconf 74' lang='lat' dir='ltr'><em>Quinctilio</em></span> <span class='ocrx_word' id='word_1_59' title='bbox 1599 775 1818 818; x_wconf 66' lang='lat' dir='ltr'><em>Cotidiano</em></span> <span class='ocrx_word' id='word_1_60' title='bbox 1850 776 2103 830; x_wconf 75' lang='lat' dir='ltr'><em>proconsule</em></span> 
     </span>
     <span class='ocr_line' id='line_1_9' title="bbox 385 843 2104 898; baseline -0.002 -10"><span class='ocrx_word' id='word_1_61' title='bbox 385 847 622 889; x_wconf 83' lang='lat' dir='ltr'><em>adversarii</em></span> <span class='ocrx_word' id='word_1_62' title='bbox 649 845 814 888; x_wconf 84' lang='lat' dir='ltr'><em>Herodi</em></span> <span class='ocrx_word' id='word_1_63' title='bbox 841 844 1054 887; x_wconf 85' lang='lat' dir='ltr'><em>intendere</em></span> <span class='ocrx_word' id='word_1_64' title='bbox 1085 847 1317 897; x_wconf 89' lang='lat' dir='ltr'><em>coeperunt,</em></span> <span class='ocrx_word' id='word_1_65' title='bbox 1361 844 1532 886; x_wconf 89' lang='lat' dir='ltr'><em>eandem</em></span> <span class='ocrx_word' id='word_1_66' title='bbox 1562 857 1647 886; x_wconf 84' lang='lat' dir='ltr'><em>esse</em></span> <span class='ocrx_word' id='word_1_67' title='bbox 1677 847 1800 898; x_wconf 84' lang='lat' dir='ltr'><em>atque</em></span> <span class='ocrx_word' id='word_1_68' title='bbox 1830 857 2012 894; x_wconf 86' lang='lat' dir='ltr'><em>eausam,</em></span> <span class='ocrx_word' id='word_1_69' title='bbox 2055 843 2104 886; x_wconf 94' lang='lat' dir='ltr'><em>de</em></span> 
     </span>
     <span class='ocr_line' id='line_1_10' title="bbox 382 910 2102 968; baseline -0.001 -12"><span class='ocrx_word' id='word_1_70' title='bbox 382 929 466 968; x_wconf 79' lang='lat' dir='ltr'><em>qua</em></span> <span class='ocrx_word' id='word_1_71' title='bbox 508 914 688 956; x_wconf 89' lang='lat' dir='ltr'><em>Marcus</em></span> <span class='ocrx_word' id='word_1_72' title='bbox 727 916 766 955; x_wconf 92' lang='lat' dir='ltr'><em>et</em></span> <span class='ocrx_word' id='word_1_73' title='bbox 802 912 966 954; x_wconf 86' lang='lat' dir='ltr'><em>Fronto</em></span> <span class='ocrx_word' id='word_1_74' title='bbox 1007 910 1184 953; x_wconf 87' lang='lat' dir='ltr'><em>consilia</em></span> <span class='ocrx_word' id='word_1_75' title='bbox 1224 912 1628 953; x_wconf 83' lang='lat' dir='ltr'><em>communicaverunt</em></span> <span class='ocrx_word' id='word_1_76' title='bbox 1668 910 1720 963; x_wconf 86' lang='lat' dir='ltr'><em>(v.</em></span> <span class='ocrx_word' id='word_1_77' title='bbox 1755 911 1919 966; x_wconf 86' lang='lat' dir='ltr'><em>supra),</em></span> <span class='ocrx_word' id='word_1_78' title='bbox 1963 915 2102 954; x_wconf 91' lang='lat' dir='ltr'><em>actam</em></span> 
     </span>
     <span class='ocr_line' id='line_1_11' title="bbox 381 979 2103 1037; baseline -0.001 -13"><span class='ocrx_word' id='word_1_79' title='bbox 381 983 614 1037; x_wconf 77' lang='lat' dir='ltr'><em>imperante</em></span> <span class='ocrx_word' id='word_1_80' title='bbox 644 981 736 1031; x_wconf 91' lang='lat' dir='ltr'><em>Pio,</em></span> <span class='ocrx_word' id='word_1_81' title='bbox 769 983 807 1023; x_wconf 89' lang='lat' dir='ltr'><em>et</em></span> <span class='ocrx_word' id='word_1_82' title='bbox 835 981 1187 1022; x_wconf 88' lang='lat' dir='ltr'><em>Demonstratum</em></span> <span class='ocrx_word' id='word_1_83' title='bbox 1220 979 1295 1033; x_wconf 89' lang='lat' dir='ltr'><em>(sic</em></span> <span class='ocrx_word' id='word_1_84' title='bbox 1326 982 1388 1021; x_wconf 92' lang='lat' dir='ltr'><em>ter</em></span> <span class='ocrx_word' id='word_1_85' title='bbox 1419 979 1619 1033; x_wconf 84' lang='lat' dir='ltr'><em>traditur)</em></span> <span class='ocrx_word' id='word_1_86' title='bbox 1651 979 1924 1030; x_wconf 88' lang='lat' dir='ltr'><em>Petilianum,</em></span> <span class='ocrx_word' id='word_1_87' title='bbox 1956 981 2029 1034; x_wconf 78' lang='lat' dir='ltr'><em>qui</em></span> <span class='ocrx_word' id='word_1_88' title='bbox 2057 981 2103 1022; x_wconf 89' lang='lat' dir='ltr'><em>in</em></span> 
     </span>
     <span class='ocr_line' id='line_1_12' title="bbox 384 1046 2105 1104; baseline -0.002 -12"><span class='ocrx_word' id='word_1_89' title='bbox 384 1065 434 1093; x_wconf 89' lang='lat' dir='ltr'><em>ea</em></span> <span class='ocrx_word' id='word_1_90' title='bbox 465 1065 492 1092; x_wconf 93' lang='lat' dir='ltr'><em>a</em></span> <span class='ocrx_word' id='word_1_91' title='bbox 513 1053 643 1104; x_wconf 88' lang='lat' dir='ltr'><em>parte</em></span> <span class='ocrx_word' id='word_1_92' title='bbox 674 1051 962 1090; x_wconf 82' lang='lat' dir='ltr'><em>accusatorum</em></span> <span class='ocrx_word' id='word_1_93' title='bbox 1000 1048 1155 1097; x_wconf 78' lang='lat' dir='ltr'><em>stabat,</em></span> <span class='ocrx_word' id='word_1_94' title='bbox 1198 1047 1370 1089; x_wconf 90' lang='lat' dir='ltr'><em>eundem</em></span> <span class='ocrx_word' id='word_1_95' title='bbox 1400 1060 1485 1089; x_wconf 88' lang='lat' dir='ltr'><em>esse</em></span> <span class='ocrx_word' id='word_1_96' title='bbox 1515 1050 1639 1100; x_wconf 86' lang='lat' dir='ltr'><em>atque</em></span> <span class='ocrx_word' id='word_1_97' title='bbox 1669 1046 1996 1098; x_wconf 81' lang='lat' dir='ltr'><em>Demostratum,</em></span> <span class='ocrx_word' id='word_1_98' title='bbox 2031 1048 2105 1101; x_wconf 78' lang='lat' dir='ltr'><em>qui</em></span> 
     </span>
     <span class='ocr_line' id='line_1_13' title="bbox 384 1112 2105 1169; baseline -0.002 -9"><span class='ocrx_word' id='word_1_99' title='bbox 384 1133 411 1160; x_wconf 92' lang='lat' dir='ltr'><em>a</em></span> <span class='ocrx_word' id='word_1_100' title='bbox 430 1118 696 1160; x_wconf 77' lang='lat' dir='ltr'><em>Philostrato</em></span> <span class='ocrx_word' id='word_1_101' title='bbox 717 1119 987 1160; x_wconf 80' lang='lat' dir='ltr'><em>memoratur.</em></span> <span class='ocrx_word' id='word_1_102' title='bbox 1044 1112 1164 1168; x_wconf 75' lang='lat' dir='ltr'><em>Quod</em></span> <span class='ocrx_word' id='word_1_103' title='bbox 1182 1116 1221 1156; x_wconf 86' lang='lat' dir='ltr'><em>si</em></span> <span class='ocrx_word' id='word_1_104' title='bbox 1238 1129 1379 1157; x_wconf 82' lang='lat' dir='ltr'><em>verum</em></span> <span class='ocrx_word' id='word_1_105' title='bbox 1404 1116 1472 1165; x_wconf 91' lang='lat' dir='ltr'><em>sit,</em></span> <span class='ocrx_word' id='word_1_106' title='bbox 1496 1115 1738 1169; x_wconf 88' lang='lat' dir='ltr'><em>ponendum</em></span> <span class='ocrx_word' id='word_1_107' title='bbox 1769 1119 1829 1157; x_wconf 86' lang='lat' dir='ltr'><em>est</em></span> <span class='ocrx_word' id='word_1_108' title='bbox 1856 1115 2105 1158; x_wconf 87' lang='lat' dir='ltr'><em>inimicitias</em></span> 
     </span>
     <span class='ocr_line' id='line_1_14' title="bbox 384 1183 2104 1239; baseline -0.002 -10"><span class='ocrx_word' id='word_1_109' title='bbox 384 1190 480 1229; x_wconf 86' lang='lat' dir='ltr'><em>tunc</em></span> <span class='ocrx_word' id='word_1_110' title='bbox 511 1186 673 1239; x_wconf 77' lang='lat' dir='ltr'><em>quidem</em></span> <span class='ocrx_word' id='word_1_111' title='bbox 696 1186 836 1227; x_wconf 80' lang='lat' dir='ltr'><em>nescio</em></span> <span class='ocrx_word' id='word_1_112' title='bbox 855 1198 933 1238; x_wconf 79' lang='lat' dir='ltr'><em>quo</em></span> <span class='ocrx_word' id='word_1_113' title='bbox 953 1183 1074 1225; x_wconf 91' lang='lat' dir='ltr'><em>modo</em></span> <span class='ocrx_word' id='word_1_114' title='bbox 1095 1184 1140 1225; x_wconf 86' lang='lat' dir='ltr'><em>in</em></span> <span class='ocrx_word' id='word_1_115' title='bbox 1166 1186 1325 1238; x_wconf 86' lang='lat' dir='ltr'><em>tempus</em></span> <span class='ocrx_word' id='word_1_116' title='bbox 1345 1185 1596 1237; x_wconf 80' lang='lat' dir='ltr'><em>compositas</em></span> <span class='ocrx_word' id='word_1_117' title='bbox 1619 1197 1716 1234; x_wconf 83' lang='lat' dir='ltr'><em>esse,</em></span> <span class='ocrx_word' id='word_1_118' title='bbox 1749 1183 1823 1226; x_wconf 89' lang='lat' dir='ltr'><em>sed</em></span> <span class='ocrx_word' id='word_1_119' title='bbox 1849 1183 1978 1226; x_wconf 90' lang='lat' dir='ltr'><em>multo</em></span> <span class='ocrx_word' id='word_1_120' title='bbox 2004 1187 2104 1238; x_wconf 90' lang='lat' dir='ltr'><em>post</em></span> 
     </span>
     <span class='ocr_line' id='line_1_15' title="bbox 384 1251 2101 1297; baseline -0.002 0"><span class='ocrx_word' id='word_1_121' title='bbox 384 1255 514 1297; x_wconf 90' lang='lat' dir='ltr'><em>denuo</em></span> <span class='ocrx_word' id='word_1_122' title='bbox 545 1254 761 1297; x_wconf 77' lang='lat' dir='ltr'><em>exarsisse.</em></span> <span class='ocrx_word' id='word_1_123' title='bbox 822 1252 932 1295; x_wconf 86' lang='lat' dir='ltr'><em>Cum</em></span> <span class='ocrx_word' id='word_1_124' title='bbox 974 1252 1120 1294; x_wconf 85' lang='lat' dir='ltr'><em>Sirmii</em></span> <span class='ocrx_word' id='word_1_125' title='bbox 1160 1266 1305 1293; x_wconf 86' lang='lat' dir='ltr'><em>coram</em></span> <span class='ocrx_word' id='word_1_126' title='bbox 1335 1251 1394 1294; x_wconf 90' lang='lat' dir='ltr'><em>M.</em></span> <span class='ocrx_word' id='word_1_127' title='bbox 1426 1251 1604 1293; x_wconf 88' lang='lat' dir='ltr'><em>Aurelio</em></span> <span class='ocrx_word' id='word_1_128' title='bbox 1646 1252 1947 1294; x_wconf 82' lang='lat' dir='ltr'><em>Demostratus</em></span> <span class='ocrx_word' id='word_1_129' title='bbox 1982 1267 2101 1294; x_wconf 86' lang='lat' dir='ltr'><em>acer-</em></span> 
     </span>
     <span class='ocr_line' id='line_1_16' title="bbox 381 1319 2100 1376; baseline -0.002 -12"><span class='ocrx_word' id='word_1_130' title='bbox 381 1323 488 1364; x_wconf 84' lang='lat' dir='ltr'><em>rime</em></span> <span class='ocrx_word' id='word_1_131' title='bbox 526 1323 570 1363; x_wconf 92' lang='lat' dir='ltr'><em>in</em></span> <span class='ocrx_word' id='word_1_132' title='bbox 600 1320 821 1363; x_wconf 85' lang='lat' dir='ltr'><em>Herodem</em></span> <span class='ocrx_word' id='word_1_133' title='bbox 855 1322 1051 1362; x_wconf 88' lang='lat' dir='ltr'><em>invectus</em></span> <span class='ocrx_word' id='word_1_134' title='bbox 1092 1327 1223 1373; x_wconf 87' lang='lat' dir='ltr'><em>esset,</em></span> <span class='ocrx_word' id='word_1_135' title='bbox 1268 1319 1463 1361; x_wconf 86' lang='lat' dir='ltr'><em>Herodes</em></span> <span class='ocrx_word' id='word_1_136' title='bbox 1504 1327 1645 1361; x_wconf 89' lang='lat' dir='ltr'><em>autem</em></span> <span class='ocrx_word' id='word_1_137' title='bbox 1687 1321 1821 1361; x_wconf 88' lang='lat' dir='ltr'><em>iratus</em></span> <span class='ocrx_word' id='word_1_138' title='bbox 1852 1321 2100 1376; x_wconf 83' lang='lat' dir='ltr'><em>imperatori</em></span> 
     </span>
     <span class='ocr_line' id='line_1_17' title="bbox 380 1387 2102 1447; baseline -0.001 -16"><span class='ocrx_word' id='word_1_139' title='bbox 380 1391 461 1447; x_wconf 92' lang='lat' dir='ltr'><em>ipsi</em></span> <span class='ocrx_word' id='word_1_140' title='bbox 493 1391 672 1431; x_wconf 87' lang='lat' dir='ltr'><em>crimina</em></span> <span class='ocrx_word' id='word_1_141' title='bbox 702 1388 949 1442; x_wconf 88' lang='lat' dir='ltr'><em>obiecisset,</em></span> <span class='ocrx_word' id='word_1_142' title='bbox 987 1388 1046 1430; x_wconf 90' lang='lat' dir='ltr'><em>M.</em></span> <span class='ocrx_word' id='word_1_143' title='bbox 1075 1387 1279 1430; x_wconf 85' lang='lat' dir='ltr'><em>Aurelius</em></span> <span class='ocrx_word' id='word_1_144' title='bbox 1311 1388 1415 1430; x_wconf 90' lang='lat' dir='ltr'><em>satis</em></span> <span class='ocrx_word' id='word_1_145' title='bbox 1445 1387 1599 1430; x_wconf 84' lang='lat' dir='ltr'><em>habuit</em></span> <span class='ocrx_word' id='word_1_146' title='bbox 1629 1389 1673 1429; x_wconf 93' lang='lat' dir='ltr'><em>in</em></span> <span class='ocrx_word' id='word_1_147' title='bbox 1704 1387 1884 1430; x_wconf 89' lang='lat' dir='ltr'><em>libertos</em></span> <span class='ocrx_word' id='word_1_148' title='bbox 1914 1388 2102 1430; x_wconf 85' lang='lat' dir='ltr'><em>Herodis</em></span> 
     </span>
     <span class='ocr_line' id='line_1_18' title="bbox 381 1458 1041 1500; baseline -0.003 0"><span class='ocrx_word' id='word_1_149' title='bbox 381 1458 729 1500; x_wconf 86' lang='lat' dir='ltr'><em>animadvertere</em></span> <span class='ocrx_word' id='word_1_150' title='bbox 755 1458 844 1498; x_wconf 82' lang='lat' dir='ltr'><em>vita</em></span> <span class='ocrx_word' id='word_1_151' title='bbox 873 1459 1041 1500; x_wconf 76' lang='lat'><em>28-29.</em></span> 
     </span>
    </p>

    <p class='ocr_par' dir='ltr' id='par_1_4' title="bbox 382 1524 2104 2188">
     <span class='ocr_line' id='line_1_19' title="bbox 467 1524 2104 1569; baseline -0.001 -1"><span class='ocrx_word' id='word_1_152' title='bbox 467 1527 573 1569; x_wconf 90' lang='lat' dir='ltr'><em>Post</em></span> <span class='ocrx_word' id='word_1_153' title='bbox 611 1541 678 1567; x_wconf 89' lang='lat' dir='ltr'><em>res</em></span> <span class='ocrx_word' id='word_1_154' title='bbox 721 1527 761 1567; x_wconf 88' lang='lat' dir='ltr'><em>in</em></span> <span class='ocrx_word' id='word_1_155' title='bbox 806 1526 1030 1567; x_wconf 82' lang='lat' dir='ltr'><em>Pannonia</em></span> <span class='ocrx_word' id='word_1_156' title='bbox 1068 1531 1184 1567; x_wconf 89' lang='lat' dir='ltr'><em>actas</em></span> <span class='ocrx_word' id='word_1_157' title='bbox 1220 1525 1416 1567; x_wconf 89' lang='lat' dir='ltr'><em>Herodes</em></span> <span class='ocrx_word' id='word_1_158' title='bbox 1459 1526 1503 1566; x_wconf 90' lang='lat' dir='ltr'><em>in</em></span> <span class='ocrx_word' id='word_1_159' title='bbox 1535 1524 1724 1566; x_wconf 88' lang='lat' dir='ltr'><em>Atticam</em></span> <span class='ocrx_word' id='word_1_160' title='bbox 1755 1539 1957 1567; x_wconf 88' lang='lat' dir='ltr'><em>reversus</em></span> <span class='ocrx_word' id='word_1_161' title='bbox 1988 1527 2104 1568; x_wconf 88' lang='lat' dir='ltr'><em>circa</em></span> 
     </span>
     <span class='ocr_line' id='line_1_20' title="bbox 382 1591 2104 1649; baseline -0.001 -12"><span class='ocrx_word' id='word_1_162' title='bbox 382 1594 686 1637; x_wconf 83' lang='lat' dir='ltr'><em>Marathonem</em></span> <span class='ocrx_word' id='word_1_163' title='bbox 706 1600 749 1635; x_wconf 89' lang='lat' dir='ltr'><em>et</em></span> <span class='ocrx_word' id='word_1_164' title='bbox 769 1593 1013 1649; x_wconf 86' lang='lat' dir='ltr'><em>Cephisiam</em></span> <span class='ocrx_word' id='word_1_165' title='bbox 1047 1607 1180 1649; x_wconf 85' lang='lat' dir='ltr'><em>pagos</em></span> <span class='ocrx_word' id='word_1_166' title='bbox 1202 1592 1359 1647; x_wconf 85' lang='lat' dir='ltr'><em>degere</em></span> <span class='ocrx_word' id='word_1_167' title='bbox 1383 1592 1548 1634; x_wconf 87' lang='lat' dir='ltr'><em>solebat</em></span> <span class='ocrx_word' id='word_1_168' title='bbox 1567 1593 1656 1635; x_wconf 82' lang='lat' dir='ltr'><em>vita</em></span> <span class='ocrx_word' id='word_1_169' title='bbox 1673 1596 1751 1644; x_wconf 87' lang='lat'><strong><em>30,·</em></strong></span> <span class='ocrx_word' id='word_1_170' title='bbox 1778 1592 1880 1634; x_wconf 88' lang='lat' dir='ltr'><em>villa</em></span> <span class='ocrx_word' id='word_1_171' title='bbox 1901 1591 2104 1649; x_wconf 83' lang='lat' dir='ltr'><em>Cephisia</em></span> 
     </span>
     <span class='ocr_line' id='line_1_21' title="bbox 383 1660 2101 1715; baseline -0.001 -11"><span class='ocrx_word' id='word_1_172' title='bbox 383 1663 570 1704; x_wconf 89' lang='lat' dir='ltr'><em>Herodis</em></span> <span class='ocrx_word' id='word_1_173' title='bbox 601 1669 864 1703; x_wconf 86' lang='lat' dir='ltr'><em>memoratur</em></span> <span class='ocrx_word' id='word_1_174' title='bbox 891 1660 999 1704; x_wconf 82' lang='lat' dir='ltr'><em>Gell.</em></span> <span class='ocrx_word' id='word_1_175' title='bbox 1021 1665 1058 1711; x_wconf 88' lang='lat'><em>1,</em></span> <span class='ocrx_word' id='word_1_176' title='bbox 1081 1665 1124 1711; x_wconf 75' lang='lat'><em>2,</em></span> <span class='ocrx_word' id='word_1_177' title='bbox 1145 1665 1199 1711; x_wconf 73' lang='lat'><em>2;</em></span> <span class='ocrx_word' id='word_1_178' title='bbox 1229 1665 1266 1710; x_wconf 88' lang='lat'><em>1,</em></span> <span class='ocrx_word' id='word_1_179' title='bbox 1295 1665 1362 1711; x_wconf 89' lang='grc'><em>10,</em></span> <span class='ocrx_word' id='word_1_180' title='bbox 1390 1664 1438 1712; x_wconf 91' lang='grc'><em>1,·</em></span> <span class='ocrx_word' id='word_1_181' title='bbox 1467 1663 1532 1710; x_wconf 88' lang='grc'><em>18,</em></span> <span class='ocrx_word' id='word_1_182' title='bbox 1560 1664 1626 1711; x_wconf 86' lang='grc'><em>10,</em></span> <span class='ocrx_word' id='word_1_183' title='bbox 1658 1664 1697 1702; x_wconf 94' lang='grc'><em>1.</em></span> <span class='ocrx_word' id='word_1_184' title='bbox 1754 1660 1824 1702; x_wconf 91' lang='lat' dir='ltr'><em>Ad</em></span> <span class='ocrx_word' id='word_1_185' title='bbox 1857 1660 2101 1715; x_wconf 90' lang='lat' dir='ltr'><em>(Avidium)</em></span> 
     </span>
     <span class='ocr_line' id='line_1_22' title="bbox 386 1727 2102 1786; baseline -0.001 -13"><span class='ocrx_word' id='word_1_186' title='bbox 386 1730 585 1773; x_wconf 83' lang='lat' dir='ltr'><em>Cassium</em></span> <span class='ocrx_word' id='word_1_187' title='bbox 616 1729 894 1772; x_wconf 87' lang='lat' dir='ltr'><em>rebellantem</em></span> <span class='ocrx_word' id='word_1_188' title='bbox 917 1730 1092 1784; x_wconf 83' lang='lat' dir='ltr'><em>(aestate</em></span> <span class='ocrx_word' id='word_1_189' title='bbox 1114 1743 1153 1771; x_wconf 88' lang='lat' dir='ltr'><em>a.</em></span> <span class='ocrx_word' id='word_1_190' title='bbox 1176 1732 1272 1784; x_wconf 84' lang='lat'><strong><em>175)</em></strong></span> <span class='ocrx_word' id='word_1_191' title='bbox 1295 1730 1466 1785; x_wconf 78' lang='lat' dir='ltr'><em>scripsit</em></span> <span class='ocrx_word' id='word_1_192' title='bbox 1496 1728 1603 1769; x_wconf 84' lang='lat' dir='ltr'><em>nihil</em></span> <span class='ocrx_word' id='word_1_193' title='bbox 1629 1729 1711 1770; x_wconf 86' lang='lat' dir='ltr'><em>nisi</em></span> <span class='ocrx_word' id='word_1_194' title='bbox 1734 1727 1918 1786; x_wconf 81' lang='grc' dir='ltr'>Ἡρώδης</span> <span class='ocrx_word' id='word_1_195' title='bbox 1939 1728 2102 1785; x_wconf 85' lang='grc' dir='ltr'>Κασσίῳ</span> 
     </span>
     <span class='ocr_line' id='line_1_23' title="bbox 384 1797 2103 1855; baseline 0 -15"><span class='ocrx_word' id='word_1_196' title='bbox 384 1799 534 1855; x_wconf 76' lang='grc' dir='ltr'>ἐμάνης</span> <span class='ocrx_word' id='word_1_197' title='bbox 562 1799 652 1840; x_wconf 83' lang='lat' dir='ltr'><em>vita</em></span> <span class='ocrx_word' id='word_1_198' title='bbox 679 1801 749 1841; x_wconf 74' lang='lat'><em>32.</em></span> <span class='ocrx_word' id='word_1_199' title='bbox 812 1798 880 1839; x_wconf 85' lang='lat' dir='ltr'><em>Ex</em></span> <span class='ocrx_word' id='word_1_200' title='bbox 921 1798 1071 1839; x_wconf 88' lang='lat' dir='ltr'><em>castris</em></span> <span class='ocrx_word' id='word_1_201' title='bbox 1114 1797 1302 1839; x_wconf 89' lang='lat' dir='ltr'><em>hibernis</em></span> <span class='ocrx_word' id='word_1_202' title='bbox 1343 1798 1577 1852; x_wconf 89' lang='lat' dir='ltr'><em>imperator</em></span> <span class='ocrx_word' id='word_1_203' title='bbox 1607 1797 1780 1839; x_wconf 89' lang='lat' dir='ltr'><em>Marcus</em></span> <span class='ocrx_word' id='word_1_204' title='bbox 1821 1797 1876 1839; x_wconf 86' lang='lat' dir='ltr'><em>ad</em></span> <span class='ocrx_word' id='word_1_205' title='bbox 1917 1812 2012 1840; x_wconf 88' lang='lat' dir='ltr'><em>eum</em></span> <span class='ocrx_word' id='word_1_206' title='bbox 2049 1798 2103 1840; x_wconf 83' lang='lat' dir='ltr'><em>de</em></span> 
     </span>
     <span class='ocr_line' id='line_1_24' title="bbox 384 1864 2102 1915; baseline 0.001 -8"><span class='ocrx_word' id='word_1_207' title='bbox 384 1873 522 1907; x_wconf 89' lang='lat' dir='ltr'><em>morte</em></span> <span class='ocrx_word' id='word_1_208' title='bbox 542 1867 775 1908; x_wconf 79' lang='lat' dir='ltr'><em>Faustinae</em></span> <span class='ocrx_word' id='word_1_209' title='bbox 807 1866 954 1907; x_wconf 86' lang='lat' dir='ltr'><em>uxoris</em></span> <span class='ocrx_word' id='word_1_210' title='bbox 984 1864 1150 1907; x_wconf 82' lang='lat' dir='ltr'><em>litteras</em></span> <span class='ocrx_word' id='word_1_211' title='bbox 1177 1864 1296 1906; x_wconf 83' lang='lat' dir='ltr'><em>dedit</em></span> <span class='ocrx_word' id='word_1_212' title='bbox 1322 1866 1410 1907; x_wconf 79' lang='lat' dir='ltr'><em>vita</em></span> <span class='ocrx_word' id='word_1_213' title='bbox 1429 1868 1494 1915; x_wconf 83' lang='lat'><em>31,</em></span> <span class='ocrx_word' id='word_1_214' title='bbox 1526 1865 1573 1906; x_wconf 89' lang='lat' dir='ltr'><em>id</em></span> <span class='ocrx_word' id='word_1_215' title='bbox 1602 1868 1661 1906; x_wconf 89' lang='lat' dir='ltr'><em>est</em></span> <span class='ocrx_word' id='word_1_216' title='bbox 1690 1865 1821 1907; x_wconf 77' lang='lat' dir='ltr'><em>hieme</em></span> <span class='ocrx_word' id='word_1_217' title='bbox 1851 1879 1890 1907; x_wconf 91' lang='lat' dir='ltr'><em>a.</em></span> <span class='ocrx_word' id='word_1_218' title='bbox 1912 1865 2102 1908; x_wconf 78' lang='lat' dir='ltr'><strong><em>175s176.</em></strong></span> 
     </span>
     <span class='ocr_line' id='line_1_25' title="bbox 386 1933 2102 1989; baseline 0 -13"><span class='ocrx_word' id='word_1_219' title='bbox 386 1933 524 1976; x_wconf 90' lang='lat' dir='ltr'><em>Paulo</em></span> <span class='ocrx_word' id='word_1_220' title='bbox 556 1937 656 1988; x_wconf 91' lang='lat' dir='ltr'><em>post</em></span> <span class='ocrx_word' id='word_1_221' title='bbox 692 1937 739 1975; x_wconf 90' lang='lat' dir='ltr'><em>ut</em></span> <span class='ocrx_word' id='word_1_222' title='bbox 775 1933 939 1976; x_wconf 80' lang='lat' dir='ltr'><em>videtur</em></span> <span class='ocrx_word' id='word_1_223' title='bbox 980 1933 1164 1975; x_wconf 83' lang='lat' dir='ltr'><em>decessit</em></span> <span class='ocrx_word' id='word_1_224' title='bbox 1203 1933 1458 1975; x_wconf 87' lang='lat' dir='ltr'><em>Marathone</em></span> <span class='ocrx_word' id='word_1_225' title='bbox 1505 1948 1616 1974; x_wconf 89' lang='lat' dir='ltr'><em>anno</em></span> <span class='ocrx_word' id='word_1_226' title='bbox 1658 1933 1747 1975; x_wconf 87' lang='lat' dir='ltr'><em>fere</em></span> <span class='ocrx_word' id='word_1_227' title='bbox 1787 1935 2102 1989; x_wconf 86' lang='lat' dir='ltr'><em>septuagesimo</em></span> 
     </span>
     <span class='ocr_line' id='line_1_26' title="bbox 386 2001 2104 2058; baseline 0 -14"><span class='ocrx_word' id='word_1_228' title='bbox 386 2010 530 2056; x_wconf 81' lang='lat' dir='ltr'><em>sexto3</em></span> <span class='ocrx_word' id='word_1_229' title='bbox 573 2017 727 2058; x_wconf 88' lang='lat' dir='ltr'><em>corpus</em></span> <span class='ocrx_word' id='word_1_230' title='bbox 757 2001 1043 2044; x_wconf 86' lang='lat' dir='ltr'><em>Athenienses</em></span> <span class='ocrx_word' id='word_1_231' title='bbox 1081 2002 1123 2042; x_wconf 93' lang='lat' dir='ltr'><em>in</em></span> <span class='ocrx_word' id='word_1_232' title='bbox 1156 2001 1473 2043; x_wconf 84' lang='lat' dir='ltr'><em>Panathenaico</em></span> <span class='ocrx_word' id='word_1_233' title='bbox 1504 2001 1764 2057; x_wconf 87' lang='lat' dir='ltr'><em>sepelierunt</em></span> <span class='ocrx_word' id='word_1_234' title='bbox 1790 2003 1879 2044; x_wconf 84' lang='lat' dir='ltr'><em>vita</em></span> <span class='ocrx_word' id='word_1_235' title='bbox 1906 2005 1979 2053; x_wconf 84' lang='lat'><em>37;</em></span> <span class='ocrx_word' id='word_1_236' title='bbox 2017 2003 2104 2058; x_wconf 87' lang='lat' dir='ltr'><em>epi·</em></span> 
     </span>
     <span class='ocr_line' id='line_1_27' title="bbox 386 2069 2103 2126; baseline 0 -14"><span class='ocrx_word' id='word_1_237' title='bbox 386 2084 579 2125; x_wconf 88' lang='lat' dir='ltr'><em>gramma</em></span> <span class='ocrx_word' id='word_1_238' title='bbox 595 2069 835 2126; x_wconf 88' lang='lat' dir='ltr'><em>sepulcrale</em></span> <span class='ocrx_word' id='word_1_239' title='bbox 850 2070 935 2112; x_wconf 85' lang='lat' dir='ltr'><em>ibd.</em></span> <span class='ocrx_word' id='word_1_240' title='bbox 949 2083 962 2121; x_wconf 92' lang='lat'><em>,·</em></span> <span class='ocrx_word' id='word_1_241' title='bbox 977 2070 1227 2111; x_wconf 86' lang='lat' dir='ltr'><em>Hadrianus</em></span> <span class='ocrx_word' id='word_1_242' title='bbox 1244 2070 1432 2126; x_wconf 86' lang='lat' dir='ltr'><em>sophista</em></span> <span class='ocrx_word' id='word_1_243' title='bbox 1444 2069 1609 2111; x_wconf 90' lang='lat' dir='ltr'><em>Herodi</em></span> <span class='ocrx_word' id='word_1_244' title='bbox 1630 2070 1866 2112; x_wconf 90' lang='lat' dir='ltr'><em>orationem</em></span> <span class='ocrx_word' id='word_1_245' title='bbox 1882 2070 2103 2113; x_wconf 89' lang='lat' dir='ltr'><em>funebrem</em></span> 
     </span>
     <span class='ocr_line' id='line_1_28' title="bbox 387 2138 986 2188; baseline -0.002 -8"><span class='ocrx_word' id='word_1_246' title='bbox 387 2138 540 2180; x_wconf 86' lang='lat' dir='ltr'><em>habuit</em></span> <span class='ocrx_word' id='word_1_247' title='bbox 570 2138 775 2180; x_wconf 79' lang='lat' dir='ltr'><em>Philostr.</em></span> <span class='ocrx_word' id='word_1_248' title='bbox 796 2142 839 2188; x_wconf 74' lang='lat'><em>2,</em></span> <span class='ocrx_word' id='word_1_249' title='bbox 860 2141 925 2188; x_wconf 87' lang='grc'><em>10,</em></span> <span class='ocrx_word' id='word_1_250' title='bbox 947 2141 986 2179; x_wconf 88' lang='grc'><em>3.</em></span> 
     </span>
    </p>

    <p class='ocr_par' dir='ltr' id='par_1_5' title="bbox 386 2204 2107 3417">
     <span class='ocr_line' id='line_1_29' title="bbox 468 2204 2104 2262; baseline 0 -14"><span class='ocrx_word' id='word_1_251' title='bbox 468 2207 658 2248; x_wconf 86' lang='lat' dir='ltr'><em>onrem</em></span> <span class='ocrx_word' id='word_1_252' title='bbox 690 2206 815 2247; x_wconf 89' lang='lat' dir='ltr'><em>duxit</em></span> <span class='ocrx_word' id='word_1_253' title='bbox 844 2205 1030 2262; x_wconf 86' lang='lat' dir='ltr'><em>Appiam</em></span> <span class='ocrx_word' id='word_1_254' title='bbox 1058 2205 1249 2247; x_wconf 90' lang='lat' dir='ltr'><em>Anniam</em></span> <span class='ocrx_word' id='word_1_255' title='bbox 1280 2204 1491 2260; x_wconf 87' lang='lat' dir='ltr'><em>Regillam</em></span> <span class='ocrx_word' id='word_1_256' title='bbox 1523 2205 1700 2247; x_wconf 84' lang='lat' dir='ltr'><em>Atiliam</em></span> <span class='ocrx_word' id='word_1_257' title='bbox 1727 2204 1979 2248; x_wconf 84' lang='lat' dir='ltr'><em>Oaucidiam</em></span> <span class='ocrx_word' id='word_1_258' title='bbox 1998 2206 2104 2248; x_wconf 86' lang='lat' dir='ltr'><em>Ter-</em></span> 
     </span>
     <span class='ocr_line' id='line_1_30' title="bbox 387 2273 2104 2330; baseline 0.001 -15"><span class='ocrx_word' id='word_1_259' title='bbox 387 2273 558 2328; x_wconf 84' lang='lat' dir='ltr'><em>tullam,</em></span> <span class='ocrx_word' id='word_1_260' title='bbox 600 2274 733 2316; x_wconf 91' lang='lat' dir='ltr'><em>filiam</em></span> <span class='ocrx_word' id='word_1_261' title='bbox 764 2274 896 2330; x_wconf 90' lang='lat' dir='ltr'><em>Appii</em></span> <span class='ocrx_word' id='word_1_262' title='bbox 926 2273 1059 2316; x_wconf 91' lang='lat' dir='ltr'><em>Annii</em></span> <span class='ocrx_word' id='word_1_263' title='bbox 1092 2274 1206 2316; x_wconf 82' lang='lat' dir='ltr'><em>Galli</em></span> <span class='ocrx_word' id='word_1_264' title='bbox 1239 2273 1475 2316; x_wconf 86' lang='lat' dir='ltr'><em>consularis</em></span> <span class='ocrx_word' id='word_1_265' title='bbox 1507 2274 1561 2327; x_wconf 81' lang='lat' dir='ltr'><em>cf.</em></span> <span class='ocrx_word' id='word_1_266' title='bbox 1588 2273 1632 2315; x_wconf 89' lang='lat' dir='ltr'><em>A</em></span> <span class='ocrx_word' id='word_1_267' title='bbox 1660 2276 1753 2329; x_wconf 85' lang='lat'><strong><em>557,</em></strong></span> <span class='ocrx_word' id='word_1_268' title='bbox 1785 2289 1914 2330; x_wconf 88' lang='lat' dir='ltr'><em>quam</em></span> <span class='ocrx_word' id='word_1_269' title='bbox 1946 2290 1982 2317; x_wconf 85' lang='lat' dir='ltr'><em>a.</em></span> <span class='ocrx_word' id='word_1_270' title='bbox 2014 2275 2104 2317; x_wconf 86' lang='lat' dir='ltr'><em>fere</em></span> 
     </span>
     <span class='ocr_line' id='line_1_31' title="bbox 389 2341 2103 2399; baseline 0.001 -15"><span class='ocrx_word' id='word_1_271' title='bbox 389 2343 485 2386; x_wconf 75' lang='lat'><em>160!</em></span> <span class='ocrx_word' id='word_1_272' title='bbox 492 2345 565 2385; x_wconf 86' lang='lat'><em>161</em></span> <span class='ocrx_word' id='word_1_273' title='bbox 593 2344 756 2396; x_wconf 83' lang='lat' dir='ltr'><em>amisit3</em></span> <span class='ocrx_word' id='word_1_274' title='bbox 787 2357 888 2384; x_wconf 90' lang='lat' dir='ltr'><em>nam</em></span> <span class='ocrx_word' id='word_1_275' title='bbox 909 2342 1078 2399; x_wconf 90' lang='lat' dir='ltr'><em>Appius</em></span> <span class='ocrx_word' id='word_1_276' title='bbox 1098 2342 1270 2384; x_wconf 85' lang='lat' dir='ltr'><em>Annius</em></span> <span class='ocrx_word' id='word_1_277' title='bbox 1291 2341 1450 2384; x_wconf 83' lang='lat' dir='ltr'><em>Atilius</em></span> <span class='ocrx_word' id='word_1_278' title='bbox 1476 2341 1650 2384; x_wconf 87' lang='lat' dir='ltr'><em>Bradua</em></span> <span class='ocrx_word' id='word_1_279' title='bbox 1680 2342 1828 2384; x_wconf 90' lang='lat' dir='ltr'><em>consul</em></span> <span class='ocrx_word' id='word_1_280' title='bbox 1850 2342 1980 2396; x_wconf 87' lang='lat' dir='ltr'><em>(anno</em></span> <span class='ocrx_word' id='word_1_281' title='bbox 2006 2344 2103 2397; x_wconf 87' lang='grc'><em>160)</em></span> 
     </span>
     <span class='ocr_line' id='line_1_32' title="bbox 389 2410 2103 2467; baseline 0.002 -16"><span class='ocrx_word' id='word_1_282' title='bbox 389 2411 457 2452; x_wconf 89' lang='lat' dir='ltr'><em>vel</em></span> <span class='ocrx_word' id='word_1_283' title='bbox 492 2410 730 2453; x_wconf 90' lang='lat' dir='ltr'><em>consularis</em></span> <span class='ocrx_word' id='word_1_284' title='bbox 763 2412 1094 2467; x_wconf 80' lang='grc' dir='ltr'>(εὐδοκιμώτατος</span> <span class='ocrx_word' id='word_1_285' title='bbox 1124 2412 1179 2454; x_wconf 83' lang='grc' dir='ltr'><em>ὢν</em></span> <span class='ocrx_word' id='word_1_286' title='bbox 1211 2412 1252 2453; x_wconf 83' lang='grc' dir='ltr'><em>ἐν</em></span> <span class='ocrx_word' id='word_1_287' title='bbox 1283 2414 1363 2457; x_wconf 87' lang='grc' dir='ltr'>τοῖς</span> <span class='ocrx_word' id='word_1_288' title='bbox 1392 2410 1478 2453; x_wconf 86' lang='grc' dir='ltr'><strong>τότε</strong></span> <span class='ocrx_word' id='word_1_289' title='bbox 1510 2411 1697 2464; x_wconf 81' lang='grc' dir='ltr'>ὑπάτοις),</span> <span class='ocrx_word' id='word_1_290' title='bbox 1739 2410 1872 2452; x_wconf 85' lang='lat' dir='ltr'><em>frater</em></span> <span class='ocrx_word' id='word_1_291' title='bbox 1910 2410 2103 2466; x_wconf 85' lang='lat' dir='ltr'><em>Regillae</em></span> 
     </span>
     <span class='ocr_line' id='line_1_33' title="bbox 386 2478 2103 2533; baseline 0.001 -14"><span class='ocrx_word' id='word_1_292' title='bbox 386 2479 604 2520; x_wconf 89' lang='lat' dir='ltr'><em>Herodem</em></span> <span class='ocrx_word' id='word_1_293' title='bbox 635 2494 816 2521; x_wconf 84' lang='lat' dir='ltr'><em>uxorem</em></span> <span class='ocrx_word' id='word_1_294' title='bbox 845 2480 1111 2521; x_wconf 87' lang='lat' dir='ltr'><em>interemisse</em></span> <span class='ocrx_word' id='word_1_295' title='bbox 1142 2479 1372 2533; x_wconf 87' lang='lat' dir='ltr'><em>accusavit,</em></span> <span class='ocrx_word' id='word_1_296' title='bbox 1406 2479 1526 2520; x_wconf 90' lang='lat' dir='ltr'><em>cuius</em></span> <span class='ocrx_word' id='word_1_297' title='bbox 1549 2479 1739 2520; x_wconf 88' lang='lat' dir='ltr'><em>criminis</em></span> <span class='ocrx_word' id='word_1_298' title='bbox 1763 2478 1986 2520; x_wconf 87' lang='lat' dir='ltr'><em>absolutus</em></span> <span class='ocrx_word' id='word_1_299' title='bbox 2017 2486 2103 2533; x_wconf 72' lang='lat' dir='ltr'><em>estt,</em></span> 
     </span>
     <span class='ocr_line' id='line_1_34' title="bbox 387 2546 2105 2602; baseline 0.001 -14"><span class='ocrx_word' id='word_1_300' title='bbox 387 2547 636 2589; x_wconf 86' lang='lat' dir='ltr'><em>defunctam</em></span> <span class='ocrx_word' id='word_1_301' title='bbox 681 2547 909 2589; x_wconf 86' lang='lat' dir='ltr'><em>immodice</em></span> <span class='ocrx_word' id='word_1_302' title='bbox 947 2547 1060 2589; x_wconf 86' lang='lat' dir='ltr'><em>luxit</em></span> <span class='ocrx_word' id='word_1_303' title='bbox 1099 2548 1170 2602; x_wconf 83' lang='lat' dir='ltr'><em>(cf.</em></span> <span class='ocrx_word' id='word_1_304' title='bbox 1202 2547 1380 2596; x_wconf 65' lang='lat' dir='ltr'><em>Imoian.</em></span> <span class='ocrx_word' id='word_1_305' title='bbox 1417 2546 1640 2589; x_wconf 77' lang='lat' dir='ltr'><em>Demonax</em></span> <span class='ocrx_word' id='word_1_306' title='bbox 1667 2549 1736 2602; x_wconf 84' lang='lat'><em>33)</em></span> <span class='ocrx_word' id='word_1_307' title='bbox 1778 2553 1820 2588; x_wconf 91' lang='lat' dir='ltr'><em>et</em></span> <span class='ocrx_word' id='word_1_308' title='bbox 1857 2548 2105 2589; x_wconf 86' lang='lat' dir='ltr'><em>memoriam</em></span> 
     </span>
     <span class='ocr_line' id='line_1_35' title="bbox 388 2614 2103 2671; baseline 0.001 -15"><span class='ocrx_word' id='word_1_309' title='bbox 388 2614 521 2656; x_wconf 86' lang='lat' dir='ltr'><em>titulis</em></span> <span class='ocrx_word' id='word_1_310' title='bbox 551 2617 924 2671; x_wconf 89' lang='lat' dir='ltr'><em>monumentisque</em></span> <span class='ocrx_word' id='word_1_311' title='bbox 946 2615 1018 2670; x_wconf 80' lang='lat' dir='ltr'><em>(cf.</em></span> <span class='ocrx_word' id='word_1_312' title='bbox 1042 2619 1069 2657; x_wconf 92' lang='lat' dir='ltr'><em>t.</em></span> <span class='ocrx_word' id='word_1_313' title='bbox 1090 2618 1128 2658; x_wconf 91' lang='lat'><em>5.</em></span> <span class='ocrx_word' id='word_1_314' title='bbox 1151 2614 1313 2670; x_wconf 75' lang='lat'><strong><em>18-21)</em></strong></span> <span class='ocrx_word' id='word_1_315' title='bbox 1335 2614 1467 2656; x_wconf 91' lang='lat' dir='ltr'><em>coluit</em></span> <span class='ocrx_word' id='word_1_316' title='bbox 1497 2622 1538 2656; x_wconf 90' lang='lat' dir='ltr'><em>et</em></span> <span class='ocrx_word' id='word_1_317' title='bbox 1567 2615 1738 2656; x_wconf 90' lang='lat' dir='ltr'><em>nomine</em></span> <span class='ocrx_word' id='word_1_318' title='bbox 1769 2616 1859 2657; x_wconf 90' lang='lat' dir='ltr'><em>eius</em></span> <span class='ocrx_word' id='word_1_319' title='bbox 1889 2614 2103 2658; x_wconf 88' lang='lat' dir='ltr'><em>theatrum</em></span> 
     </span>
     <span class='ocr_line' id='line_1_36' title="bbox 389 2682 2106 2739; baseline 0.001 -16"><span class='ocrx_word' id='word_1_320' title='bbox 389 2683 573 2724; x_wconf 89' lang='lat' dir='ltr'><em>Athenis</em></span> <span class='ocrx_word' id='word_1_321' title='bbox 595 2685 789 2724; x_wconf 84' lang='lat' dir='ltr'><em>extruxit</em></span> <span class='ocrx_word' id='word_1_322' title='bbox 809 2682 1111 2739; x_wconf 85' lang='lat' dir='ltr'><em>dedicavitque</em></span> <span class='ocrx_word' id='word_1_323' title='bbox 1131 2683 1220 2724; x_wconf 82' lang='lat' dir='ltr'><em>vita</em></span> <span class='ocrx_word' id='word_1_324' title='bbox 1240 2686 1306 2733; x_wconf 87' lang='lat'><em>19,</em></span> <span class='ocrx_word' id='word_1_325' title='bbox 1338 2682 1583 2724; x_wconf 88' lang='lat' dir='ltr'><em>Pausanias</em></span> <span class='ocrx_word' id='word_1_326' title='bbox 1607 2686 1643 2732; x_wconf 81' lang='lat'><em>7,</em></span> <span class='ocrx_word' id='word_1_327' title='bbox 1664 2685 1733 2732; x_wconf 81' lang='lat'><em>20,</em></span> <span class='ocrx_word' id='word_1_328' title='bbox 1756 2685 1792 2724; x_wconf 88' lang='lat'><em>6.</em></span> <span class='ocrx_word' id='word_1_329' title='bbox 1842 2683 1913 2724; x_wconf 87' lang='lat' dir='ltr'><em>Ex</em></span> <span class='ocrx_word' id='word_1_330' title='bbox 1937 2682 2106 2737; x_wconf 80' lang='lat' dir='ltr'><em>Regilla</em></span> 
     </span>
     <span class='ocr_line' id='line_1_37' title="bbox 389 2750 2103 2807; baseline 0.002 -16"><span class='ocrx_word' id='word_1_331' title='bbox 389 2765 525 2792; x_wconf 83' lang='lat' dir='ltr'><em>uxore</em></span> <span class='ocrx_word' id='word_1_332' title='bbox 564 2757 767 2806; x_wconf 88' lang='lat' dir='ltr'><em>quattuor</em></span> <span class='ocrx_word' id='word_1_333' title='bbox 807 2750 963 2792; x_wconf 88' lang='lat' dir='ltr'><em>liberos</em></span> <span class='ocrx_word' id='word_1_334' title='bbox 1003 2751 1121 2793; x_wconf 88' lang='lat' dir='ltr'><em>tulit:</em></span> <span class='ocrx_word' id='word_1_335' title='bbox 1167 2752 1208 2805; x_wconf 92' lang='lat'><em>1)</em></span> <span class='ocrx_word' id='word_1_336' title='bbox 1250 2751 1434 2807; x_wconf 89' lang='lat' dir='ltr'><em>Appiam</em></span> <span class='ocrx_word' id='word_1_337' title='bbox 1465 2750 1652 2793; x_wconf 89' lang='lat' dir='ltr'><em>Anniam</em></span> <span class='ocrx_word' id='word_1_338' title='bbox 1682 2750 1861 2793; x_wconf 89' lang='lat' dir='ltr'><em>Atiliam</em></span> <span class='ocrx_word' id='word_1_339' title='bbox 1891 2751 2103 2806; x_wconf 89' lang='lat' dir='ltr'><em>Regillam</em></span> 
     </span>
     <span class='ocr_line' id='line_1_38' title="bbox 388 2818 2103 2876; baseline 0.002 -17"><span class='ocrx_word' id='word_1_340' title='bbox 388 2818 613 2873; x_wconf 88' lang='lat' dir='ltr'><em>Elpinicen</em></span> <span class='ocrx_word' id='word_1_341' title='bbox 635 2819 918 2874; x_wconf 86' lang='lat' dir='ltr'><em>Agrippinam</em></span> <span class='ocrx_word' id='word_1_342' title='bbox 940 2819 1110 2861; x_wconf 90' lang='lat' dir='ltr'><em>Atriam</em></span> <span class='ocrx_word' id='word_1_343' title='bbox 1132 2819 1308 2874; x_wconf 81' lang='lat' dir='ltr'><em>Pollam,</em></span> <span class='ocrx_word' id='word_1_344' title='bbox 1342 2822 1386 2873; x_wconf 82' lang='lat'><em>2)</em></span> <span class='ocrx_word' id='word_1_345' title='bbox 1418 2819 1641 2861; x_wconf 88' lang='lat' dir='ltr'><em>Tiberium</em></span> <span class='ocrx_word' id='word_1_346' title='bbox 1662 2818 1890 2861; x_wconf 85' lang='lat' dir='ltr'><em>Claudium</em></span> <span class='ocrx_word' id='word_1_347' title='bbox 1912 2819 2103 2876; x_wconf 92' lang='lat' dir='ltr'><em>Appium</em></span> 
     </span>
     <span class='ocr_line' id='line_1_39' title="bbox 388 2885 2104 2942; baseline 0.001 -14"><span class='ocrx_word' id='word_1_348' title='bbox 388 2885 570 2928; x_wconf 91' lang='lat' dir='ltr'><em>Atilium</em></span> <span class='ocrx_word' id='word_1_349' title='bbox 591 2887 808 2929; x_wconf 88' lang='lat' dir='ltr'><em>Braduam</em></span> <span class='ocrx_word' id='word_1_350' title='bbox 831 2887 1049 2942; x_wconf 84' lang='lat' dir='ltr'><em>Regillum</em></span> <span class='ocrx_word' id='word_1_351' title='bbox 1070 2888 1263 2930; x_wconf 89' lang='lat' dir='ltr'><em>Atticum</em></span> <span class='ocrx_word' id='word_1_352' title='bbox 1284 2889 1369 2930; x_wconf 84' lang='lat' dir='ltr'><em>sive</em></span> <span class='ocrx_word' id='word_1_353' title='bbox 1389 2888 1447 2930; x_wconf 93' lang='lat' dir='ltr'><em>M.</em></span> <span class='ocrx_word' id='word_1_354' title='bbox 1469 2887 1651 2930; x_wconf 88' lang='lat' dir='ltr'><em>Atilium</em></span> <span class='ocrx_word' id='word_1_355' title='bbox 1669 2886 1865 2930; x_wconf 89' lang='lat' dir='ltr'><em>Atticum</em></span> <span class='ocrx_word' id='word_1_356' title='bbox 1886 2888 2104 2930; x_wconf 85' lang='lat' dir='ltr'><em>Braduam</em></span> 
     </span>
     <span class='ocr_line' id='line_1_40' title="bbox 389 2954 2103 3009; baseline 0.002 -14"><span class='ocrx_word' id='word_1_357' title='bbox 389 2954 617 3009; x_wconf 80' lang='lat' dir='ltr'><em>Regillum,</em></span> <span class='ocrx_word' id='word_1_358' title='bbox 651 2956 695 3008; x_wconf 87' lang='lat'><em>3)</em></span> <span class='ocrx_word' id='word_1_359' title='bbox 726 2955 934 2997; x_wconf 87' lang='lat' dir='ltr'><em>Marciam</em></span> <span class='ocrx_word' id='word_1_360' title='bbox 966 2955 1194 2998; x_wconf 83' lang='lat' dir='ltr'><em>Claudiam</em></span> <span class='ocrx_word' id='word_1_361' title='bbox 1224 2955 1390 2998; x_wconf 91' lang='lat' dir='ltr'><em>Alciam</em></span> <span class='ocrx_word' id='word_1_362' title='bbox 1421 2955 1666 2998; x_wconf 81' lang='lat' dir='ltr'><em>Athenaida</em></span> <span class='ocrx_word' id='word_1_363' title='bbox 1696 2955 1930 2999; x_wconf 81' lang='lat' dir='ltr'><em>Gavidiam</em></span> <span class='ocrx_word' id='word_1_364' title='bbox 1959 2956 2103 2998; x_wconf 89' lang='lat' dir='ltr'><em>Latia-</em></span> 
     </span>
     <span class='ocr_line' id='line_1_41' title="bbox 390 3022 2103 3078; baseline 0.002 -15"><span class='ocrx_word' id='word_1_365' title='bbox 390 3037 501 3075; x_wconf 87' lang='lat' dir='ltr'><em>rem,</em></span> <span class='ocrx_word' id='word_1_366' title='bbox 543 3023 587 3076; x_wconf 84' lang='lat'><em>4)</em></span> <span class='ocrx_word' id='word_1_367' title='bbox 617 3022 667 3064; x_wconf 92' lang='lat' dir='ltr'><em>L.</em></span> <span class='ocrx_word' id='word_1_368' title='bbox 699 3022 929 3065; x_wconf 82' lang='lat' dir='ltr'><em>Claudium</em></span> <span class='ocrx_word' id='word_1_369' title='bbox 956 3023 1197 3066; x_wconf 88' lang='lat' dir='ltr'><em>Vibullium</em></span> <span class='ocrx_word' id='word_1_370' title='bbox 1235 3023 1452 3078; x_wconf 88' lang='lat' dir='ltr'><em>Regillum</em></span> <span class='ocrx_word' id='word_1_371' title='bbox 1490 3023 1730 3077; x_wconf 82' lang='lat' dir='ltr'><em>Herodem3</em></span> <span class='ocrx_word' id='word_1_372' title='bbox 1771 3024 1844 3077; x_wconf 79' lang='lat' dir='ltr'><em>qui</em></span> <span class='ocrx_word' id='word_1_373' title='bbox 1872 3023 1998 3066; x_wconf 86' lang='lat' dir='ltr'><em>liberi</em></span> <span class='ocrx_word' id='word_1_374' title='bbox 2024 3037 2103 3078; x_wconf 77' lang='lat' dir='ltr'><em>quo</em></span> 
     </span>
     <span class='ocr_line' id='line_1_42' title="bbox 391 3089 2104 3148; baseline 0.002 -18"><span class='ocrx_word' id='word_1_375' title='bbox 391 3089 536 3131; x_wconf 88' lang='lat' dir='ltr'><em>ordine</em></span> <span class='ocrx_word' id='word_1_376' title='bbox 563 3090 658 3131; x_wconf 89' lang='lat' dir='ltr'><em>nati</em></span> <span class='ocrx_word' id='word_1_377' title='bbox 685 3090 782 3140; x_wconf 87' lang='lat' dir='ltr'><em>sint,</em></span> <span class='ocrx_word' id='word_1_378' title='bbox 812 3104 897 3132; x_wconf 90' lang='lat' dir='ltr'><em>non</em></span> <span class='ocrx_word' id='word_1_379' title='bbox 927 3094 1099 3133; x_wconf 86' lang='lat' dir='ltr'><em>constat.</em></span> <span class='ocrx_word' id='word_1_380' title='bbox 1159 3092 1261 3133; x_wconf 94' lang='lat' dir='ltr'><em>Duo</em></span> <span class='ocrx_word' id='word_1_381' title='bbox 1291 3098 1390 3134; x_wconf 88' lang='lat' dir='ltr'><em>ante</em></span> <span class='ocrx_word' id='word_1_382' title='bbox 1420 3091 1600 3134; x_wconf 84' lang='lat' dir='ltr'><em>matrem</em></span> <span class='ocrx_word' id='word_1_383' title='bbox 1635 3091 1792 3133; x_wconf 89' lang='lat' dir='ltr'><em>mortui</em></span> <span class='ocrx_word' id='word_1_384' title='bbox 1832 3098 1950 3146; x_wconf 87' lang='lat' dir='ltr'><em>sunt,</em></span> <span class='ocrx_word' id='word_1_385' title='bbox 1993 3105 2104 3148; x_wconf 87' lang='lat' dir='ltr'><em>quae</em></span> 
     </span>
     <span class='ocr_line' id='line_1_43' title="bbox 390 3157 2104 3215; baseline 0.002 -17"><span class='ocrx_word' id='word_1_386' title='bbox 390 3157 498 3198; x_wconf 86' lang='lat' dir='ltr'><em>duos</em></span> <span class='ocrx_word' id='word_1_387' title='bbox 539 3158 786 3213; x_wconf 87' lang='lat' dir='ltr'><em>superstites</em></span> <span class='ocrx_word' id='word_1_388' title='bbox 831 3158 1006 3215; x_wconf 80' lang='lat' dir='ltr'><em>reliquit</em></span> <span class='ocrx_word' id='word_1_389' title='bbox 1046 3162 1072 3203; x_wconf 87' lang='lat' dir='ltr'><em>t.</em></span> <span class='ocrx_word' id='word_1_390' title='bbox 1110 3161 1163 3201; x_wconf 89' lang='grc'><em>18</em></span> <span class='ocrx_word' id='word_1_391' title='bbox 1201 3173 1238 3203; x_wconf 85' lang='lat' dir='ltr'><em>v.</em></span> <span class='ocrx_word' id='word_1_392' title='bbox 1264 3162 1328 3211; x_wconf 84' lang='lat'><em>15,</em></span> <span class='ocrx_word' id='word_1_393' title='bbox 1375 3159 1534 3202; x_wconf 81' lang='lat' dir='ltr'><em>scilicet</em></span> <span class='ocrx_word' id='word_1_394' title='bbox 1572 3159 1799 3213; x_wconf 84' lang='lat' dir='ltr'><em>Elpinicen</em></span> <span class='ocrx_word' id='word_1_395' title='bbox 1839 3162 1878 3201; x_wconf 89' lang='lat' dir='ltr'><em>et</em></span> <span class='ocrx_word' id='word_1_396' title='bbox 1914 3159 2104 3202; x_wconf 84' lang='lat' dir='ltr'><em>Atticum</em></span> 
     </span>
     <span class='ocr_line' id='line_1_44' title="bbox 390 3224 2107 3283; baseline 0.001 -17"><span class='ocrx_word' id='word_1_397' title='bbox 390 3224 626 3266; x_wconf 87' lang='lat' dir='ltr'><em>Braduam.</em></span> <span class='ocrx_word' id='word_1_398' title='bbox 686 3225 902 3267; x_wconf 87' lang='lat' dir='ltr'><em>Herodem</em></span> <span class='ocrx_word' id='word_1_399' title='bbox 943 3242 1075 3283; x_wconf 87' lang='lat' dir='ltr'><em>supra</em></span> <span class='ocrx_word' id='word_1_400' title='bbox 1112 3227 1289 3269; x_wconf 89' lang='lat' dir='ltr'><em>modum</em></span> <span class='ocrx_word' id='word_1_401' title='bbox 1327 3234 1507 3270; x_wconf 89' lang='lat' dir='ltr'><em>mortem</em></span> <span class='ocrx_word' id='word_1_402' title='bbox 1537 3227 1614 3268; x_wconf 91' lang='lat' dir='ltr'><em>filii</em></span> <span class='ocrx_word' id='word_1_403' title='bbox 1645 3227 1818 3282; x_wconf 70' lang='lat' dir='ltr'><em>(scilieet</em></span> <span class='ocrx_word' id='word_1_404' title='bbox 1846 3227 1897 3269; x_wconf 87' lang='lat' dir='ltr'><em>L.</em></span> <span class='ocrx_word' id='word_1_405' title='bbox 1926 3226 2107 3270; x_wconf 81' lang='lat' dir='ltr'><em>Claudii</em></span> 
     </span>
     <span class='ocr_line' id='line_1_45' title="bbox 396 3292 2104 3352; baseline 0.002 -18"><span class='ocrx_word' id='word_1_406' title='bbox 396 3292 571 3335; x_wconf 88' lang='lat' dir='ltr'><em>Vibullii</em></span> <span class='ocrx_word' id='word_1_407' title='bbox 583 3292 755 3346; x_wconf 76' lang='lat' dir='ltr'><em>Reyilli)</em></span> <span class='ocrx_word' id='word_1_408' title='bbox 777 3292 993 3348; x_wconf 89' lang='lat' dir='ltr'><em>lugentem</em></span> <span class='ocrx_word' id='word_1_409' title='bbox 1018 3296 1153 3337; x_wconf 90' lang='lat' dir='ltr'><em>irrisit</em></span> <span class='ocrx_word' id='word_1_410' title='bbox 1167 3295 1397 3338; x_wconf 85' lang='lat' dir='ltr'><em>Demonax</em></span> <span class='ocrx_word' id='word_1_411' title='bbox 1416 3294 1693 3352; x_wconf 86' lang='lat' dir='ltr'><em>philosophus</em></span> <span class='ocrx_word' id='word_1_412' title='bbox 1708 3295 1888 3337; x_wconf 88' lang='lat' dir='ltr'><em>Lucian.</em></span> <span class='ocrx_word' id='word_1_413' title='bbox 1905 3294 2026 3338; x_wconf 87' lang='lat' dir='ltr'><em>Dem.</em></span> <span class='ocrx_word' id='word_1_414' title='bbox 2046 3297 2104 3338; x_wconf 79' lang='lat'><em>25</em></span> 
     </span>
     <span class='ocr_line' id='line_1_46' title="bbox 391 3359 2102 3417; baseline 0.003 -16"><span class='ocrx_word' id='word_1_415' title='bbox 391 3361 482 3416; x_wconf 86' lang='lat' dir='ltr'><em>(ubi</em></span> <span class='ocrx_word' id='word_1_416' title='bbox 503 3373 594 3401; x_wconf 91' lang='lat' dir='ltr'><em>cum</em></span> <span class='ocrx_word' id='word_1_417' title='bbox 625 3359 787 3402; x_wconf 86' lang='lat' dir='ltr'><em>Vorstio</em></span> <span class='ocrx_word' id='word_1_418' title='bbox 810 3375 894 3415; x_wconf 87' lang='lat' dir='ltr'><em>pro</em></span> <span class='ocrx_word' id='word_1_419' title='bbox 915 3364 935 3404; x_wconf 85' lang='grc' dir='ltr'>ὁ</span> <span class='ocrx_word' id='word_1_420' title='bbox 959 3361 1122 3414; x_wconf 84' lang='grc' dir='ltr'>δἀὐτός,</span> <span class='ocrx_word' id='word_1_421' title='bbox 1153 3362 1201 3405; x_wconf 91' lang='lat' dir='ltr'><em>id</em></span> <span class='ocrx_word' id='word_1_422' title='bbox 1226 3363 1337 3416; x_wconf 81' lang='lat' dir='ltr'><em>quod</em></span> <span class='ocrx_word' id='word_1_423' title='bbox 1363 3363 1479 3405; x_wconf 89' lang='lat' dir='ltr'><em>nullo</em></span> <span class='ocrx_word' id='word_1_424' title='bbox 1508 3362 1629 3405; x_wconf 88' lang='lat' dir='ltr'><em>modo</em></span> <span class='ocrx_word' id='word_1_425' title='bbox 1658 3362 1768 3416; x_wconf 83' lang='lat' dir='ltr'><em>ferri</em></span> <span class='ocrx_word' id='word_1_426' title='bbox 1787 3366 1938 3417; x_wconf 86' lang='lat' dir='ltr'><em>potest,</em></span> <span class='ocrx_word' id='word_1_427' title='bbox 1971 3376 2102 3406; x_wconf 81' lang='lat' dir='ltr'><em>emen-</em></span> 
     </span>
    </p>
   </div>
  </div>
 </body>
</html>
