2202 3730
110 294 358 331 cARRINAs
972 287 1054 331 307
1609 292 1913 333 GASCELLIVS

111 425 194 468 377
226 430 473 467 CARRINAS
505 430 681 478 CELER,
715 431 888 469 senator
915 431 1144 467 accusante
1165 439 1290 466 servo
1311 424 1545 466 maiestatis
1566 424 1679 466 inter
1703 438 1800 466 reos
1828 437 1915 465 non

195 499 395 549 receptus
424 499 488 535 est
518 493 617 535 Tac.
640 507 680 537 a.
699 496 766 544 13,
788 496 856 535 10.

113 561 197 603 378
228 559 432 603 Carrinas
474 560 722 615 Secundus,
765 561 911 603 rhetor
948 576 974 603 a
1014 562 1146 615 Gaio,
1190 562 1294 617 quia
1334 566 1484 603 contra
1527 556 1734 616 tyrannos
1778 557 1917 601 decla-

197 635 403 683 maverat,
436 630 481 670 in
512 628 689 671 exilium
717 629 868 685 pulsus
887 628 976 671 Dio
995 632 1065 679 59,
1085 632 1169 680 20;
1198 653 1251 658 -
1280 653 1334 659 -
1364 629 1523 671 ‘exitus
1553 627 1743 674 Secundi
1763 626 1916 673 Carri-

195 698 332 751 natis3
364 703 406 739 et
424 697 540 739 hunc
560 698 732 753 inopem
753 697 923 739 vidistis
941 697 1140 739 Athenae
1169 696 1231 738 nil
1261 702 1432 753 praeter
1461 695 1627 751 gelidas
1657 710 1788 738 ausae
1817 709 1915 736 con-

195 765 309 808 ferre
330 767 507 808 cicutas’
531 766 722 808 Juvenal.
742 770 824 808 sat.
845 770 884 817 7,
905 769 989 808 204
1007 779 1108 820 sqq„
1131 766 1223 811 Sec.
1246 766 1451 808 Carrinas
1473 765 1679 819 (traditur
1699 766 1916 819 Socrates)

195 849 362 876 veneno
394 835 532 890 periit,
566 849 665 876 cum
694 834 867 889 fugeret
896 840 1194 891 paupertatem
1221 833 1348 878 schol.
1380 833 1466 878 ibd.

109 907 193 950 379
224 907 429 950 Carrinas
461 907 707 962 Secundus,
748 922 906 962 graeca
935 908 1132 950 doctrina
1162 923 1236 950 ore
1265 914 1391 950 tenus
1421 908 1660 960 exercitus,
1690 923 1717 950 a
1745 907 1918 950 Nerone

194 991 232 1020 a.
264 977 320 1018 64
361 991 461 1018 cum
490 975 651 1018 Acrato
691 976 735 1017 in
765 976 914 1018 Asiam
956 982 998 1017 et
1025 975 1236 1018 Achaiam
1275 977 1431 1018 missus
1460 975 1516 1017 ad
1546 976 1793 1032 provincias
1824 990 1918 1033 spo·

195 1043 362 1086 liandas
398 1044 497 1086 Tac.
525 1058 565 1086 a.
587 1046 652 1094 15,
673 1046 740 1086 45.
789 1043 935 1085 Filius
961 1043 1125 1086 videtur
1155 1044 1245 1085 eius
1278 1045 1351 1098 qui
1371 1043 1604 1098 praecedit.
1661 1043 1729 1098 Cf.
1759 1059 1802 1086 n.
1821 1047 1917 1086 376.

112 1117 197 1160 380
228 1124 489 1160 CARSIDIVS
522 1123 791 1172 SACERDOS,
832 1132 871 1161 a.
901 1118 956 1160 23
986 1132 1085 1159 reus
1116 1125 1336 1174 tamquam
1370 1118 1584 1160 frumento
1613 1118 1780 1161 hostem
1809 1117 1917 1160 Tac-

195 1186 422 1228 farinatem
454 1186 649 1240 iuvisset,
681 1185 904 1227 absolutus
935 1192 1000 1227 est
1034 1186 1133 1228 Tae.
1156 1201 1195 1230 a.
1221 1189 1261 1236 4,
1284 1189 1361 1238 13,·
1390 1186 1643 1241 [Cars]idius
1674 1185 1917 1241 Sa[cerdos]

196 1253 323 1309 [urb.]
356 1254 565 1311 (praetor)
596 1269 633 1296 a.
665 1254 719 1296 27
751 1254 860 1308 fasti
882 1253 1109 1295 Arvalium
1147 1253 1252 1296 OIL
1269 1254 1323 1296 12
1349 1268 1394 1308 p.
1419 1257 1494 1306 71,·
1522 1255 1762 1311 praetorius
1791 1269 1830 1298 a.
1862 1253 1916 1295 37

195 1329 243 1365 ut
271 1323 468 1365 minister
499 1329 746 1379 stuprorum
768 1321 1013 1364 Albucillae
1042 1323 1086 1363 in
1117 1321 1303 1364 insulam
1331 1323 1582 1379 deportatus
1606 1323 1704 1367 Tac.
1727 1337 1766 1364 a.
1792 1326 1829 1373 6,
1850 1324 1919 1364 48.

109 1397 189 1440 381
224 1396 444 1452 Oai-tilius,
475 1398 570 1439 iure
590 1395 823 1451 consultus,
847 1397 917 1438 cui
940 1395 1150 1438 Proculus
1171 1411 1372 1438 assensus
1395 1402 1460 1439 est
1477 1396 1736 1452 Pomponius
1753 1395 1918 1451 Diyest.

194 1467 264 1516 28,
286 1467 325 1516 5,
349 1468 415 1516 70,
447 1466 605 1507 citatur
635 1465 689 1507 ab
720 1464 908 1519 leiano
938 1464 1024 1508 ibcl.
1045 1468 1111 1515 13,
1134 1467 1173 1515 6,
1193 1467 1232 1515 5,
1254 1468 1319 1507 13.

107 1539 192 1582 382
222 1539 555 1594 Cartimandua,
593 1540 744 1594 regina
783 1539 1063 1597 Brigantum,
1105 1554 1218 1581 uxor
1247 1539 1448 1593 Venutii,
1487 1554 1572 1596 quo
1603 1545 1747 1595 spreto
1779 1537 1921 1581 Vello-

194 1614 337 1650 catum
375 1608 636 1662 armigerum
676 1608 767 1650 eius
807 1608 852 1649 in
894 1608 1215 1650 matrimonium
1261 1621 1531 1664 regnumque
1571 1608 1763 1664 accepit3
1804 1606 1921 1649 unde

197 1675 357 1718 bellum
387 1676 640 1718 intestinum
671 1682 812 1718 ortum
844 1682 908 1718 est
941 1676 1040 1718 Tac.
1072 1690 1113 1718 a.
1144 1679 1214 1726 12,
1243 1679 1310 1718 36.
1338 1679 1402 1726 40,
1434 1676 1474 1718 h.
1501 1679 1541 1727 3,
1571 1678 1637 1719 45.

108 1756 194 1798 383
226 1755 442 1799 Carvilius
482 1756 630 1798 Pictor
670 1755 907 1810 (Carbilius
947 1755 1165 1810 traditur),
1208 1757 1331 1798 cuius
1372 1762 1438 1798 est
1466 1755 1577 1798 liber
1606 1757 1651 1798 in
1678 1755 1922 1811 Vergilium

197 1825 384 1881 scriptus
414 1823 538 1866 titulo
569 1823 879 1866 Aeneomastix
904 1823 1073 1866 Donati
1099 1824 1171 1866 vit.
1204 1823 1381 1879 Veryilii
1398 1839 1448 1879 p.
1466 1826 1518 1867 65
1548 1824 1721 1868 Sueten.
1750 1823 1827 1867 rel.
1857 1823 1920 1867 ed.

197 1891 530 1944 Reifferscheid5
559 1892 913 1948 Vergiliomastix
937 1893 1102 1942 ,citatur
1132 1892 1249 1936 Serv.
1282 1892 1340 1935 ad
1368 1892 1440 1935 ecl.
1471 1896 1514 1944 2,
1540 1895 1612 1936 23.

112 1973 197 2015 884
228 1972 379 2027 Carus,
418 1979 547 2028 poeta
575 1960 629 2015 et
648 1974 813 2015 amicus
843 1971 1017 2027 Ovidii,
1058 1972 1115 2014 ad
1145 1987 1271 2028 quem
1304 1973 1475 2029 scripsit
1502 1972 1677 2016 Ovidius
1706 1986 1757 2015 ex
1785 1972 1922 2015 Ponto

196 2043 236 2091 4,
267 2043 344 2092 13,·
380 2042 585 2096 magister
622 2040 813 2083 filiorum
843 2042 1091 2086 Germanici
1127 2040 1212 2084 ibcl.
1243 2055 1281 2083 v.
1309 2044 1365 2084 46
1374 2054 1388 2092 ;
1425 2041 1480 2083 de
1519 2040 1710 2083 Hercule
1750 2055 1922 2083 carmen

196 2110 420 2165 pepigerat
448 2109 534 2153 ibd.
554 2123 590 2154 v.
613 2113 666 2153 11
693 2113 733 2152 et
762 2124 812 2152 ex
835 2109 973 2152 Ponto
991 2112 1030 2160 4,
1053 2112 1119 2159 16,
1145 2112 1182 2151 7.
1232 2108 1307 2151 Ad
1325 2108 1500 2151 eundem
1518 2110 1736 2164 scripSisse
1758 2108 1924 2151 videtur

201 2176 376 2220 Ovidius
405 2177 532 2220 Trist.
552 2181 591 2228 3,
611 2178 639 2221 5
669 2178 723 2232 ef.
754 2192 792 2220 v.
811 2181 866 2220 16
886 2191 945 2232 sq.
976 2180 1016 2220 et
1045 2191 1095 2219 ex
1124 2177 1262 2220 Ponto
1286 2181 1326 2228 4,
1348 2180 1414 2228 13,
1436 2180 1476 2220 9.

113 2255 389 2312 385-Carus,
431 2263 559 2313 poeta
597 2264 737 2300 aetate
775 2257 1015 2300 Domitiani
1054 2270 1192 2312 agone
1220 2256 1391 2299 Albano
1433 2262 1664 2299 coronatus
1695 2255 1924 2322 Martialis

198 2328 238 2375 9,
270 2328 340 2369 23.
370 2328 441 2376 24,
473 2327 549 2382 qui
588 2325 644 2367 ad
683 2340 780 2368 eum
822 2326 994 2382 scripsit
1024 2331 1066 2367 et
1095 2325 1226 2379 epiqr.
1256 2328 1296 2376 9,
1325 2328 1379 2368 54
1389 2338 1403 2376 ,·
1436 2325 1546 2367 idem
1583 2324 1747 2367 videtur
1786 2324 1923 2368 Carus

200 2395 332 2447 (pars
361 2393 573 2436 codicum:
601 2393 787 2451 Carpus)
816 2394 998 2436 maritus
1028 2392 1258 2435 Norbanae
1290 2393 1346 2435 id.
1374 2396 1411 2444 7,
1435 2396 1500 2444 74,
1526 2396 1564 2435 7.

115 2474 198 2516 386
230 2472 382 2527 Carus,
414 2474 489 2530 qui
524 2472 644 2515 febre
673 2474 804 2530 periit
834 2473 1037 2516 Martial.
1067 2476 1134 2523 10,
1168 2475 1246 2524 77;
1284 2472 1469 2515 medicus
1508 2473 1640 2526 fuisse
1671 2470 1837 2514 videtur
1866 2472 1921 2525 cf.

199 2556 306 2596 quae
337 2541 555 2585 adnotavit
583 2541 887 2585 Friedlander.

126 2635 183 2640 --
227 2609 439 2652 Aemilius
469 2609 621 2653 Carus.

127 2703 184 2708 —
224 2685 269 2722 L.
299 2685 541 2720 AEMILIVS
573 2684 745 2721 CARVS.

128 2770 185 2776 —
230 2753 331 2790 IMP.
364 2752 560 2788 CAESAR
589 2753 643 2789 M.
672 2752 925 2788 AVRELIVS
958 2752 1117 2788 CARVS
1147 2751 1261 2787 AVG.

128 2838 184 2844 —
227 2815 364 2858 Iulius
392 2815 544 2859 Carus.

137 2906 186 2913 ·—
229 2889 277 2926 D.
307 2890 475 2926 IVNIVS
505 2889 676 2927 CARVS.

128 2977 186 2982 —
227 2952 407 2995 Mettius
438 2952 592 2996 Carus.

128 3045 185 3050 —
231 3028 272 3063 C.
302 3026 527 3063 POPILIVS
559 3025 718 3062 CARVS
748 3026 893 3062 PEDO.

129 3114 186 3118 —
231 3095 438 3132 SALVIVS
470 3094 643 3131 CARVS.

129 3182 186 3187 —-
228 3164 273 3199 L.
305 3162 512 3199 SALVIVS
546 3162 719 3199 CARVS.

128 3249 188 3257 -—
232 3231 373 3268 SEIVS
404 3231 576 3269 CARVS.

116 3294 199 3337 387
233 3299 549 3336 CASCELLIVS.
614 3292 781 3336 Titulus
818 3292 858 3334 ei
886 3292 1053 3346 positus
1092 3294 1153 3333 est
1181 3291 1462 3334 Marruvinus
1492 3291 1572 3334 IX
1596 3293 1703 3333 3666
1742 3292 1796 3333 ab
1835 3303 1923 3332 una

199 3366 328 3417 parte
355 3362 478 3405 hodie
506 3361 692 3404 mutilus.
1575 3426 1649 3462 20*
