2202 3730
285 313 534 350 ANTONIVS
1147 303 1228 345 102
1808 357 1811 361 Ι
1831 309 2082 346 ANTONIVS

454 444 542 486 Sub
572 443 738 485 nomine
760 441 943 483 Antonii
961 440 1116 482 Musae
1145 439 1341 492 feruntur
1371 438 1534 480 libellus
1563 438 1617 480 de
1647 439 1809 482 tuenda
1836 440 2083 485 valetudine

369 512 423 554 ad
444 512 735 552 Maecenatem
761 509 824 562 (in
846 508 1001 550 Musae
1022 507 1202 549 editione
1228 506 1414 548 Galdani
1434 521 1482 560 p.
1503 509 1714 557 105-117,
1744 507 1854 550 idem
1882 509 2085 561 repetitur

370 579 484 633 apud
514 577 768 620 Marcellum
797 576 1063 630 Empiricuni
1093 589 1141 629 p.
1171 577 1311 616 9—13
1345 574 1407 616 ed.
1436 574 1678 617 Helmreich
1706 576 1781 618 sub
1811 576 2084 630 inscriptione

372 646 570 702 ‘epistula
609 645 693 686 alia
733 643 926 685 eiusdem
966 643 1243 699 Hippocratis
1283 657 1340 684 ex
1369 643 1536 686 Graeco
1576 642 1783 686 translata
1821 643 1877 685 ad
1915 644 2081 686 Maece-

367 714 547 767 natem’)
579 716 617 755 et
641 713 687 754 in
707 712 830 754 libris
848 725 978 753 manu
996 711 1167 765 scriptis
1185 710 1239 752 de
1260 710 1394 752 herba
1413 710 1615 753 betonica
1632 711 1876 765 praemissa
1905 711 2086 766 epistula

368 782 425 824 acl
454 781 520 823 M.
550 781 811 834 Ayrippam,
849 779 902 832 cf.
940 778 1341 832 ,Teuffel-Schwabe,
1382 778 1606 821 Romische
1634 779 2084 834 Ia’teraturyeschichte

370 865 417 904 p.
443 850 562 892 6215.

282 919 360 960 681
404 918 455 959 L.
496 917 711 959 Antonius
750 916 866 957 Naso
906 917 1164 957 memoratur
1201 915 1247 957 in
1286 917 1314 957 t.
1346 914 1578 969 Bithyniae
1607 915 1696 958 III
1726 915 1773 959 S.
1804 918 1913 959 6993
1941 917 2084 971 posito

368 999 477 1027 anno
509 987 574 1034 78,
605 985 651 1026 in
678 983 858 1025 numinis
887 982 1118 1037 Bithyniae
1154 982 1197 1037 a)
1227 983 1274 1024 in
1293 985 1426 1037 parte
1454 982 1632 1025 adversa
1662 997 1754 1025 cuni
1783 984 1921 1038 capite
1949 987 1990 1026 et
2019 985 2084 1027 in-

365 1053 590 1106 scriptione
621 1051 891 1106 Vespasiani,
933 1051 980 1092 in
1010 1064 1180 1093 aversa:
1219 1052 1283 1093 ἐπὶ
1321 1051 1368 1093 Λ.
1401 1049 1611 1094 Ἀντωνίου
1641 1050 1833 1098 Νάσωνος
1861 1052 2083 1109 ἐπιτρόπου,

366 1121 532 1164 Βιθυνία
565 1119 727 1161 Eckhel
758 1119 820 1161 II
844 1133 891 1172 p.
922 1122 1026 1169 404,
1068 1113 1142 1161 ἐπῖ
1169 1119 1336 1161 Λουκίου
1378 1117 1590 1162 Ἀντωνίου
1630 1118 1821 1166 Νάσωνος
1860 1120 2082 1178 ἐπιτρόπου,

364 1190 529 1233 Βιθυνία
565 1188 611 1230 in
650 1187 833 1241 exemplo
872 1187 1125 1229 Monacensi
1160 1187 1365 1241 descripto
1395 1187 1450 1230 ab
1482 1186 1873 1242 Inihoof-Blumer;
1918 1189 1960 1245 b)
1990 1202 2084 1231 cum

365 1258 500 1312 capite
525 1256 769 1299 Domitiani
794 1256 1006 1307 Caesaris,
1037 1257 1085 1298 in
1115 1270 1264 1299 aversa
1294 1270 1387 1299 cum
1414 1256 1558 1299 eadem
1583 1257 1858 1311 inscriptione
1887 1261 2010 1312 atque
2038 1259 2085 1301 in

368 1327 410 1382 a)
453 1326 664 1380 Boryhesi
706 1340 800 1381 opp.
835 1326 870 1368 I
896 1328 977 1369 509
1021 1326 1148 1381 (male
1190 1326 1392 1380 descripti
1434 1326 1631 1369 Mionnet
1673 1326 1716 1369 V
1735 1341 1784 1381 p.
1814 1329 1916 1378 174,
1955 1329 2081 1377 1012,

376 1395 443 1438 VI
455 1410 502 1450 p.
523 1397 616 1445 687,
647 1393 757 1448 505).

450 1464 500 1505 L.
532 1462 748 1505 Antonius
778 1462 894 1504 Naso
925 1462 1012 1512 tit.,
1043 1462 1228 1514 numini,
1257 1462 1473 1505 Antonius
1504 1462 1619 1505 Naso
1655 1463 1753 1506 Tac.
1785 1462 1825 1505 h.
1858 1465 1898 1514 1,
1929 1465 2002 1506 20.
2029 1487 2087 1492 —

367 1531 589 1574 Tribunus
619 1531 990 1586 praetorianorum
1012 1545 1038 1572 a
1060 1529 1205 1573 Galba
1233 1545 1381 1573 mense
1401 1531 1604 1573 Ianuario
1635 1545 1673 1574 a.
1695 1531 1750 1574 69
1781 1537 2086 1573 exauctoratus

370 1600 467 1642 Tac.
498 1599 524 1641 l.
554 1599 605 1651 l.;
634 1605 890 1656 procurator
918 1599 1176 1655 Vespasiani
1207 1605 1249 1642 et
1278 1600 1367 1642 Titi
1397 1599 1630 1655 Bithyniae
1659 1614 1698 1641 a.
1720 1599 1773 1642 78
1805 1600 1882 1649 tit.,
1910 1599 2084 1642 nummi.

281 1669 363 1711 682
392 1668 607 1710 Antonius
638 1667 815 1722 Natalis,
849 1681 981 1724 eques
1003 1668 1235 1721 Romanus,
1267 1668 1575 1710 coniurationis
1597 1667 1854 1710 Pisonianae
1884 1668 1928 1709 in
1951 1667 2085 1710 Nero-

365 1751 463 1779 nem
494 1737 709 1793 particeps
739 1751 778 1779 a.
810 1737 864 1779 65
901 1735 999 1778 Tac.
1032 1749 1072 1778 a.
1102 1736 1168 1785 15,
1189 1738 1269 1787 50,·
1298 1735 1458 1778 indicio
1485 1736 1785 1792 impunitatem
1814 1736 1971 1779 meruit
1997 1735 2083 1780 ibd.

366 1808 431 1855 15,
458 1807 523 1847 56.
556 1808 621 1847 60.
655 1807 706 1847 71
716 1818 730 1856 ;
758 1804 1004 1846 nominatur
1032 1803 1118 1846 ibd.
1139 1807 1204 1854 15,
1234 1806 1300 1847 54.
1330 1807 1395 1847 55.

281 1874 363 1916 683
393 1873 608 1915 Antonius
629 1872 848 1928 Novellus‚
880 1871 1171 1928 primipilaris,
1203 1887 1315 1915 unus
1341 1888 1398 1915 ex
1427 1871 1612 1915 ducibus
1643 1871 1791 1915 classis
1812 1871 2085 1916 Othonianae

369 1942 466 1985 Tac.
488 1941 528 1984 h.
550 1945 588 1992 1,
610 1944 669 1983 87
675 1954 689 1992 ;
717 1944 761 1992 2,
784 1944 857 1984 12.

292 2036 350 2042 ——
393 2010 470 2065 (M.
501 2009 735 2064 Antonius)
767 2008 924 2052 Pallas.

280 2079 363 2121 684
392 2085 443 2122 Μ.
475 2083 726 2119 ANTONIVS
757 2083 961 2131 PALLAS,
994 2075 1145 2118 consul
1171 2076 1304 2131 (suff.)
1336 2091 1374 2118 a.
1402 2077 1497 2119 167.
1540 2076 1594 2130 Q.
1617 2075 1806 2119 Caecilio
1832 2076 2082 2119 Dentiliano

365 2147 426 2189 M.
457 2146 647 2189 Antonio
679 2145 875 2188 Pallante
905 2160 1004 2201 cos„
1036 2160 1074 2188 a.
1106 2144 1148 2187 d.
1178 2145 1246 2187 III
1275 2160 1373 2187 non.
1403 2145 1507 2188 Mai.
1539 2144 1641 2199 dipl.
1664 2144 1752 2187 mil.
1773 2145 1863 2187 III
1874 2148 1941 2196 46,
1968 2145 2085 2187 Den-

368 2215 515 2257 tiliano
547 2221 589 2257 et
618 2213 814 2258 Pallante
842 2214 970 2258 intus.
2051 2261 2056 2265 ,

280 2284 361 2326 685
391 2283 607 2325 Antonius
637 2281 824 2337 Polemo,
858 2281 1050 2338 sophista
1077 2282 1285 2326 Graecus.
1338 2281 1606 2324 Meinoratur
1633 2282 1680 2324 in
1705 2281 1827 2323 titulo
1848 2281 2085 2336 Smyrnaeo

363 2350 473 2394 OIG
497 2353 606 2393 3148
633 2354 671 2392 et
699 2351 746 2393 in
774 2351 957 2393 nummis
977 2350 1187 2404 Smyrnae
1205 2349 1367 2392 Eclchel
1395 2350 1456 2392 II
1470 2364 1519 2404 p.
1539 2352 1632 2392 554.
1670 2348 1887 2392 Antonius
1907 2349 2083 2392 Polemo

367 2419 655 2461 Philostratus
690 2420 802 2461 vitae
839 2418 956 2473 soph.
996 2421 1035 2469 1,
1067 2420 1138 2469 25,
1170 2420 1197 2461 5
1241 2418 1309 2473 (ex
1348 2418 1530 2472 epistula
1567 2417 1807 2473 Hadriani)
1844 2420 1883 2460 et
1922 2417 2081 2469 titulus,

365 2486 539 2528 Polemo
571 2490 762 2528 ceterum.

450 2554 670 2597 Oriundus
701 2570 757 2596 ex
786 2554 1003 2597 Laodicea
1026 2554 1246 2611 Phrygiae
1276 2553 1446 2611 oppido,
1477 2556 1503 2611 ἡ
1535 2555 1605 2611 μὲν
1638 2555 1686 2611 δὴ
1714 2553 1954 2610 Πολέμωνος
1984 2554 2085 2598 οἰκία

364 2625 501 2665 πολλοὶ
540 2624 676 2665 ὕπατοι
714 2625 779 2666 καὶ
818 2623 874 2666 ἔτι
905 2622 1158 2665 Philostrat.
1189 2626 1227 2673 1,
1257 2625 1326 2673 25,
1359 2626 1397 2665 1.
1451 2622 1524 2664 Ex
1544 2622 1730 2677 posteris
1758 2622 1891 2676 fuisse
1918 2621 2084 2664 videtur

365 2691 635 2732 Polemonum
673 2705 818 2745 reyuni
849 2691 999 2741 Ponti,
1041 2691 1114 2744 qui
1144 2693 1245 2745 post
1277 2704 1452 2745 reynuni
1491 2690 1723 2744 depositum
1747 2690 1915 2744 partim
1951 2689 2085 2733 Olbae

365 2757 437 2812 (cf.
468 2773 508 2802 n.
529 2758 637 2812 687),
662 2760 828 2812 partim
848 2759 1086 2802 Laodiceae
1116 2758 1188 2813 (cf.
1218 2773 1259 2801 n.
1283 2761 1380 2815 704)
1401 2759 1697 2813 principatum
1728 2758 1935 2802 tenebant.
1974 2757 2084 2810 Inde

366 2841 392 2868 a
421 2841 553 2882 puero
584 2826 794 2882 Smyrnae
824 2827 943 2881 degit
968 2826 1119 2883 ibique
1150 2826 1340 2869 scholam
1377 2825 1769 2883 frequentissimam
1798 2825 1944 2868 rhetor
1973 2825 2083 2869 cele-

367 2894 576 2936 berrimus
617 2894 789 2949 habuit3
827 2910 853 2936 a
884 2894 1134 2951 Smyrnaeis
1168 2895 1346 2937 summis
1376 2894 1611 2937 honoribus
1641 2894 1820 2936 affectus
1851 2893 2085 2952 (στρατηγός

365 2962 411 3003 in
451 2963 649 3015 nummis)
696 2977 764 3004 res
808 2962 1005 3018 publicas
1051 2978 1199 3006 eorum
1244 2964 1414 3005 curavit
1458 2969 1500 3005 et
1541 2961 1828 3018 legationibus
1874 2961 2084 3005 obeundis

364 3031 547 3084 gratiam
577 3030 767 3083 Traiani,
800 3031 1026 3086 Hadriani,
1059 3032 1268 3074 Antonini
1308 3032 1613 3087 imperatorum
1643 3031 1808 3072 civitati
1839 3028 2086 3072 conciliavit

367 3097 619 3139 Philostrat.
652 3098 685 3139 I
706 3100 763 3141 25
782 3100 961 3152 passim.
1034 3100 1285 3142 Hadrianus
1315 3114 1402 3142 non
1431 3098 1563 3141 semel
1592 3098 1779 3153 grandes
1809 3098 2014 3155 pecunias
2043 3098 2083 3140 ei

368 3167 411 3206 in
442 3180 566 3207 usum
595 3166 780 3207 civitatis
812 3167 990 3209 donavit
1018 3168 1075 3211 id.
1106 3168 1138 3222 §⁴
1158 3171 1202 3211 2.
1232 3170 1271 3218 5,
1303 3181 1384 3221 quo
1413 3170 1572 3222 spectat
1601 3165 1770 3208 titulus:
1799 3168 1864 3209 καὶ
1893 3166 1968 3209 ὅσα
1996 3167 2083 3219 ἐπε·

366 3233 536 3289 τύχομεν
566 3234 672 3289 παρὰ
700 3239 767 3276 τοῦ
796 3236 928 3290 κυρίου
950 3237 1149 3293 Καίσαρος
1176 3234 1384 3292 (Αδριανοό
1405 3236 1468 3277 διὰ
1490 3234 1700 3277 Ἀντωνίου
1722 3233 1973 3290 Πολέμωνος.
2011 3233 2084 3276 Ab

367 3300 589 3342 Hadriano
621 3302 733 3342 inter
763 3301 929 3343 sodales
960 3304 1096 3344 musei
1126 3302 1414 3345 Alexandrini
1445 3308 1642 3358 receptus
1672 3307 1738 3343 est
1765 3301 1822 3345 id.
1852 3301 1884 3356 §¹
1913 3304 1952 3346 5.
1997 3301 2084 3344 De-

366 3368 538 3410 functus
563 3383 722 3410 annum
744 3382 875 3423 agens
899 3372 1303 3426 quinquagesimum
1334 3376 1507 3412 sextum
1530 3368 1724 3426 sepultus
1745 3375 1810 3412 est
1828 3368 2081 3424 Laodiceae,
