<?xml version="1.0" encoding="UTF-8"?>
<!DOCTYPE html PUBLIC "-//W3C//DTD XHTML 1.0 Transitional//EN"
    "http://www.w3.org/TR/xhtml1/DTD/xhtml1-transitional.dtd">
<html xmlns="http://www.w3.org/1999/xhtml" xml:lang="en" lang="en">
 <head>
  <title>
</title>
<meta http-equiv="Content-Type" content="text/html;charset=utf-8" />
  <meta name='ocr-system' content='tesseract 3.04.00' />
  <meta name='ocr-capabilities' content='ocr_page ocr_carea ocr_par ocr_line ocrx_word'/>
</head>
<body>
  <div class='ocr_page' id='page_1' title='image "./prosopographiaim01akaduoft/prosopographiaim01akaduoft_0260.png"; bbox 0 0 2202 3730; ppageno 0'>
   <div class='ocr_carea' id='block_1_1' title="bbox 312 270 2109 316">
    <p class='ocr_par' dir='ltr' id='par_1_1' title="bbox 312 270 2109 316">
     <span class='ocr_line' id='line_1_1' title="bbox 312 270 2109 316; baseline -0.001 0"><span class='ocrx_word' id='word_1_1' title='bbox 312 278 505 316; x_wconf 86' lang='lat' dir='ltr'><strong>BVRRVS</strong></span> <span class='ocrx_word' id='word_1_2' title='bbox 1174 270 1259 312; x_wconf 85' lang='lat'>244</span> <span class='ocrx_word' id='word_1_3' title='bbox 1943 277 1969 313; x_wconf 90' lang='lat' dir='ltr'>C</span> <span class='ocrx_word' id='word_1_4' title='bbox 1987 303 2109 314; x_wconf 88' lang='grc'><strong>.....</strong></span> 
     </span>
    </p>
   </div>
   <div class='ocr_carea' id='block_1_2' title="bbox 314 340 2077 345">
    <p class='ocr_par' dir='ltr' id='par_1_2' title="bbox 314 340 2077 345">
     <span class='ocr_line' id='line_1_2' title="bbox 314 340 2077 345; baseline 0 0"><span class='ocrx_word' id='word_1_5' title='bbox 314 340 2077 345; x_wconf 95' lang='lat' dir='ltr'> </span> 
     </span>
    </p>
   </div>
   <div class='ocr_carea' id='block_1_3' title="bbox 314 404 2114 733">
    <p class='ocr_par' dir='ltr' id='par_1_3' title="bbox 314 404 2110 595">
     <span class='ocr_line' id='line_1_3' title="bbox 314 404 2109 463; baseline -0.001 -12"><span class='ocrx_word' id='word_1_6' title='bbox 314 410 394 454; x_wconf 86' lang='grc'>153</span> <span class='ocrx_word' id='word_1_7' title='bbox 424 409 610 461; x_wconf 88' lang='lat' dir='ltr'>Burrus,</span> <span class='ocrx_word' id='word_1_8' title='bbox 656 407 907 463; x_wconf 82' lang='grc' dir='ltr'>παιδαγωγὸς</span> <span class='ocrx_word' id='word_1_9' title='bbox 942 409 1010 448; x_wconf 79' lang='grc' dir='ltr'>τοῦ</span> <span class='ocrx_word' id='word_1_10' title='bbox 1051 405 1237 462; x_wconf 86' lang='grc' dir='ltr'>Νέρωνος</span> <span class='ocrx_word' id='word_1_11' title='bbox 1274 406 1376 452; x_wconf 70' lang='grc' dir='ltr'>τάξιν</span> <span class='ocrx_word' id='word_1_12' title='bbox 1406 407 1476 461; x_wconf 88' lang='grc' dir='ltr'>τὴν</span> <span class='ocrx_word' id='word_1_13' title='bbox 1507 410 1585 448; x_wconf 92' lang='grc' dir='ltr'>τῶν</span> <span class='ocrx_word' id='word_1_14' title='bbox 1618 404 1862 462; x_wconf 79' lang='grc' dir='ltr'>Ἑλληνικῶν</span> <span class='ocrx_word' id='word_1_15' title='bbox 1894 407 2109 450; x_wconf 83' lang='grc' dir='ltr'>ἐπιστολῶν</span> 
     </span>
     <span class='ocr_line' id='line_1_4' title="bbox 397 472 2110 531; baseline -0.002 -13"><span class='ocrx_word' id='word_1_16' title='bbox 397 475 702 531; x_wconf 73' lang='grc' dir='ltr'>πεπιστευμένος</span> <span class='ocrx_word' id='word_1_17' title='bbox 734 493 786 508; x_wconf 82' lang='grc'>--</span> <span class='ocrx_word' id='word_1_18' title='bbox 817 473 870 515; x_wconf 89' lang='lat' dir='ltr'>ab</span> <span class='ocrx_word' id='word_1_19' title='bbox 911 472 1104 528; x_wconf 78' lang='lat' dir='ltr'>epistulis</span> <span class='ocrx_word' id='word_1_20' title='bbox 1143 474 1309 527; x_wconf 83' lang='lat' dir='ltr'>graecis</span> <span class='ocrx_word' id='word_1_21' title='bbox 1349 473 1533 515; x_wconf 84' lang='lat' dir='ltr'>Neronis</span> <span class='ocrx_word' id='word_1_22' title='bbox 1572 473 1736 527; x_wconf 73' lang='lat' dir='ltr'>Ioseph.</span> <span class='ocrx_word' id='word_1_23' title='bbox 1777 477 1864 517; x_wconf 77' lang='lat' dir='ltr'>ant.</span> <span class='ocrx_word' id='word_1_24' title='bbox 1898 477 1970 524; x_wconf 91' lang='grc'>20,</span> <span class='ocrx_word' id='word_1_25' title='bbox 2001 476 2041 524; x_wconf 88' lang='grc'>8,</span> <span class='ocrx_word' id='word_1_26' title='bbox 2070 477 2110 516; x_wconf 91' lang='lat'>9.</span> 
     </span>
     <span class='ocr_line' id='line_1_5' title="bbox 394 540 2110 595; baseline -0.001 -10"><span class='ocrx_word' id='word_1_27' title='bbox 394 544 486 585; x_wconf 84' lang='lat' dir='ltr'>Aut</span> <span class='ocrx_word' id='word_1_28' title='bbox 524 543 686 585; x_wconf 84' lang='lat' dir='ltr'>erravit</span> <span class='ocrx_word' id='word_1_29' title='bbox 723 541 926 595; x_wconf 75' lang='lat' dir='ltr'><em>Iosephus</em></span> <span class='ocrx_word' id='word_1_30' title='bbox 964 542 1009 582; x_wconf 78' lang='lat' dir='ltr'>iu</span> <span class='ocrx_word' id='word_1_31' title='bbox 1047 555 1237 591; x_wconf 75' lang='lat' dir='ltr'>munere,</span> <span class='ocrx_word' id='word_1_32' title='bbox 1279 555 1370 583; x_wconf 93' lang='lat' dir='ltr'>cum</span> <span class='ocrx_word' id='word_1_33' title='bbox 1411 541 1460 583; x_wconf 91' lang='lat' dir='ltr'>de</span> <span class='ocrx_word' id='word_1_34' title='bbox 1487 540 1677 595; x_wconf 78' lang='lat' dir='ltr'>Afranio</span> <span class='ocrx_word' id='word_1_35' title='bbox 1715 541 1861 583; x_wconf 89' lang='lat' dir='ltr'>Burro</span> <span class='ocrx_word' id='word_1_36' title='bbox 1891 541 2110 595; x_wconf 76' lang='lat' dir='ltr'>praefecto</span> 
     </span>
    </p>

    <p class='ocr_par' dir='ltr' id='par_1_4' title="bbox 319 608 2114 666">
     <span class='ocr_line' id='line_1_6' title="bbox 319 608 2114 666; baseline -0.002 -13"><span class='ocrx_word' id='word_1_37' title='bbox 319 656 322 658; x_wconf 66' lang='lat'>‚</span> <span class='ocrx_word' id='word_1_38' title='bbox 392 611 613 666; x_wconf 74' lang='lat' dir='ltr'>praetorio</span> <span class='ocrx_word' id='word_1_39' title='bbox 652 610 877 664; x_wconf 69' lang='lat' dir='ltr'>eoyitaret,</span> <span class='ocrx_word' id='word_1_40' title='bbox 929 612 1005 650; x_wconf 90' lang='lat' dir='ltr'>aut</span> <span class='ocrx_word' id='word_1_41' title='bbox 1035 612 1214 663; x_wconf 75' lang='lat' dir='ltr'>propter</span> <span class='ocrx_word' id='word_1_42' title='bbox 1253 622 1423 660; x_wconf 77' lang='lat' dir='ltr'>munus,</span> <span class='ocrx_word' id='word_1_43' title='bbox 1473 623 1554 663; x_wconf 79' lang='lat' dir='ltr'>quo</span> <span class='ocrx_word' id='word_1_44' title='bbox 1599 612 1696 651; x_wconf 81' lang='lat' dir='ltr'>tunc</span> <span class='ocrx_word' id='word_1_45' title='bbox 1734 609 1931 663; x_wconf 73' lang='lat' dir='ltr'>temporis</span> <span class='ocrx_word' id='word_1_46' title='bbox 1970 608 2114 651; x_wconf 86' lang='lat' dir='ltr'>liberti</span> 
     </span>
    </p>

    <p class='ocr_par' dir='ltr' id='par_1_5' title="bbox 353 669 1609 733">
     <span class='ocr_line' id='line_1_7' title="bbox 353 669 1609 733; baseline -0.002 -12"><span class='ocrx_word' id='word_1_47' title='bbox 353 669 355 671; x_wconf 32' lang='lat'>¹</span> <span class='ocrx_word' id='word_1_48' title='bbox 397 679 693 733; x_wconf 68' lang='lat' dir='ltr'>furcyebarttur,</span> <span class='ocrx_word' id='word_1_49' title='bbox 721 677 788 718; x_wconf 77' lang='lat' dir='ltr'>hic</span> <span class='ocrx_word' id='word_1_50' title='bbox 820 677 872 719; x_wconf 81' lang='lat' dir='ltr'>ab</span> <span class='ocrx_word' id='word_1_51' title='bbox 903 676 1094 730; x_wconf 76' lang='lat' dir='ltr'>Afranio</span> <span class='ocrx_word' id='word_1_52' title='bbox 1123 676 1268 719; x_wconf 91' lang='lat' dir='ltr'>Burro</span> <span class='ocrx_word' id='word_1_53' title='bbox 1299 677 1484 719; x_wconf 82' lang='lat' dir='ltr'>diversus</span> <span class='ocrx_word' id='word_1_54' title='bbox 1512 677 1609 731; x_wconf 79' lang='lat' dir='ltr'>fuit.</span> 
     </span>
    </p>
   </div>
   <div class='ocr_carea' id='block_1_4' title="bbox 314 756 2113 1277">
    <p class='ocr_par' dir='ltr' id='par_1_6' title="bbox 314 756 2113 946">
     <span class='ocr_line' id='line_1_8' title="bbox 314 756 2113 812; baseline -0.002 -11"><span class='ocrx_word' id='word_1_55' title='bbox 314 760 395 801; x_wconf 88' lang='grc'>154</span> <span class='ocrx_word' id='word_1_56' title='bbox 425 759 604 812; x_wconf 89' lang='lat' dir='ltr'>Burrus,</span> <span class='ocrx_word' id='word_1_57' title='bbox 637 756 750 799; x_wconf 90' lang='lat' dir='ltr'>filius</span> <span class='ocrx_word' id='word_1_58' title='bbox 785 757 1074 812; x_wconf 89' lang='lat' dir='ltr'>quinquennis</span> <span class='ocrx_word' id='word_1_59' title='bbox 1100 756 1322 798; x_wconf 86' lang='lat' dir='ltr'>Parthenii</span> <span class='ocrx_word' id='word_1_60' title='bbox 1353 757 1590 799; x_wconf 85' lang='lat' dir='ltr'>Domitiani</span> <span class='ocrx_word' id='word_1_61' title='bbox 1621 756 1885 812; x_wconf 90' lang='lat' dir='ltr'>cubicularii,</span> <span class='ocrx_word' id='word_1_62' title='bbox 1916 757 1962 798; x_wconf 93' lang='lat' dir='ltr'>in</span> <span class='ocrx_word' id='word_1_63' title='bbox 1991 757 2113 799; x_wconf 84' lang='lat' dir='ltr'>cuius</span> 
     </span>
     <span class='ocr_line' id='line_1_9' title="bbox 397 823 2110 880; baseline -0.001 -12"><span class='ocrx_word' id='word_1_64' title='bbox 397 827 509 868; x_wconf 90' lang='lat' dir='ltr'>diem</span> <span class='ocrx_word' id='word_1_65' title='bbox 541 825 728 868; x_wconf 86' lang='lat' dir='ltr'>natalem</span> <span class='ocrx_word' id='word_1_66' title='bbox 757 825 969 867; x_wconf 82' lang='lat' dir='ltr'>Martialis</span> <span class='ocrx_word' id='word_1_67' title='bbox 1001 825 1171 880; x_wconf 82' lang='lat' dir='ltr'>scripsit</span> <span class='ocrx_word' id='word_1_68' title='bbox 1199 825 1460 879; x_wconf 71' lang='lat' dir='ltr'>epiyramma</span> <span class='ocrx_word' id='word_1_69' title='bbox 1488 829 1527 875; x_wconf 99' lang='lat'>4,</span> <span class='ocrx_word' id='word_1_70' title='bbox 1557 827 1623 875; x_wconf 86' lang='lat'>45,</span> <span class='ocrx_word' id='word_1_71' title='bbox 1654 829 1682 867; x_wconf 91' lang='lat'><strong><em>4</em></strong></span> <span class='ocrx_word' id='word_1_72' title='bbox 1690 838 1704 876; x_wconf 93' lang='lat'>,·</span> <span class='ocrx_word' id='word_1_73' title='bbox 1740 827 1997 867; x_wconf 86' lang='lat' dir='ltr'>memoratur</span> <span class='ocrx_word' id='word_1_74' title='bbox 2024 823 2110 866; x_wconf 88' lang='lat' dir='ltr'>ibd.</span> 
     </span>
     <span class='ocr_line' id='line_1_10' title="bbox 391 898 570 946; baseline -0.006 -8"><span class='ocrx_word' id='word_1_75' title='bbox 391 898 431 946; x_wconf 89' lang='lat'>5,</span> <span class='ocrx_word' id='word_1_76' title='bbox 463 898 500 945; x_wconf 90' lang='lat'>6,</span> <span class='ocrx_word' id='word_1_77' title='bbox 533 898 570 938; x_wconf 89' lang='lat'>6.</span> 
     </span>
    </p>

    <p class='ocr_par' dir='ltr' id='par_1_7' title="bbox 322 961 970 1006">
     <span class='ocr_line' id='line_1_11' title="bbox 322 961 970 1006; baseline -0.002 -1"><span class='ocrx_word' id='word_1_78' title='bbox 322 987 379 994; x_wconf 83' lang='lat'>--</span> <span class='ocrx_word' id='word_1_79' title='bbox 422 962 521 1006; x_wconf 85' lang='lat' dir='ltr'>Sex.</span> <span class='ocrx_word' id='word_1_80' title='bbox 552 962 760 1004; x_wconf 88' lang='lat' dir='ltr'>Afranius</span> <span class='ocrx_word' id='word_1_81' title='bbox 790 961 970 1004; x_wconf 90' lang='lat' dir='ltr'>Burrus.</span> 
     </span>
    </p>

    <p class='ocr_par' dir='ltr' id='par_1_8' title="bbox 322 1035 1000 1073">
     <span class='ocr_line' id='line_1_12' title="bbox 322 1035 1000 1073; baseline -0.001 0"><span class='ocrx_word' id='word_1_82' title='bbox 322 1055 380 1061; x_wconf 93' lang='lat'>—-</span> <span class='ocrx_word' id='word_1_83' title='bbox 422 1037 467 1073; x_wconf 88' lang='lat' dir='ltr'>L.</span> <span class='ocrx_word' id='word_1_84' title='bbox 497 1036 760 1072; x_wconf 86' lang='lat' dir='ltr'>ANTISTIVS</span> <span class='ocrx_word' id='word_1_85' title='bbox 791 1035 1000 1072; x_wconf 82' lang='lat' dir='ltr'>BVRRVS.</span> 
     </span>
    </p>

    <p class='ocr_par' dir='ltr' id='par_1_9' title="bbox 320 1103 1293 1141">
     <span class='ocr_line' id='line_1_13' title="bbox 320 1103 1293 1141; baseline -0.002 0"><span class='ocrx_word' id='word_1_86' title='bbox 320 1124 378 1130; x_wconf 84' lang='lat'>-—</span> <span class='ocrx_word' id='word_1_87' title='bbox 419 1105 464 1141; x_wconf 90' lang='lat' dir='ltr'>L.</span> <span class='ocrx_word' id='word_1_88' title='bbox 495 1104 756 1140; x_wconf 87' lang='lat' dir='ltr'>ANTISTIVS</span> <span class='ocrx_word' id='word_1_89' title='bbox 787 1103 982 1139; x_wconf 86' lang='lat' dir='ltr'><strong>BVRRVS</strong></span> <span class='ocrx_word' id='word_1_90' title='bbox 1013 1103 1293 1139; x_wconf 85' lang='lat' dir='ltr'>ADVENTVS.</span> 
     </span>
    </p>

    <p class='ocr_par' dir='ltr' id='par_1_10' title="bbox 321 1171 1304 1210">
     <span class='ocr_line' id='line_1_14' title="bbox 321 1171 1304 1210; baseline 0 -2"><span class='ocrx_word' id='word_1_91' title='bbox 321 1192 378 1197; x_wconf 88' lang='lat'>—-</span> <span class='ocrx_word' id='word_1_92' title='bbox 421 1173 467 1210; x_wconf 87' lang='lat' dir='ltr'>L.</span> <span class='ocrx_word' id='word_1_93' title='bbox 496 1172 759 1208; x_wconf 86' lang='lat' dir='ltr'><strong>ANTISTIVS</strong></span> <span class='ocrx_word' id='word_1_94' title='bbox 789 1171 1066 1208; x_wconf 84' lang='lat' dir='ltr'>MVNDIGIVS</span> <span class='ocrx_word' id='word_1_95' title='bbox 1095 1171 1304 1208; x_wconf 87' lang='lat' dir='ltr'>BVRRVS.</span> 
     </span>
    </p>

    <p class='ocr_par' dir='ltr' id='par_1_11' title="bbox 320 1241 792 1277">
     <span class='ocr_line' id='line_1_15' title="bbox 320 1241 792 1277; baseline -0.002 -1"><span class='ocrx_word' id='word_1_96' title='bbox 320 1241 377 1265; x_wconf 62' lang='lat'>&#39;—-</span> <span class='ocrx_word' id='word_1_97' title='bbox 419 1241 617 1277; x_wconf 87' lang='lat' dir='ltr'>ACILIVS</span> <span class='ocrx_word' id='word_1_98' title='bbox 648 1241 792 1276; x_wconf 89' lang='lat' dir='ltr'>BVTA.</span> 
     </span>
    </p>
   </div>
   <div class='ocr_carea' id='block_1_5' title="bbox 310 1312 2113 1510">
    <p class='ocr_par' dir='ltr' id='par_1_12' title="bbox 310 1312 2113 1510">
     <span class='ocr_line' id='line_1_16' title="bbox 310 1312 2113 1369; baseline -0.001 -12"><span class='ocrx_word' id='word_1_99' title='bbox 310 1315 390 1357; x_wconf 85' lang='lat'>155</span> <span class='ocrx_word' id='word_1_100' title='bbox 422 1315 583 1367; x_wconf 91' lang='lat' dir='ltr'>Buteo,</span> <span class='ocrx_word' id='word_1_101' title='bbox 624 1313 792 1368; x_wconf 82' lang='lat' dir='ltr'>rhetor,</span> <span class='ocrx_word' id='word_1_102' title='bbox 835 1313 1026 1369; x_wconf 87' lang='lat' dir='ltr'>aequalis</span> <span class='ocrx_word' id='word_1_103' title='bbox 1068 1313 1209 1354; x_wconf 90' lang='lat' dir='ltr'>Porcii</span> <span class='ocrx_word' id='word_1_104' title='bbox 1250 1312 1451 1354; x_wconf 82' lang='lat' dir='ltr'>Latronis</span> <span class='ocrx_word' id='word_1_105' title='bbox 1483 1312 1643 1356; x_wconf 76' lang='lat' dir='ltr'>Seneca</span> <span class='ocrx_word' id='word_1_106' title='bbox 1678 1316 1857 1355; x_wconf 74' lang='lat' dir='ltr'>controv.</span> <span class='ocrx_word' id='word_1_107' title='bbox 1890 1316 1930 1363; x_wconf 90' lang='lat'>1,</span> <span class='ocrx_word' id='word_1_108' title='bbox 1959 1316 1998 1364; x_wconf 83' lang='lat'>1,</span> <span class='ocrx_word' id='word_1_109' title='bbox 2029 1316 2113 1364; x_wconf 79' lang='lat'><strong><em>20,-</em></strong></span> 
     </span>
     <span class='ocr_line' id='line_1_17' title="bbox 391 1380 2111 1435; baseline -0.002 -9"><span class='ocrx_word' id='word_1_110' title='bbox 391 1386 434 1432; x_wconf 89' lang='grc'>2,</span> <span class='ocrx_word' id='word_1_111' title='bbox 454 1385 493 1432; x_wconf 88' lang='grc'>5,</span> <span class='ocrx_word' id='word_1_112' title='bbox 515 1384 579 1432; x_wconf 88' lang='grc'>15,</span> <span class='ocrx_word' id='word_1_113' title='bbox 608 1382 802 1423; x_wconf 87' lang='lat' dir='ltr'>Passieni</span> <span class='ocrx_word' id='word_1_114' title='bbox 825 1381 909 1423; x_wconf 83' lang='lat' dir='ltr'>ibd.</span> <span class='ocrx_word' id='word_1_115' title='bbox 931 1384 974 1431; x_wconf 96' lang='grc'>2,</span> <span class='ocrx_word' id='word_1_116' title='bbox 995 1383 1033 1431; x_wconf 88' lang='grc'>5,</span> <span class='ocrx_word' id='word_1_117' title='bbox 1057 1384 1124 1431; x_wconf 83' lang='lat'>17,</span> <span class='ocrx_word' id='word_1_118' title='bbox 1145 1380 1287 1422; x_wconf 86' lang='lat' dir='ltr'>Asinii</span> <span class='ocrx_word' id='word_1_119' title='bbox 1311 1380 1516 1422; x_wconf 88' lang='lat' dir='ltr'>Pollionis</span> <span class='ocrx_word' id='word_1_120' title='bbox 1537 1380 1622 1425; x_wconf 82' lang='lat' dir='ltr'>ibd.</span> <span class='ocrx_word' id='word_1_121' title='bbox 1647 1383 1684 1430; x_wconf 79' lang='lat'>7,</span> <span class='ocrx_word' id='word_1_122' title='bbox 1705 1384 1744 1431; x_wconf 93' lang='grc'>4,</span> <span class='ocrx_word' id='word_1_123' title='bbox 1764 1383 1805 1422; x_wconf 88' lang='grc'>3.</span> <span class='ocrx_word' id='word_1_124' title='bbox 1851 1380 2111 1435; x_wconf 85' lang='lat' dir='ltr'>Sententiae,</span> 
     </span>
     <span class='ocr_line' id='line_1_18' title="bbox 394 1448 1774 1510; baseline 0.001 -19"><span class='ocrx_word' id='word_1_125' title='bbox 394 1449 641 1500; x_wconf 78' lang='lat' dir='ltr'>divisiones,</span> <span class='ocrx_word' id='word_1_126' title='bbox 674 1448 837 1491; x_wconf 91' lang='lat' dir='ltr'>colores</span> <span class='ocrx_word' id='word_1_127' title='bbox 869 1449 961 1490; x_wconf 90' lang='lat' dir='ltr'>eius</span> <span class='ocrx_word' id='word_1_128' title='bbox 982 1450 1149 1502; x_wconf 76' lang='lat' dir='ltr'>passim</span> <span class='ocrx_word' id='word_1_129' title='bbox 1181 1448 1297 1503; x_wconf 73' lang='lat' dir='ltr'>apud</span> <span class='ocrx_word' id='word_1_130' title='bbox 1325 1448 1528 1492; x_wconf 75' lang='lat' dir='ltr'>Senecam</span> <span class='ocrx_word' id='word_1_131' title='bbox 1555 1448 1774 1510; x_wconf 79' lang='lat' dir='ltr'>rhetorem.</span> 
     </span>
    </p>
   </div>
   <div class='ocr_carea' id='block_1_6' title="bbox 311 1527 2052 1583">
    <p class='ocr_par' dir='ltr' id='par_1_13' title="bbox 311 1527 2052 1583">
     <span class='ocr_line' id='line_1_19' title="bbox 311 1527 2052 1583; baseline -0.001 -12"><span class='ocrx_word' id='word_1_132' title='bbox 311 1530 392 1571; x_wconf 83' lang='lat'>156</span> <span class='ocrx_word' id='word_1_133' title='bbox 423 1529 562 1570; x_wconf 86' lang='lat' dir='ltr'>Butra</span> <span class='ocrx_word' id='word_1_134' title='bbox 592 1534 638 1570; x_wconf 91' lang='lat' dir='ltr'>ut</span> <span class='ocrx_word' id='word_1_135' title='bbox 669 1528 830 1569; x_wconf 85' lang='lat' dir='ltr'>amicus</span> <span class='ocrx_word' id='word_1_136' title='bbox 860 1527 995 1569; x_wconf 88' lang='lat' dir='ltr'>Manli</span> <span class='ocrx_word' id='word_1_137' title='bbox 1027 1528 1236 1583; x_wconf 88' lang='lat' dir='ltr'>Torquati</span> <span class='ocrx_word' id='word_1_138' title='bbox 1267 1529 1516 1569; x_wconf 84' lang='lat' dir='ltr'>nominatur</span> <span class='ocrx_word' id='word_1_139' title='bbox 1544 1527 1700 1571; x_wconf 86' lang='lat' dir='ltr'>Horat.</span> <span class='ocrx_word' id='word_1_140' title='bbox 1722 1528 1839 1582; x_wconf 73' lang='lat' dir='ltr'>epist.</span> <span class='ocrx_word' id='word_1_141' title='bbox 1861 1530 1900 1578; x_wconf 88' lang='lat'>1,</span> <span class='ocrx_word' id='word_1_142' title='bbox 1921 1530 1960 1578; x_wconf 86' lang='lat'>5,</span> <span class='ocrx_word' id='word_1_143' title='bbox 1981 1530 2052 1571; x_wconf 85' lang='grc'><strong><em>26.</em></strong></span> 
     </span>
    </p>
   </div>
   <div class='ocr_carea' id='block_1_7' title="bbox 310 1606 2119 2065">
    <p class='ocr_par' dir='ltr' id='par_1_14' title="bbox 310 1606 2119 2065">
     <span class='ocr_line' id='line_1_20' title="bbox 310 1606 2111 1664; baseline -0.001 -14"><span class='ocrx_word' id='word_1_144' title='bbox 310 1608 389 1652; x_wconf 84' lang='grc'>157</span> <span class='ocrx_word' id='word_1_145' title='bbox 420 1608 588 1664; x_wconf 88' lang='lat' dir='ltr'>Bythus</span> <span class='ocrx_word' id='word_1_146' title='bbox 620 1607 927 1650; x_wconf 84' lang='lat' dir='ltr'>Durrachenus</span> <span class='ocrx_word' id='word_1_147' title='bbox 952 1607 1069 1650; x_wconf 79' lang='lat' dir='ltr'>Plin.</span> <span class='ocrx_word' id='word_1_148' title='bbox 1096 1611 1183 1649; x_wconf 74' lang='lat' dir='ltr'>nat.</span> <span class='ocrx_word' id='word_1_149' title='bbox 1210 1607 1304 1649; x_wconf 77' lang='lat' dir='ltr'>hist.</span> <span class='ocrx_word' id='word_1_150' title='bbox 1335 1607 1421 1649; x_wconf 75' lang='lat' dir='ltr'>iud.</span> <span class='ocrx_word' id='word_1_151' title='bbox 1455 1607 1482 1649; x_wconf 88' lang='lat' dir='ltr'>l.</span> <span class='ocrx_word' id='word_1_152' title='bbox 1512 1610 1572 1650; x_wconf 90' lang='grc'><strong><em>28</em></strong></span> <span class='ocrx_word' id='word_1_153' title='bbox 1598 1606 1771 1661; x_wconf 88' lang='lat' dir='ltr'>(Bithus</span> <span class='ocrx_word' id='word_1_154' title='bbox 1801 1607 2111 1650; x_wconf 86' lang='lat' dir='ltr'>Durrachenus</span> 
     </span>
     <span class='ocr_line' id='line_1_21' title="bbox 392 1674 2112 1729; baseline -0.001 -12"><span class='ocrx_word' id='word_1_155' title='bbox 392 1675 478 1718; x_wconf 85' lang='lat' dir='ltr'>ibd.</span> <span class='ocrx_word' id='word_1_156' title='bbox 510 1679 580 1726; x_wconf 92' lang='grc'>28,</span> <span class='ocrx_word' id='word_1_157' title='bbox 611 1676 688 1728; x_wconf 91' lang='grc'><strong><em>82)</em></strong></span> <span class='ocrx_word' id='word_1_158' title='bbox 720 1682 870 1717; x_wconf 81' lang='lat' dir='ltr'>auctor</span> <span class='ocrx_word' id='word_1_159' title='bbox 900 1674 1031 1717; x_wconf 91' lang='lat' dir='ltr'>Plinii</span> <span class='ocrx_word' id='word_1_160' title='bbox 1063 1675 1116 1716; x_wconf 89' lang='lat' dir='ltr'>de</span> <span class='ocrx_word' id='word_1_161' title='bbox 1156 1675 1384 1716; x_wconf 86' lang='lat' dir='ltr'>medicinis</span> <span class='ocrx_word' id='word_1_162' title='bbox 1423 1689 1478 1716; x_wconf 84' lang='lat' dir='ltr'>ex</span> <span class='ocrx_word' id='word_1_163' title='bbox 1514 1674 1784 1719; x_wconf 83' lang='lat' dir='ltr'>animalibus,</span> <span class='ocrx_word' id='word_1_164' title='bbox 1850 1676 2112 1729; x_wconf 75' lang='lat' dir='ltr'>Quamquam</span> 
     </span>
     <span class='ocr_line' id='line_1_22' title="bbox 394 1743 2112 1796; baseline -0.001 -11"><span class='ocrx_word' id='word_1_165' title='bbox 394 1758 421 1785; x_wconf 92' lang='lat' dir='ltr'>a</span> <span class='ocrx_word' id='word_1_166' title='bbox 461 1744 609 1786; x_wconf 72' lang='lat' dir='ltr'>Plinio</span> <span class='ocrx_word' id='word_1_167' title='bbox 648 1744 759 1785; x_wconf 77' lang='lat' dir='ltr'>iuter</span> <span class='ocrx_word' id='word_1_168' title='bbox 799 1746 990 1785; x_wconf 78' lang='lat' dir='ltr'>auctores</span> <span class='ocrx_word' id='word_1_169' title='bbox 1027 1756 1225 1785; x_wconf 77' lang='lat' dir='ltr'>romanos</span> <span class='ocrx_word' id='word_1_170' title='bbox 1260 1746 1507 1796; x_wconf 71' lang='lat' dir='ltr'>recensetur,</span> <span class='ocrx_word' id='word_1_171' title='bbox 1550 1756 1642 1784; x_wconf 90' lang='lat' dir='ltr'>cum</span> <span class='ocrx_word' id='word_1_172' title='bbox 1680 1744 1724 1784; x_wconf 80' lang='lat' dir='ltr'>in</span> <span class='ocrx_word' id='word_1_173' title='bbox 1765 1743 1902 1785; x_wconf 77' lang='lat' dir='ltr'>indice</span> <span class='ocrx_word' id='word_1_174' title='bbox 1932 1743 2112 1786; x_wconf 82' lang='lat' dir='ltr'>eiusdem</span> 
     </span>
     <span class='ocr_line' id='line_1_23' title="bbox 393 1811 2114 1867; baseline 0 -14"><span class='ocrx_word' id='word_1_175' title='bbox 393 1812 495 1854; x_wconf 85' lang='lat' dir='ltr'>libri</span> <span class='ocrx_word' id='word_1_176' title='bbox 519 1811 753 1866; x_wconf 74' lang='lat' dir='ltr'>praecedat</span> <span class='ocrx_word' id='word_1_177' title='bbox 786 1811 977 1853; x_wconf 80' lang='lat' dir='ltr'>‘Sextius</span> <span class='ocrx_word' id='word_1_178' title='bbox 1008 1811 1154 1866; x_wconf 81' lang='lat' dir='ltr'>Niger,</span> <span class='ocrx_word' id='word_1_179' title='bbox 1187 1812 1260 1867; x_wconf 90' lang='lat' dir='ltr'>qui</span> <span class='ocrx_word' id='word_1_180' title='bbox 1290 1824 1446 1865; x_wconf 84' lang='lat' dir='ltr'>graece</span> <span class='ocrx_word' id='word_1_181' title='bbox 1476 1811 1676 1866; x_wconf 83' lang='lat' dir='ltr'>scripsit’,</span> <span class='ocrx_word' id='word_1_182' title='bbox 1705 1811 1887 1864; x_wconf 81' lang='lat' dir='ltr'>fortasse</span> <span class='ocrx_word' id='word_1_183' title='bbox 1916 1811 2025 1853; x_wconf 81' lang='lat' dir='ltr'>idem</span> <span class='ocrx_word' id='word_1_184' title='bbox 2054 1814 2114 1853; x_wconf 80' lang='lat' dir='ltr'>est</span> 
     </span>
     <span class='ocr_line' id='line_1_24' title="bbox 398 1877 2112 1937; baseline 0.001 -15"><span class='ocrx_word' id='word_1_185' title='bbox 398 1879 553 1926; x_wconf 80' lang='grc' dir='ltr'>Βούτας</span> <span class='ocrx_word' id='word_1_186' title='bbox 596 1880 719 1926; x_wconf 87' lang='grc' dir='ltr'>αἰτίας</span> <span class='ocrx_word' id='word_1_187' title='bbox 765 1880 964 1936; x_wconf 80' lang='grc' dir='ltr'>μυθώδεις</span> <span class='ocrx_word' id='word_1_188' title='bbox 1001 1881 1042 1923; x_wconf 89' lang='grc' dir='ltr'>ἐν</span> <span class='ocrx_word' id='word_1_189' title='bbox 1088 1879 1275 1937; x_wconf 77' lang='grc' dir='ltr'>ἐλεγείοις</span> <span class='ocrx_word' id='word_1_190' title='bbox 1320 1880 1408 1936; x_wconf 88' lang='grc' dir='ltr'>περὶ</span> <span class='ocrx_word' id='word_1_191' title='bbox 1447 1883 1526 1922; x_wconf 88' lang='grc' dir='ltr'>τῶν</span> <span class='ocrx_word' id='word_1_192' title='bbox 1572 1877 1810 1935; x_wconf 83' lang='grc' dir='ltr'>Ῥωμαϊκῶν</span> <span class='ocrx_word' id='word_1_193' title='bbox 1857 1880 2112 1936; x_wconf 82' lang='grc' dir='ltr'>ἀναγράφων,</span> 
     </span>
     <span class='ocr_line' id='line_1_25' title="bbox 395 1946 2119 2002; baseline -0.001 -12"><span class='ocrx_word' id='word_1_194' title='bbox 395 1949 514 1990; x_wconf 83' lang='lat' dir='ltr'>cuius</span> <span class='ocrx_word' id='word_1_195' title='bbox 556 1948 816 2002; x_wconf 71' lang='lat' dir='ltr'>epiyramma</span> <span class='ocrx_word' id='word_1_196' title='bbox 850 1960 1048 2002; x_wconf 74' lang='lat' dir='ltr'>yraecum</span> <span class='ocrx_word' id='word_1_197' title='bbox 1078 1947 1341 1989; x_wconf 78' lang='lat' dir='ltr'>Plutarchus</span> <span class='ocrx_word' id='word_1_198' title='bbox 1383 1946 1511 1999; x_wconf 79' lang='lat' dir='ltr'>affert</span> <span class='ocrx_word' id='word_1_199' title='bbox 1549 1947 1596 1989; x_wconf 75' lang='lat' dir='ltr'>iu</span> <span class='ocrx_word' id='word_1_200' title='bbox 1629 1948 1719 1989; x_wconf 80' lang='lat' dir='ltr'>vita</span> <span class='ocrx_word' id='word_1_201' title='bbox 1747 1947 1924 1989; x_wconf 78' lang='lat' dir='ltr'>Romuli</span> <span class='ocrx_word' id='word_1_202' title='bbox 1946 1951 2013 2002; x_wconf 87' lang='lat'>30,</span> <span class='ocrx_word' id='word_1_203' title='bbox 2044 1948 2119 2002; x_wconf 79' lang='lat' dir='ltr'>qui</span> 
     </span>
     <span class='ocr_line' id='line_1_26' title="bbox 395 2014 1427 2065; baseline -0.002 -7"><span class='ocrx_word' id='word_1_204' title='bbox 395 2016 531 2058; x_wconf 90' lang='lat' dir='ltr'>Butas</span> <span class='ocrx_word' id='word_1_205' title='bbox 563 2017 606 2057; x_wconf 88' lang='lat' dir='ltr'>in</span> <span class='ocrx_word' id='word_1_206' title='bbox 638 2014 882 2058; x_wconf 86' lang='lat' dir='ltr'>causalibus</span> <span class='ocrx_word' id='word_1_207' title='bbox 913 2015 1070 2057; x_wconf 84' lang='lat' dir='ltr'>citatur</span> <span class='ocrx_word' id='word_1_208' title='bbox 1097 2014 1261 2058; x_wconf 73' lang='lat' dir='ltr'>Arnob.</span> <span class='ocrx_word' id='word_1_209' title='bbox 1290 2018 1330 2065; x_wconf 89' lang='lat'>5,</span> <span class='ocrx_word' id='word_1_210' title='bbox 1360 2017 1427 2057; x_wconf 89' lang='grc'>18.</span> 
     </span>
    </p>
   </div>
   <div class='ocr_carea' id='block_1_8' title="bbox 1186 2340 1246 2418">
    <p class='ocr_par' dir='ltr' id='par_1_15' title="bbox 1186 2340 1246 2418">
     <span class='ocr_line' id='line_1_27' title="bbox 1186 2340 1246 2418; baseline 0 0"><span class='ocrx_word' id='word_1_211' title='bbox 1186 2340 1246 2418; x_wconf 82' lang='lat' dir='ltr'>O</span> 
     </span>
    </p>
   </div>
   <div class='ocr_carea' id='block_1_9' title="bbox 336 2505 2115 2767">
    <p class='ocr_par' dir='ltr' id='par_1_16' title="bbox 336 2505 2115 2767">
     <span class='ocr_line' id='line_1_28' title="bbox 336 2505 2112 2563; baseline -0.001 -12"><span class='ocrx_word' id='word_1_212' title='bbox 336 2509 358 2551; x_wconf 93' lang='lat'>1</span> <span class='ocrx_word' id='word_1_213' title='bbox 391 2508 441 2551; x_wconf 92' lang='grc' dir='ltr'>Τ.</span> <span class='ocrx_word' id='word_1_214' title='bbox 475 2508 510 2551; x_wconf 83' lang='lat' dir='ltr'>O</span> <span class='ocrx_word' id='word_1_215' title='bbox 528 2542 537 2551; x_wconf 92' lang='lat'>.</span> <span class='ocrx_word' id='word_1_216' title='bbox 558 2541 566 2550; x_wconf 95' lang='lat'>.</span> <span class='ocrx_word' id='word_1_217' title='bbox 587 2541 596 2550; x_wconf 89' lang='lat'>.</span> <span class='ocrx_word' id='word_1_218' title='bbox 614 2541 651 2563; x_wconf 92' lang='lat'>.,</span> <span class='ocrx_word' id='word_1_219' title='bbox 685 2514 938 2563; x_wconf 88' lang='lat' dir='ltr'>procurator</span> <span class='ocrx_word' id='word_1_220' title='bbox 958 2507 1145 2562; x_wconf 87' lang='lat' dir='ltr'>Augusti</span> <span class='ocrx_word' id='word_1_221' title='bbox 1175 2523 1213 2552; x_wconf 89' lang='lat' dir='ltr'>a.</span> <span class='ocrx_word' id='word_1_222' title='bbox 1238 2508 1319 2550; x_wconf 84' lang='lat'>133</span> <span class='ocrx_word' id='word_1_223' title='bbox 1347 2510 1605 2550; x_wconf 88' lang='lat' dir='ltr'>memoratur</span> <span class='ocrx_word' id='word_1_224' title='bbox 1632 2507 1679 2549; x_wconf 77' lang='lat' dir='ltr'>in</span> <span class='ocrx_word' id='word_1_225' title='bbox 1705 2509 1734 2549; x_wconf 89' lang='lat' dir='ltr'>t.</span> <span class='ocrx_word' id='word_1_226' title='bbox 1754 2505 1915 2549; x_wconf 87' lang='lat' dir='ltr'>mutilis</span> <span class='ocrx_word' id='word_1_227' title='bbox 1934 2505 2112 2550; x_wconf 83' lang='lat' dir='ltr'>Dacicis</span> 
     </span>
     <span class='ocr_line' id='line_1_29' title="bbox 391 2574 2115 2633; baseline -0.001 -14"><span class='ocrx_word' id='word_1_228' title='bbox 391 2577 480 2619; x_wconf 90' lang='lat' dir='ltr'>III</span> <span class='ocrx_word' id='word_1_229' title='bbox 502 2577 548 2620; x_wconf 76' lang='lat' dir='ltr'>S.</span> <span class='ocrx_word' id='word_1_230' title='bbox 579 2579 717 2620; x_wconf 88' lang='grc'><strong><em>12601</em></strong></span> <span class='ocrx_word' id='word_1_231' title='bbox 748 2591 776 2619; x_wconf 88' lang='lat' dir='ltr'>a</span> <span class='ocrx_word' id='word_1_232' title='bbox 797 2576 869 2632; x_wconf 84' lang='lat'>(1).</span> <span class='ocrx_word' id='word_1_233' title='bbox 902 2577 925 2618; x_wconf 80' lang='lat' dir='ltr'><strong><em>b</em></strong></span> <span class='ocrx_word' id='word_1_234' title='bbox 948 2577 1024 2633; x_wconf 78' lang='lat'>(2).</span> <span class='ocrx_word' id='word_1_235' title='bbox 1080 2577 1164 2630; x_wconf 76' lang='lat' dir='ltr'>Qui</span> <span class='ocrx_word' id='word_1_236' title='bbox 1193 2576 1363 2631; x_wconf 77' lang='lat' dir='ltr'>primus</span> <span class='ocrx_word' id='word_1_237' title='bbox 1403 2579 1432 2618; x_wconf 93' lang='lat' dir='ltr'>t.</span> <span class='ocrx_word' id='word_1_238' title='bbox 1462 2575 1569 2618; x_wconf 85' lang='lat' dir='ltr'>vidit</span> <span class='ocrx_word' id='word_1_239' title='bbox 1597 2575 1816 2628; x_wconf 72' lang='lat' dir='ltr'>ediditque,</span> <span class='ocrx_word' id='word_1_240' title='bbox 1856 2574 2001 2629; x_wconf 74' lang='lat' dir='ltr'>leyisse</span> <span class='ocrx_word' id='word_1_241' title='bbox 2029 2574 2115 2618; x_wconf 79' lang='lat' dir='ltr'>sibi</span> 
     </span>
     <span class='ocr_line' id='line_1_30' title="bbox 389 2642 2113 2695; baseline -0.001 -9"><span class='ocrx_word' id='word_1_242' title='bbox 389 2646 502 2686; x_wconf 83' lang='lat' dir='ltr'>visus</span> <span class='ocrx_word' id='word_1_243' title='bbox 530 2648 591 2686; x_wconf 83' lang='lat' dir='ltr'>est</span> <span class='ocrx_word' id='word_1_244' title='bbox 618 2645 663 2686; x_wconf 77' lang='lat' dir='ltr'>in</span> <span class='ocrx_word' id='word_1_245' title='bbox 694 2647 721 2687; x_wconf 77' lang='lat' dir='ltr'>t.</span> <span class='ocrx_word' id='word_1_246' title='bbox 744 2648 770 2686; x_wconf 83' lang='lat'><strong><em>1</em></strong></span> <span class='ocrx_word' id='word_1_247' title='bbox 801 2657 835 2688; x_wconf 85' lang='lat' dir='ltr'>T.</span> <span class='ocrx_word' id='word_1_248' title='bbox 858 2645 1014 2688; x_wconf 68' lang='lat' dir='ltr'>ons&#39;osl</span> <span class='ocrx_word' id='word_1_249' title='bbox 1027 2656 1118 2688; x_wconf 75' lang='lat' dir='ltr'>vlcr.</span> <span class='ocrx_word' id='word_1_250' title='bbox 1143 2656 1261 2687; x_wconf 79' lang='lat' dir='ltr'>PRoc.</span> <span class='ocrx_word' id='word_1_251' title='bbox 1288 2656 1380 2695; x_wconf 77' lang='lat' dir='ltr'>Ave,</span> <span class='ocrx_word' id='word_1_252' title='bbox 1412 2644 1486 2686; x_wconf 81' lang='lat' dir='ltr'>sed</span> <span class='ocrx_word' id='word_1_253' title='bbox 1504 2643 1606 2686; x_wconf 74' lang='lat' dir='ltr'>haec</span> <span class='ocrx_word' id='word_1_254' title='bbox 1625 2657 1706 2686; x_wconf 78' lang='lat' dir='ltr'>von</span> <span class='ocrx_word' id='word_1_255' title='bbox 1723 2642 2040 2686; x_wconf 71' lang='lat' dir='ltr'>Domaszewski</span> <span class='ocrx_word' id='word_1_256' title='bbox 2067 2643 2113 2686; x_wconf 77' lang='lat' dir='ltr'>in</span> 
     </span>
     <span class='ocr_line' id='line_1_31' title="bbox 392 2712 855 2767; baseline 0 -13"><span class='ocrx_word' id='word_1_257' title='bbox 392 2712 532 2767; x_wconf 74' lang='lat' dir='ltr'>lapide</span> <span class='ocrx_word' id='word_1_258' title='bbox 560 2726 644 2755; x_wconf 74' lang='lat' dir='ltr'>uon</span> <span class='ocrx_word' id='word_1_259' title='bbox 675 2713 855 2767; x_wconf 73' lang='lat' dir='ltr'>ayuovit.</span> 
     </span>
    </p>
   </div>
   <div class='ocr_carea' id='block_1_10' title="bbox 336 2789 2114 3390">
    <p class='ocr_par' dir='ltr' id='par_1_17' title="bbox 336 2789 2114 3390">
     <span class='ocr_line' id='line_1_32' title="bbox 336 2789 2114 2846; baseline -0.001 -12"><span class='ocrx_word' id='word_1_260' title='bbox 336 2794 362 2834; x_wconf 85' lang='lat'><strong>2</strong></span> <span class='ocrx_word' id='word_1_261' title='bbox 393 2798 493 2834; x_wconf 85' lang='lat' dir='ltr'>IMP.</span> <span class='ocrx_word' id='word_1_262' title='bbox 518 2791 748 2846; x_wconf 80' lang='lat' dir='ltr'>c(AEsAR)</span> <span class='ocrx_word' id='word_1_263' title='bbox 770 2799 809 2834; x_wconf 87' lang='lat' dir='ltr'>P.</span> <span class='ocrx_word' id='word_1_264' title='bbox 833 2798 873 2835; x_wconf 79' lang='lat' dir='ltr'>c,</span> <span class='ocrx_word' id='word_1_265' title='bbox 971 2798 1291 2834; x_wconf 86' lang='lat' dir='ltr'><strong>REGALIANVS</strong></span> <span class='ocrx_word' id='word_1_266' title='bbox 1312 2798 1582 2834; x_wconf 85' lang='lat' dir='ltr'>AVGVSTVS.</span> <span class='ocrx_word' id='word_1_267' title='bbox 1617 2790 1815 2833; x_wconf 78' lang='lat' dir='ltr'>Nummi:</span> <span class='ocrx_word' id='word_1_268' title='bbox 1834 2789 1995 2833; x_wconf 79' lang='lat' dir='ltr'>Eckhel</span> <span class='ocrx_word' id='word_1_269' title='bbox 2019 2789 2114 2833; x_wconf 86' lang='lat' dir='ltr'>VII</span> 
     </span>
     <span class='ocr_line' id='line_1_33' title="bbox 389 2857 2112 2914; baseline -0.001 -12"><span class='ocrx_word' id='word_1_270' title='bbox 389 2874 437 2914; x_wconf 75' lang='lat' dir='ltr'>p.</span> <span class='ocrx_word' id='word_1_271' title='bbox 458 2863 554 2910; x_wconf 86' lang='grc'><strong><em>462,</em></strong></span> <span class='ocrx_word' id='word_1_272' title='bbox 585 2859 724 2902; x_wconf 75' lang='grc' dir='ltr'>ΟοῙιεη</span> <span class='ocrx_word' id='word_1_273' title='bbox 755 2860 823 2902; x_wconf 91' lang='lat' dir='ltr'>VI</span> <span class='ocrx_word' id='word_1_274' title='bbox 827 2861 842 2884; x_wconf 82' lang='lat'><strong>2</strong></span> <span class='ocrx_word' id='word_1_275' title='bbox 866 2875 913 2914; x_wconf 75' lang='lat' dir='ltr'>p.</span> <span class='ocrx_word' id='word_1_276' title='bbox 935 2863 1000 2904; x_wconf 88' lang='grc'>10.</span> <span class='ocrx_word' id='word_1_277' title='bbox 1054 2861 1110 2902; x_wconf 79' lang='lat' dir='ltr'>Iu</span> <span class='ocrx_word' id='word_1_278' title='bbox 1130 2860 1309 2902; x_wconf 73' lang='lat' dir='ltr'>nummis</span> <span class='ocrx_word' id='word_1_279' title='bbox 1328 2860 1461 2902; x_wconf 84' lang='lat' dir='ltr'>musei</span> <span class='ocrx_word' id='word_1_280' title='bbox 1481 2858 1812 2907; x_wconf 70' lang='lat' dir='ltr'>Wndobo‘nensis</span> <span class='ocrx_word' id='word_1_281' title='bbox 1832 2871 1934 2912; x_wconf 78' lang='lat' dir='ltr'>quos</span> <span class='ocrx_word' id='word_1_282' title='bbox 1950 2857 2112 2902; x_wconf 79' lang='lat' dir='ltr'>Eekhel</span> 
     </span>
     <span class='ocr_line' id='line_1_34' title="bbox 396 2925 2109 2982; baseline -0.001 -12"><span class='ocrx_word' id='word_1_283' title='bbox 396 2927 627 2981; x_wconf 75' lang='lat' dir='ltr'>descripSit,</span> <span class='ocrx_word' id='word_1_284' title='bbox 658 2928 757 2969; x_wconf 90' lang='lat' dir='ltr'>item</span> <span class='ocrx_word' id='word_1_285' title='bbox 786 2929 832 2970; x_wconf 75' lang='lat' dir='ltr'>in</span> <span class='ocrx_word' id='word_1_286' title='bbox 860 2928 1042 2970; x_wconf 76' lang='lat' dir='ltr'>uum-mis</span> <span class='ocrx_word' id='word_1_287' title='bbox 1068 2927 1207 2971; x_wconf 74' lang='lat' dir='ltr'>Gohe‘n</span> <span class='ocrx_word' id='word_1_288' title='bbox 1235 2941 1278 2970; x_wconf 72' lang='lat' dir='ltr'>rt.</span> <span class='ocrx_word' id='word_1_289' title='bbox 1307 2931 1350 2971; x_wconf 89' lang='grc'><strong><em>2.</em></strong></span> <span class='ocrx_word' id='word_1_290' title='bbox 1380 2931 1408 2969; x_wconf 87' lang='lat'><em>3</em></span> <span class='ocrx_word' id='word_1_291' title='bbox 1437 2928 1647 2970; x_wconf 69' lang='lat' dir='ltr'>invertitur</span> <span class='ocrx_word' id='word_1_292' title='bbox 1678 2927 1786 2982; x_wconf 90' lang='lat' dir='ltr'>Imp.</span> <span class='ocrx_word' id='word_1_293' title='bbox 1819 2925 1868 2968; x_wconf 83' lang='lat' dir='ltr'>C.</span> <span class='ocrx_word' id='word_1_294' title='bbox 1890 2925 1938 2968; x_wconf 92' lang='lat' dir='ltr'>P.</span> <span class='ocrx_word' id='word_1_295' title='bbox 1961 2925 2011 2969; x_wconf 81' lang='lat' dir='ltr'>G.</span> <span class='ocrx_word' id='word_1_296' title='bbox 2028 2926 2109 2969; x_wconf 90' lang='lat' dir='ltr'>Re-</span> 
     </span>
     <span class='ocr_line' id='line_1_35' title="bbox 393 2987 2112 3050; baseline -0.001 -14"><span class='ocrx_word' id='word_1_297' title='bbox 393 2995 602 3050; x_wconf 88' lang='lat' dir='ltr'>galianus,</span> <span class='ocrx_word' id='word_1_298' title='bbox 629 2996 675 3037; x_wconf 74' lang='lat' dir='ltr'>iu</span> <span class='ocrx_word' id='word_1_299' title='bbox 695 3009 861 3038; x_wconf 75' lang='lat' dir='ltr'>nummo</span> <span class='ocrx_word' id='word_1_300' title='bbox 881 3010 922 3038; x_wconf 80' lang='lat' dir='ltr'>n.</span> <span class='ocrx_word' id='word_1_301' title='bbox 939 3000 966 3038; x_wconf 94' lang='lat'><strong><em>4</em></strong></span> <span class='ocrx_word' id='word_1_302' title='bbox 989 2996 1128 3039; x_wconf 67' lang='lat' dir='ltr'>Colum</span> <span class='ocrx_word' id='word_1_303' title='bbox 1147 2995 1396 3038; x_wconf 77' lang='lat' dir='ltr'>Eckhelium</span> <span class='ocrx_word' id='word_1_304' title='bbox 1417 2998 1629 3037; x_wconf 87' lang='lat' dir='ltr'>auctorem</span> <span class='ocrx_word' id='word_1_305' title='bbox 1649 2994 1832 3036; x_wconf 76' lang='lat' dir='ltr'>laudans</span> <span class='ocrx_word' id='word_1_306' title='bbox 1850 2987 1959 3035; x_wconf 82' lang='lat' dir='ltr'>male</span> <span class='ocrx_word' id='word_1_307' title='bbox 1980 2992 2112 3035; x_wconf 82' lang='lat' dir='ltr'>edidit</span> 
     </span>
     <span class='ocr_line' id='line_1_36' title="bbox 391 3061 2111 3118; baseline -0.001 -13"><span class='ocrx_word' id='word_1_308' title='bbox 391 3064 498 3118; x_wconf 89' lang='lat' dir='ltr'>Imp.</span> <span class='ocrx_word' id='word_1_309' title='bbox 521 3062 568 3105; x_wconf 83' lang='lat' dir='ltr'>O.</span> <span class='ocrx_word' id='word_1_310' title='bbox 591 3062 639 3107; x_wconf 81' lang='lat' dir='ltr'>O.</span> <span class='ocrx_word' id='word_1_311' title='bbox 662 3063 708 3106; x_wconf 92' lang='lat' dir='ltr'>P.</span> <span class='ocrx_word' id='word_1_312' title='bbox 732 3063 1004 3118; x_wconf 83' lang='lat' dir='ltr'>Regalianus.</span> <span class='ocrx_word' id='word_1_313' title='bbox 1050 3065 1106 3107; x_wconf 74' lang='lat' dir='ltr'>In</span> <span class='ocrx_word' id='word_1_314' title='bbox 1127 3064 1264 3107; x_wconf 89' lang='lat' dir='ltr'>altera</span> <span class='ocrx_word' id='word_1_315' title='bbox 1285 3076 1321 3108; x_wconf 89' lang='lat' dir='ltr'>c.</span> <span class='ocrx_word' id='word_1_316' title='bbox 1345 3064 1487 3107; x_wconf 87' lang='lat' dir='ltr'>littera</span> <span class='ocrx_word' id='word_1_317' title='bbox 1516 3078 1664 3106; x_wconf 73' lang='lat' dir='ltr'>nomeu</span> <span class='ocrx_word' id='word_1_318' title='bbox 1690 3063 1951 3118; x_wconf 72' lang='lat' dir='ltr'>yeutilicium</span> <span class='ocrx_word' id='word_1_319' title='bbox 1980 3061 2111 3105; x_wconf 84' lang='lat' dir='ltr'>latere</span> 
     </span>
     <span class='ocr_line' id='line_1_37' title="bbox 389 3129 2109 3185; baseline 0 -13"><span class='ocrx_word' id='word_1_320' title='bbox 389 3131 564 3173; x_wconf 83' lang='lat' dir='ltr'>videtur.</span> <span class='ocrx_word' id='word_1_321' title='bbox 609 3130 742 3184; x_wconf 75' lang='lat' dir='ltr'>Apud</span> <span class='ocrx_word' id='word_1_322' title='bbox 766 3132 1018 3174; x_wconf 84' lang='lat' dir='ltr'>Trebellium</span> <span class='ocrx_word' id='word_1_323' title='bbox 1049 3132 1282 3175; x_wconf 81' lang='lat' dir='ltr'>Pollionem</span> <span class='ocrx_word' id='word_1_324' title='bbox 1312 3132 1499 3175; x_wconf 85' lang='lat' dir='ltr'>traditur</span> <span class='ocrx_word' id='word_1_325' title='bbox 1528 3131 1779 3185; x_wconf 86' lang='lat' dir='ltr'>Regilianus</span> <span class='ocrx_word' id='word_1_326' title='bbox 1809 3144 1893 3173; x_wconf 79' lang='lat' dir='ltr'>uno</span> <span class='ocrx_word' id='word_1_327' title='bbox 1923 3129 2012 3172; x_wconf 87' lang='lat' dir='ltr'>loco</span> <span class='ocrx_word' id='word_1_328' title='bbox 2041 3142 2109 3172; x_wconf 81' lang='lat' dir='ltr'>ex-</span> 
     </span>
     <span class='ocr_line' id='line_1_38' title="bbox 391 3197 2111 3256; baseline 0 -16"><span class='ocrx_word' id='word_1_329' title='bbox 391 3201 506 3252; x_wconf 75' lang='lat' dir='ltr'>cepto</span> <span class='ocrx_word' id='word_1_330' title='bbox 527 3199 597 3242; x_wconf 83' lang='lat' dir='ltr'>vit.</span> <span class='ocrx_word' id='word_1_331' title='bbox 621 3198 717 3252; x_wconf 74' lang='lat' dir='ltr'>triy.</span> <span class='ocrx_word' id='word_1_332' title='bbox 741 3202 818 3253; x_wconf 75' lang='lat' dir='ltr'>tyr.</span> <span class='ocrx_word' id='word_1_333' title='bbox 840 3203 907 3251; x_wconf 87' lang='lat'>10,</span> <span class='ocrx_word' id='word_1_334' title='bbox 929 3203 956 3243; x_wconf 84' lang='lat'><em>5</em></span> <span class='ocrx_word' id='word_1_335' title='bbox 980 3207 1072 3242; x_wconf 75' lang='lat' dir='ltr'>‘rex</span> <span class='ocrx_word' id='word_1_336' title='bbox 1094 3201 1208 3256; x_wconf 86' lang='lat' dir='ltr'>regis</span> <span class='ocrx_word' id='word_1_337' title='bbox 1226 3201 1318 3255; x_wconf 86' lang='lat' dir='ltr'>regi</span> <span class='ocrx_word' id='word_1_338' title='bbox 1340 3199 1591 3255; x_wconf 86' lang='lat' dir='ltr'>Regaliano’</span> <span class='ocrx_word' id='word_1_339' title='bbox 1612 3199 1689 3254; x_wconf 84' lang='lat' dir='ltr'>(sic</span> <span class='ocrx_word' id='word_1_340' title='bbox 1710 3199 1746 3241; x_wconf 91' lang='lat' dir='ltr'>B</span> <span class='ocrx_word' id='word_1_341' title='bbox 1763 3199 1841 3253; x_wconf 83' lang='lat' dir='ltr'>P);</span> <span class='ocrx_word' id='word_1_342' title='bbox 1870 3197 1945 3241; x_wconf 86' lang='lat' dir='ltr'>sed</span> <span class='ocrx_word' id='word_1_343' title='bbox 1962 3200 2111 3240; x_wconf 83' lang='lat' dir='ltr'>auctor</span> 
     </span>
     <span class='ocr_line' id='line_1_39' title="bbox 390 3259 2110 3323; baseline 0 -16"><span class='ocrx_word' id='word_1_344' title='bbox 390 3269 569 3320; x_wconf 76' lang='lat' dir='ltr'>propter</span> <span class='ocrx_word' id='word_1_345' title='bbox 595 3267 731 3308; x_wconf 88' lang='lat' dir='ltr'>iocum</span> <span class='ocrx_word' id='word_1_346' title='bbox 764 3267 1011 3322; x_wconf 84' lang='lat' dir='ltr'>Regilianus</span> <span class='ocrx_word' id='word_1_347' title='bbox 1037 3268 1101 3310; x_wconf 82' lang='lat' dir='ltr'>vel</span> <span class='ocrx_word' id='word_1_348' title='bbox 1129 3259 1355 3323; x_wconf 85' lang='lat' dir='ltr'>Regiliano</span> <span class='ocrx_word' id='word_1_349' title='bbox 1385 3269 1602 3323; x_wconf 54' lang='lat' dir='ltr'>scrispsisse</span> <span class='ocrx_word' id='word_1_350' title='bbox 1630 3267 1795 3310; x_wconf 82' lang='lat' dir='ltr'>videtur</span> <span class='ocrx_word' id='word_1_351' title='bbox 1804 3279 1818 3318; x_wconf 93' lang='lat'>,·</span> <span class='ocrx_word' id='word_1_352' title='bbox 1847 3265 2110 3321; x_wconf 83' lang='lat' dir='ltr'>Regalianus</span> 
     </span>
     <span class='ocr_line' id='line_1_40' title="bbox 392 3333 2110 3390; baseline 0 -14"><span class='ocrx_word' id='word_1_353' title='bbox 392 3334 519 3376; x_wconf 75' lang='lat' dir='ltr'>codex</span> <span class='ocrx_word' id='word_1_354' title='bbox 544 3333 807 3376; x_wconf 74' lang='lat' dir='ltr'>Bodleianus</span> <span class='ocrx_word' id='word_1_355' title='bbox 839 3336 940 3379; x_wconf 84' lang='lat' dir='ltr'>Vict.</span> <span class='ocrx_word' id='word_1_356' title='bbox 971 3336 1090 3379; x_wconf 78' lang='lat' dir='ltr'>Caes.</span> <span class='ocrx_word' id='word_1_357' title='bbox 1120 3339 1185 3386; x_wconf 85' lang='lat'>33,</span> <span class='ocrx_word' id='word_1_358' title='bbox 1213 3340 1257 3387; x_wconf 89' lang='grc'>2,</span> <span class='ocrx_word' id='word_1_359' title='bbox 1290 3336 1503 3379; x_wconf 82' lang='lat' dir='ltr'>Polemius</span> <span class='ocrx_word' id='word_1_360' title='bbox 1533 3335 1696 3379; x_wconf 81' lang='lat' dir='ltr'>Silvius</span> <span class='ocrx_word' id='word_1_361' title='bbox 1712 3350 1761 3390; x_wconf 71' lang='lat' dir='ltr'>p.</span> <span class='ocrx_word' id='word_1_362' title='bbox 1781 3337 1866 3378; x_wconf 89' lang='grc'><strong><em>521</em></strong></span> <span class='ocrx_word' id='word_1_363' title='bbox 1895 3334 2110 3390; x_wconf 81' lang='lat' dir='ltr'>(chronica</span> 
     </span>
    </p>
   </div>
  </div>
 </body>
</html>
