2202 3730
291 291 501 327 CLODIVS
1143 283 1228 323 420
1871 290 2081 328 CLODIVS

294 451 300 458 ·
371 431 547 474 Aestate
584 431 674 472 fere
703 445 741 471 a.
773 430 855 472 238
894 435 1077 484 uterque
1106 428 1330 483 Augustus
1370 429 1496 471 simul
1526 445 1552 472 a
1580 430 1786 473 militibus
1823 434 1988 475 occisus
2019 439 2084 476 est

283 553 285 556 ι
370 499 602 542 Herodian.
627 501 665 548 8,
688 501 753 547 10,
785 498 856 539 vit.
889 497 1013 538 Max.
1045 500 1085 539 et
1108 496 1237 539 Balb.
1259 499 1412 547 13-14,
1442 496 1648 542 Gordian.
1680 502 1753 542 22.
1806 499 1875 543 De
1904 504 2085 556 tempore

366 567 514 609 mortis
544 569 583 607 et
612 566 660 607 ole
689 565 827 619 spatio
857 565 1028 618 imperii
1054 564 1147 606 viole
1177 579 1282 618 quae
1312 566 1485 619 exposui
1511 566 1586 608 sub
1618 565 1661 607 A
1691 570 1779 610 664.

455 634 666 689 Pupienia
707 632 856 675 Sextia
895 632 1108 687 Pau[lina]
1152 632 1392 687 Cethegilla
1430 632 1519 675 filia
1560 637 1588 678 t.
1620 637 1646 676 6
1676 635 1730 688 cf.
1762 635 1883 689 infra
1913 637 1956 678 P
1980 640 2084 689 805,-

367 702 482 756 filius
512 702 599 743 cius
627 701 790 742 videtur
820 701 870 743 T.
903 700 1079 743 Clodius
1108 701 1330 756 Pupienus
1360 701 1549 743 Pulcher
1578 702 1840 758 M[aximus].

283 783 366 824 930
398 787 441 823 T.
471 787 678 822 CLODIVS
709 786 951 822 PVPIENVS
981 786 1214 822 PVLCHER
1243 780 1517 834 M[AXIMVS].
1570 781 1736 824 Titulus
1770 783 2018 827 Tiburtinus
2047 785 2087 827 ei

366 849 539 903 publice
559 850 726 903 positus
744 848 871 891 XIV
882 851 1002 891 3593.
1053 849 1112 890 M.
1135 849 1176 903 f.‚
1211 847 1343 903 (filius
1366 849 1454 890 eius
1474 850 1547 902 qui
1565 849 1789 903 imperavit
1815 855 1863 893 ut
1891 853 2085 908 videtur),

371 917 631 958 clarissimus
651 918 731 971 vir,
758 918 958 958 triumvir
981 916 1217 968 monetalis,
1236 922 1435 972 quaestor
1459 916 1734 973 kandidatus,
1762 926 1935 974 praetor
1960 920 2086 963 urba-

368 1000 461 1039 nus,
485 984 715 1041 proconsul
735 986 983 1041 provinciae
1000 985 1289 1039 Macedoniae,
1309 986 1404 1026 viee
1421 999 1599 1041 operum
1619 986 1902 1043 publicorum,
1927 988 2087 1032 electus

370 1053 529 1095 iudicio
551 1069 672 1095 sacro
694 1053 749 1095 ad
772 1053 954 1108 [census]
976 1053 1263 1109 acceptandos
1284 1068 1361 1109 per
1381 1054 1649 1109 provinciam
1660 1054 1896 1111 Velgicam,
1917 1064 2089 1100 curator

370 1121 543 1163 aedium
564 1137 781 1163 sacrarum
803 1128 845 1163 et
866 1135 1044 1178 operum
1065 1121 1353 1179 publicorum,
1386 1121 1536 1163 consul
1563 1122 1778 1177 (suffectus
1798 1138 1910 1166 anno
1931 1125 2089 1168 incerto

369 1189 530 1231 saeculi
569 1190 656 1231 III
648 1189 698 1244 ),·
742 1190 900 1232 XVvir
938 1190 1070 1231 sacris
1111 1189 1348 1243 faciundis3
1394 1196 1566 1231 curator
1604 1191 1667 1231 rei
1707 1191 1905 1246 publicae
1945 1193 2090 1249 Lepti-

370 1258 705 1312 m(agnensium)
767 1264 808 1299 et
862 1256 1252 1313 Tripolitanorum,
1309 1258 1371 1299 rei
1427 1257 1627 1313 publicae
1671 1259 2086 1317 Beneventanorum,

372 1323 680 1381 Catinensium,
711 1333 918 1382 patronus
948 1326 1175 1381 municipii
1205 1326 1492 1380 (Tiburtium)
1524 1327 1588 1368 tit.

288 1405 368 1446 931
401 1405 451 1446 P.
484 1404 662 1447 Clodius
692 1404 953 1458 Quirinalis,
996 1404 1143 1446 rhetor
1174 1404 1345 1449 Sueton.
1377 1405 1464 1447 incl.
1498 1405 1593 1447 libr.
1626 1405 1675 1448 de
1703 1405 1857 1448 rhetor.
1889 1411 1954 1458 13,
1985 1407 2091 1450 Are-

373 1472 549 1514 latensis
591 1474 753 1515 Romae
794 1474 1085 1527 insignissime
1125 1473 1250 1515 docet
1290 1473 1574 1528 Hieronymus
1615 1473 1756 1516 chron.
1799 1475 1868 1517 acl.
1911 1490 1950 1518 a.
1980 1476 2089 1519 Abr.

371 1543 484 1584 2063
512 1560 568 1575 Ξ
599 1555 638 1583 a.
666 1544 723 1583 47
741 1556 789 1595 p.
822 1540 866 1583 O.
897 1555 918 1583 e
948 1541 1163 1584 Suetonio.

299 1645 356 1649 —
399 1621 447 1662 P.
480 1620 713 1676 Palpellius
745 1620 920 1664 Clodius
954 1621 1204 1674 Quirinalis.

288 1701 371 1742 932
403 1706 445 1750 Q.
469 1705 679 1742 CLODIVS
710 1707 939 1754 RVFINVS,
971 1700 1139 1755 legatus
1160 1700 1347 1756 Augusti
1375 1717 1464 1757 pro.
1490 1717 1554 1757 pr.
1579 1702 1843 1757 (Numidiae)
1865 1702 1945 1745 sub
1969 1702 2092 1745 Com-

373 1767 498 1810 modo
541 1767 664 1810 VIII
684 1772 798 1813 4211
838 1772 865 1812 t.
899 1769 1243 1821 Verecundensis5
1283 1770 1416 1811 frater
1455 1769 1629 1812 Arvalis
1668 1785 1706 1812 a.
1740 1771 1820 1812 193
1859 1770 1927 1813 VI
1953 1774 2094 1822 2102;

373 1836 483 1878 idem
520 1836 684 1878 videtur
720 1836 896 1879 Clodius
932 1837 1114 1879 Rufinus
1155 1838 1267 1880 inter
1305 1837 1472 1880 nobiles
1513 1838 1567 1880 ab
1597 1839 1855 1894 imperatore
1886 1840 2092 1896 Septimio

375 1904 534 1947 Severo
567 1906 728 1946 occisos
759 1905 830 1947 vit.
858 1905 1003 1947 Severi
1030 1909 1098 1955 13,
1129 1908 1167 1948 5.

289 1984 371 2026 933
401 1990 445 2026 L.
478 1989 687 2026 CLODIVS
714 1990 888 2026 RVFVS.
951 1984 1127 2026 Nummi
1164 1984 1438 2039 Ayriyentini
1472 1987 1518 2028 in
1557 2000 1705 2028 aversa
1744 1990 1870 2041 caput
1905 1986 2092 2042 Auyusti

374 2051 567 2094 coehibent
607 2066 697 2094 cum
737 2053 1009 2106 inscriptione
1047 2052 1309 2108 Augus(tus)
1341 2054 1499 2109 p(ater)
1530 2055 1731 2111 p(atriae)
1761 2054 2086 2110 Agrigentinfi),

374 2120 419 2160 in
451 2132 599 2161 aversa
634 2119 803 2162 Salasso
836 2120 1046 2163 Comitiae
1078 2121 1178 2164 Sex.
1211 2121 1322 2163 Rufo
1364 2122 1552 2177 IIvir(is)
1594 2123 1639 2164 in
1671 2137 1817 2177 campo
1855 2123 1905 2167 L.
1938 2123 2087 2166 Clodio

372 2187 485 2229 Rufo
516 2203 592 2244 pro
625 2203 708 2230 cos,
741 2188 931 2239 Salinas,
962 2190 1024 2231 Le
1053 2193 1213 2232 monete
1243 2189 1348 2232 delle
1379 2190 1543 2233 antiche
1572 2191 1675 2233 citta
1706 2191 1751 2233 cli
1781 2190 1935 2233 Sicilia
1963 2206 2011 2246 p.
2036 2193 2090 2234 35

374 2271 414 2298 n.
437 2260 639 2300 342-349
663 2257 765 2312 (tab.
789 2257 924 2300 XIII
943 2272 984 2300 n.
1006 2261 1187 2315 25-32),
1221 2258 1450 2313 Cataloyue
1481 2260 1531 2312 of
1554 2258 1620 2301 the
1648 2258 1785 2301 Greek
1806 2259 1919 2301 coins
1947 2259 1993 2301 in
2024 2259 2090 2301 the

372 2324 539 2368 British
562 2326 770 2376 Museum,
803 2326 936 2381 Sicily
957 2341 1005 2381 p.
1027 2330 1090 2370 22
1114 2341 1155 2371 n.
1176 2330 1384 2377 160-164,
1416 2328 1492 2369 ubi
1510 2327 1620 2369 male
1641 2327 1796 2369 editum
1817 2330 1878 2369 est
1897 2339 1986 2369 SEX.
2008 2339 2087 2370 REO

370 2408 455 2448 pro
484 2405 588 2436 RVFO
620 2394 674 2447 cf.
698 2393 874 2437 Salinas
902 2409 944 2436 n.
973 2398 1065 2445 344,
1098 2395 1291 2445 Fiorelli,
1331 2394 1535 2450 Cataloyo
1565 2395 1631 2437 del
1658 2396 1810 2438 Museo
1841 2394 1886 2437 cli
1913 2394 2088 2449 Napoli,

374 2462 636 2516 Medayliere
664 2462 698 2504 I
718 2476 759 2506 n.
781 2466 900 2504 4066.

456 2529 694 2572 Proconsul
726 2529 899 2572 Siciliae
930 2530 1009 2572 sub
1027 2529 1225 2584 Augusto
1256 2538 1353 2587 post
1378 2546 1538 2573 annum
1561 2531 1642 2574 752
1663 2550 1719 2565 =
1739 2532 1765 2573 2
1786 2546 1822 2572 a.
1847 2530 1894 2573 C.
1915 2532 2087 2582 nummi,

370 2613 449 2652 quo
461 2599 606 2652 patris
619 2599 796 2652 patriae
810 2599 1058 2641 vocabulum
1077 2600 1243 2653 recepit.
1261 2625 1309 2629 -
1325 2599 1648 2654 Propinquitate
1670 2599 1881 2641 coniuncti
1898 2599 2091 2641 videntur

372 2666 546 2710 Clodius
577 2666 715 2708 Rufus
747 2682 879 2722 eques
906 2669 1137 2722 Romanus,
1171 2668 1244 2721 qui
1262 2669 1408 2722 posuit
1439 2671 1467 2710 t.
1495 2668 1815 2710 Thermitanum
1835 2667 1883 2709 X
1903 2671 2018 2718 7346,
2051 2670 2091 2710 et

371 2736 419 2777 P.
443 2734 618 2777 Clodius
640 2734 687 2776 C.
710 2734 738 2777 f.
760 2735 898 2777 Rufus
919 2736 1064 2789 Latro,
1098 2736 1172 2788 qui
1197 2736 1405 2778 dedicavit
1424 2736 1491 2778 Ti.
1515 2736 1690 2778 Caesari
1716 2736 1820 2777 Divi
1841 2735 1869 2779 f.
1890 2734 2088 2789 Augusto

371 2806 398 2844 t.
438 2804 484 2844 in
525 2817 601 2844 ora
638 2804 958 2857 septentrionali
996 2803 1175 2847 Siciliae
1221 2808 1431 2859 repertum
1472 2805 1641 2847 Notizie
1682 2804 1793 2859 deyli
1829 2804 1945 2846 soavi
1981 2806 2091 2846 1884

368 2885 414 2924 p.
447 2873 538 2912 163.

286 2951 371 2992 934
401 2949 579 2992 Clodius
601 2950 798 3005 Sabinus,
831 2951 977 2994 rhetor
1007 2952 1159 2993 aetatis
1179 2951 1379 3006 Augusti,
1414 2953 1458 2993 in
1489 2966 1616 3008 quem
1646 2966 1730 2993 uno
1764 2951 1834 2993 die
1864 2957 1907 2992 et
1935 2963 2089 3005 graece

373 3024 414 3059 et
442 3017 576 3060 latine
606 3017 915 3060 declamantem
945 3019 1079 3061 multa
1109 3019 1274 3061 urbane
1305 3019 1417 3061 dicta
1451 3025 1550 3061 sunt
1580 3019 1740 3062 Seneca
1769 3022 1948 3061 controv.
1981 3022 2019 3069 9,
2046 3022 2087 3069 3,
2133 3066 2137 3071 .

370 3089 434 3127 13.
464 3089 527 3127 14.
558 3110 615 3114 -
655 3085 785 3140 Vulyo
824 3087 933 3129 idem
964 3090 1147 3141 putatur
1179 3086 1277 3130 Sex.
1314 3087 1513 3142 Clodius,
1558 3086 1728 3130 Siculus
1770 3086 1929 3129 latinae
1964 3085 2089 3128 simul

370 3167 639 3209 graecaeque
678 3153 946 3209 eloquentiae
985 3155 1224 3211 professor,
1266 3156 1471 3210 magister
1508 3155 1567 3197 M.
1598 3154 1798 3209 Antonii,
1842 3155 1916 3211 qui
1953 3154 2009 3197 ab
2039 3168 2088 3196 eo

372 3220 546 3262 consule
576 3221 726 3275 ingens
758 3223 1022 3276 congiarium
1057 3224 1223 3278 accepit
1254 3223 1423 3266 Sueton.
1457 3223 1506 3266 de
1531 3237 1710 3278 mamm.
1743 3226 1782 3264 et
1809 3222 1913 3264 rhet.
1943 3225 2003 3266 29
2033 3222 2088 3276 cf.

367 3292 596 3342 practerea
622 3288 706 3332 Cic.
737 3289 924 3344 Philipp.
947 3293 990 3340 2,
1012 3294 1090 3342 43,·
1117 3294 1156 3341 3,
1178 3293 1251 3341 22,
1285 3291 1343 3333 acl
1360 3291 1452 3334 Aa.
1470 3295 1510 3342 4,
1531 3294 1593 3345 15,
1616 3294 1659 3341 2,
1694 3291 1769 3346 qui
1797 3291 1954 3332 citatur
1984 3289 2085 3333 Sex.

372 3355 545 3398 Clodius
568 3362 687 3398 sexto
713 3357 765 3398 dc
788 3358 868 3399 diis
889 3372 1043 3412 graeco
1062 3358 1280 3400 Arnobius
1299 3362 1337 3410 5,
1359 3362 1414 3401 18
1436 3379 1488 3393 z
1504 3360 1701 3401 Lactant.
1718 3358 1850 3400 instit.
1868 3361 1906 3408 1,
1923 3361 1999 3408 22,
2018 3360 2085 3402 11.
