2202 3730
100 273 127 308 c
146 298 157 309 .
174 298 185 309 .
959 258 1044 309 245
1727 271 1907 307 GAD1vs

176 403 347 445 minora
375 403 411 445 I
441 403 502 445 ed.
546 402 813 457 Mommsen),
854 403 1123 457 Regillianus
1162 403 1360 458 quitome
1397 405 1469 454 32,
1505 405 1534 445 3
1542 416 1556 454 ;
1605 401 1906 445 Trebellianus

180 470 361 524 Eutrop.
393 473 432 521 9,
464 473 504 515 8.

271 537 426 580 Gentis
447 539 612 580 Daciae
629 539 726 594 triy.
746 542 824 594 tyr.
842 542 908 590 10,
925 541 966 582 8.
998 540 1051 582 In
1071 539 1246 596 Illyrico
1268 539 1473 582 ducatum
1494 540 1906 595 gerens-imperator

183 612 248 648 est
276 606 416 648 factus
443 606 693 649 auctoribus
722 608 891 664 imperii
921 607 1102 663 Moesis,
1144 608 1217 664 qui
1249 622 1350 650 cum
1379 609 1574 662 Ingenuo
1605 608 1777 650 fuerant
1805 614 1905 650 ante

180 675 372 730 superati
392 700 449 705 -—
466 700 518 705 —
541 675 611 718 hic
631 675 767 718 multa
787 675 958 718 fortiter
977 682 1128 718 contra
1151 676 1371 719 Sarmatas
1392 677 1537 731 gessit,
1560 676 1636 718 sed
1656 675 1905 718 auctoribus

178 741 417 785 Roxolanis
448 744 907 799 consentientibusque
936 743 1144 787 militibus
1181 751 1223 786 et
1262 744 1414 786 timore
1451 743 1807 800 provincialium,
1849 758 1904 785 ne

180 811 337 852 iterum
369 810 592 855 Gallienus
621 812 824 866 graviora
852 811 1027 866 faceret,
1059 813 1344 869 interemptus
1376 819 1440 855 est
1460 812 1547 855 ibd.
1570 816 1638 863 10,
1657 816 1774 863 1-2;
1804 811 1903 856 Gal-

179 877 318 920 lienus
349 879 395 920 in
415 879 641 935 Illyricum
661 894 897 936 properans
917 881 1164 935 Ingenuum
1185 879 1358 935 devicit,
1390 895 1581 937 moxque
1601 880 1900 936 Regalianum,

181 947 256 1002 qui
293 948 476 1003 receptis
505 948 739 998 militibus,
772 963 880 1004 quos
911 948 1108 990 Mursina
1147 948 1267 991 labes
1298 948 1486 1005 reliquos
1516 949 1700 1003 fecerat,
1742 948 1903 991 bellum

179 1013 476 1070 duplicaverat
508 1016 612 1058 Viet.
641 1015 760 1060 Caes.
791 1019 856 1066 33,
888 1019 1004 1068 1-2,·
1042 1017 1088 1058 in
1118 1017 1282 1059 Moesia
1322 1018 1558 1074 imperator
1588 1018 1764 1064 effectus
1794 1016 1902 1071 Epi-

179 1085 285 1124 tome
312 1085 383 1134 32,
405 1086 433 1125 3
441 1096 455 1135 ,·
487 1083 633 1126 Sirmii
663 1090 875 1139 tyrannus
906 1085 1049 1126 extitit
1078 1084 1293 1127 Polemius
1322 1084 1427 1129 Silo.
1460 1085 1487 1128 l.
1519 1085 1571 1137 l.,·
1602 1076 1828 1129 Gallienus
1859 1085 1901 1126 in

178 1149 353 1206 Illyrico
384 1151 630 1205 Ingenuum
656 1151 775 1208 apud
794 1151 988 1194 Mursam
1014 1152 1173 1194 occidit
1193 1159 1236 1195 et
1257 1152 1579 1195 Trebellianum
1599 1154 1780 1207 Eutrop.
1802 1156 1840 1203 9,
1861 1154 1902 1195 8.

182 1218 415 1262 Trebellius
433 1219 573 1262 Pollio
593 1220 725 1274 igitur
746 1220 928 1274 proprio
951 1220 1099 1262 Marte
1118 1234 1186 1263 res
1206 1222 1397 1272 mutavit,
1418 1225 1467 1263 ut
1493 1221 1686 1264 Gallieni
1704 1221 1899 1276 qloriam,

177 1290 380 1343 quantum
401 1291 557 1342 posset,
588 1288 804 1332 minueret.
824 1312 875 1317 -—
901 1288 1170 1331 Memoratur
1189 1289 1260 1331 vit.
1280 1289 1472 1332 Gallieni
1490 1293 1529 1340 9,
1551 1293 1590 1340 1,
1614 1289 1790 1333 Claudii
1811 1292 1848 1339 7,
1863 1292 1901 1331 4.

272 1355 450 1399 onrem
469 1356 558 1398 eius
578 1369 663 1398 esse
685 1355 923 1410 Sufficiam
942 1356 1250 1411 Dryantillam,
1281 1371 1388 1411 quae
1417 1371 1501 1402 non
1529 1358 1616 1400 nisi
1644 1372 1694 1400 ex
1722 1357 1903 1400 nummis

178 1425 348 1480 eoqnita
377 1427 449 1475 est,
473 1424 760 1478 probabiliter
788 1425 940 1466 statuit
963 1424 1126 1468 Eehhel
1156 1425 1251 1467 VII
1265 1440 1313 1479 Ρ.
1334 1428 1428 1468 463.

122 1494 148 1535 3
181 1500 221 1537 C.
254 1499 281 1535 C
300 1526 310 1536 .
329 1528 339 1537 .
371 1498 642 1547 SECVNDVS,
674 1494 914 1549 praetorius
945 1499 1084 1535 aetate
1114 1493 1326 1535 Antonini
1357 1495 1436 1548 Pii,
1469 1501 1676 1551 patronus
1708 1493 1903 1536 coloniae

178 1560 442 1615 Falerionis,
482 1563 664 1604 maritus
706 1561 922 1604 Antoniae
951 1562 1206 1604 Picentinae
1234 1562 1313 1604 IX
1336 1565 1450 1606 5428
1482 1565 1511 1605 t.
1541 1562 1590 1604 F
1587 1561 1829 1612 aleriensis;
1856 1562 1903 1602 in

177 1629 318 1684 lapide
339 1633 447 1684 puto
472 1630 604 1684 fuisse
628 1641 664 1673 c.
687 1629 796 1685 c[L.],
829 1643 922 1672 eum
949 1629 1059 1673 duae
1091 1633 1167 1672 aut
1195 1643 1399 1672 summum
1430 1633 1514 1673 tres
1544 1630 1710 1673 litterae
1731 1629 1903 1685 possint

176 1711 372 1753 periisse.

89 1791 148 1796 —
175 1772 424 1809 AVRELIVS
456 1772 712 1811 c.......

86 1860 145 1865 —
175 1834 248 1890 [0.]
279 1842 444 1878 1VL1vs
476 1841 715 1877 oAM1L1vs
744 1835 1010 1890 GAL[ER1vs
1042 1835 1220 1890 ASPJER
1251 1840 1505 1878 e...01vs

93 1904 144 1946 4
173 1910 226 1946 Μ.
259 1909 322 1945 CA
340 1936 495 1955 ......
535 1903 703 1958 legatus
742 1902 940 1960 pro[COS.]
972 1903 1149 1959 (Asiae)
1170 1906 1430 1947 memoratur
1457 1903 1505 1946 in
1534 1905 1563 1945 t.
1592 1901 1779 1957 Ephesio
1808 1901 1898 1944 III

75 1971 85 1973 ”
174 1975 283 2015 6079
313 1985 421 2015 eorr.
452 1972 543 2015 III
565 1972 611 2016 S.
645 1974 771 2015 7128.
1402 2002 1404 2005 ι

91 2065 148 2070 -
178 2039 467 2083 *Cadicianus
496 2054 533 2085 v.
565 2039 868 2083 Caedicianus.

119 2109 145 2151 5
177 2115 219 2151 C.
252 2115 432 2151 CADIVS
473 2115 646 2152 RVFVS.
709 2108 886 2151 Nummi
925 2108 1114 2151 Nicaeae
1152 2107 1407 2163 Bithyniae:
1447 2108 1492 2163 a)
1523 2108 1568 2150 in
1600 2108 1780 2151 adversa
1810 2121 1902 2151 eum

176 2177 313 2231 eapite
353 2180 392 2219 et
430 2177 703 2231 inserijotione
741 2177 925 2219 nominis
956 2176 1151 2231 Claudii,
1183 2177 1230 2218 in
1260 2190 1432 2226 aversa,
1474 2177 1518 2219 Γ.
1550 2175 1699 2223 Κάδιος
1729 2175 1903 2232 Ῥοῦφος

176 2246 401 2292 ἀνθύπατος
421 2244 640 2288 Νεικαιέων
669 2244 900 2299 Cataloyue
932 2245 983 2298 of
1007 2244 1073 2286 the
1099 2243 1239 2287 Greek
1268 2245 1385 2287 coins
1414 2245 1467 2298 of
1480 2244 1645 2287 Pontus
1664 2247 1737 2288 ete.
1752 2259 1801 2299 Ρ.
1818 2245 1899 2286 153

178 2327 218 2355 n.
243 2316 307 2363 13,
336 2313 533 2355 Mionnet
552 2313 614 2355 II
626 2327 675 2367 Ρ.
696 2315 776 2355 450
805 2327 846 2355 n.
867 2316 972 2363 212,
1003 2312 1158 2362 Leake,
1192 2312 1467 2354 Numismata
1494 2312 1718 2355 Helleniea
1747 2311 1900 2366 Suppl.

176 2396 222 2435 Ρ.
246 2384 311 2432 73,
342 2394 530 2423 museum
558 2379 855 2432 Berolinense;
894 2380 935 2436 b)
967 2378 1245 2430 Messalinae,
1279 2380 1326 2422 in
1356 2393 1505 2422 aversa
1533 2380 1575 2434 1)
1605 2379 1750 2422 eadem
1779 2381 1902 2432 atque

177 2450 223 2492 in
253 2452 297 2506 a)
327 2449 391 2492 vel
419 2452 466 2505 2)
488 2450 550 2492 ἐπὶ
572 2449 603 2492 Γ
605 2481 616 2491 .
639 2448 791 2492 Καδίου
812 2447 988 2506 Ῥούφου
1012 2449 1239 2492 ἀνθυπάτου
1267 2450 1474 2505 πάτρωνος
1499 2447 1731 2503 Oataloque
1752 2462 1800 2502 Ρ.
1822 2450 1902 2490 154

175 2533 218 2561 n.
239 2522 305 2569 14,
338 2518 534 2561 Mionnet
553 2518 615 2560 II
628 2532 677 2572 Ρ.
697 2519 779 2560 450
807 2532 850 2560 n.
872 2520 968 2568 213,
1002 2517 1151 2572 ΒαΡΡῐ.
1183 2517 1226 2559 V
1238 2511 1296 2571 Ρ.
1307 2520 1362 2559 81
1390 2531 1432 2560 n.
1453 2521 1550 2567 412,
1574 2531 1622 2571 Ρ.
1643 2519 1703 2560 82
1731 2531 1774 2559 n.
1796 2519 1902 2568 413;

98 2587 100 2589 ’
177 2586 214 2635 e)
243 2586 511 2637 Britannici,
552 2585 697 2628 eadem
736 2599 885 2628 aversa
916 2589 1039 2639 atque
1067 2585 1114 2627 in
1145 2585 1168 2627 b
1189 2588 1221 2628 2
1249 2585 1637 2639 Imhoof-Blumer,
1671 2585 1901 2628 Monnaics

174 2668 371 2710 yreeques
392 2670 440 2710 Ρ.
463 2658 561 2699 240.
623 2655 746 2697 Male
783 2654 881 2697 leeti
917 2658 1017 2697 sunt
1044 2654 1207 2696 nummi
1235 2653 1419 2696 eiusdem
1450 2654 1646 2697 Mionnet
1676 2653 1826 2708 Suppl.
1858 2653 1901 2696 V

176 2738 223 2777 Ρ.
240 2725 294 2766 81
313 2737 355 2767 n.
371 2726 466 2774 411,
488 2738 538 2777 Ρ.
558 2726 646 2766 172
673 2736 716 2766 n.
738 2726 834 2773 999,
855 2723 1009 2773 Leahe,
1035 2722 1309 2765 Numismata
1329 2737 1378 2777 Ρ.
1400 2725 1467 2766 89.
1486 2747 1544 2753 -
1566 2722 1756 2765 Nomina
1766 2722 1902 2777 plena

178 2791 372 2834 exhibent
399 2792 572 2842 nummi,
604 2790 766 2834 Cadius
797 2790 937 2833 Rufus
968 2790 1084 2845 apud
1116 2790 1321 2833 Taeitwm.

262 2858 501 2901 Proconsul
521 2858 755 2915 Bithyniae
775 2860 890 2901 intra
914 2874 953 2900 a.
975 2859 1042 2913 43,
1073 2858 1150 2900 ubi
1177 2857 1293 2913 filius
1319 2856 1500 2901 Claudii
1529 2857 1616 2900 diei
1642 2859 1811 2912 coeptus
1840 2860 1901 2899 est

176 2926 469 2978 Britannicus,
500 2934 543 2970 et
572 2943 610 2972 a.
631 2928 700 2982 48,
731 2941 811 2981 quo
843 2927 1084 2969 Messalina
1115 2926 1322 2969 damnata
1351 2930 1422 2977 est,
1451 2927 1624 2970 nummi.
1684 2925 1813 2968 Anno
1844 2926 1899 2967 49

178 3010 234 3037 ex
262 2995 570 3052 proconsulatu
609 2995 704 3050 lege
738 2995 1076 3051 repetundarum
1106 2995 1410 3037 accusantibus
1437 2994 1639 3050 Bithynis
1670 2993 1899 3036 damnatus

185 3064 284 3107 Tac.
316 3078 356 3106 a.
386 3067 456 3115 12,
487 3066 551 3107 22
559 3077 574 3115 ;
614 3078 726 3106 anno
758 3064 813 3106 69
853 3063 908 3105 ab
946 3065 1206 3119 imperatore
1236 3062 1408 3106 Othone
1438 3062 1679 3105 senatorius
1709 3061 1830 3103 locus
1861 3061 1899 3103 ei

176 3131 368 3174 redditus
399 3138 464 3174 est
498 3132 597 3175 Tac.
618 3131 658 3177 h.
680 3135 719 3182 1,
746 3135 811 3174 77.

260 3198 336 3242 Ad
370 3199 480 3243 hune
517 3201 674 3255 referri
703 3202 844 3254 potest
882 3200 1167 3254 fragmentum
1206 3201 1236 3242 t.
1269 3199 1430 3242 urbani
1467 3198 1668 3253 bilinyuis
1698 3197 1767 3240 VI
1787 3200 1899 3241 1508

179 3287 235 3303 =
261 3267 331 3311 CI
331 3267 372 3311 G
391 3271 501 3311 5894
528 3288 584 3303 --
613 3268 648 3310 I
649 3267 725 3311 ΘΙ
737 3271 859 3318 1077,
890 3281 1009 3321 quem
1038 3266 1288 3310 dedicarunt
1316 3267 1506 3310 civitates
1532 3265 1739 3321 quaedam
1768 3265 1899 3308 Ponti

178 3339 218 3379 et
245 3336 479 3392 Bithyniae
509 3370 520 3380 .
539 3370 573 3380 ..
592 3370 602 3381 .
621 3351 644 3379 ο
675 3337 728 3379 L.
757 3335 787 3380 f.
816 3335 930 3378 Rufo
961 3334 1170 3392 pro[cos.]
1280 3368 1290 3378 .
1320 3342 1516 3392 patrono.
