2202 3730
288 283 538 319 AVRELIVS
1156 273 1235 315 198
1836 277 2086 315 AVRELIVS

292 414 401 456 1220
431 411 637 455 Aurelius
670 409 911 464 Canartha,
954 410 1154 465 princeps
1189 409 1382 463 gentium
1412 408 1692 464 Baquatium,
1734 414 1857 465 pater
1885 408 2089 452 Memoris

373 481 617 523 nominatur
656 478 702 520 in
744 481 771 522 t.
813 477 899 532 filii
928 477 995 520 VI
1016 479 1149 528 1800,·
1188 477 1234 519 in
1274 476 1414 531 lapide
1454 480 1569 519 extat
1603 476 1645 520 d.
1684 491 1740 522 m.
1782 477 1984 520 Memoris
2012 490 2092 521 EILI

374 547 523 591 Aureli
546 546 792 590 Canarthae
813 549 901 596 etc„
932 546 1164 588 memoriae
1184 544 1282 588 Aeli
1314 546 1618 599 interpretatur
1637 545 1816 596 Dessau,
1843 546 2092 600 Inscriptio-

373 630 446 658 nes
473 615 647 657 selectae
676 628 718 657 n.
738 616 819 657 855
847 614 963 656 haud
990 617 1113 658 recte.

292 685 396 726 1221
431 690 532 727 ΙΜΡ.
566 688 760 724 CAESAR
800 689 850 726 M.
881 688 1129 723 AVRELIVS
1172 687 1385 723 CARINVS
1415 687 1683 724 AVGVSTVS.
1743 681 1885 724 Plena
1920 683 2092 725 ‘nomina

376 751 568 793 exhibent
589 750 704 792 tituli
722 751 992 804 imperatoris
1011 751 1260 804 nummique,
1283 749 1399 804 apud
1417 750 1642 804 scriptores
1662 749 1862 793 Carinus.
1889 775 1928 779 —
1957 749 2093 792 Filius

374 820 511 862 maior
549 819 607 861 M.
650 817 818 860 Aurelii
861 817 962 860 Cari
1000 818 1091 859 vita
1131 815 1234 860 Cari
1267 821 1333 868 10,
1375 833 1401 859 a
1440 824 1562 874 patre
1602 824 1830 874 postquam
1868 818 2094 875 imperium

378 887 559 943 adeptus
599 893 683 940 est,
728 885 887 929 Caesar
927 892 1200 944 nuncupatus
1229 886 1301 929 vit.
1330 885 1436 928 Cari
1466 889 1502 936 7,
1533 888 1596 936 16,
1639 885 1780 928 Victor
1807 885 1925 929 Caes.
1955 888 2021 937 38,
2053 889 2093 937 1,

374 956 557 1010 Eutrop.
581 958 618 1005 9,
640 957 706 1005 18,
736 954 933 1008 Epitome
955 956 1021 1004 38,
1043 956 1085 997 2.
1136 953 1246 996 Cum
1269 953 1453 997 Carinus
1476 955 1522 995 in
1543 954 1699 996 Persas
1729 953 1945 1010 profectus
1972 959 2094 1008 esset,

375 1023 560 1066 Carinus
592 1022 752 1065 Caesar
785 1022 984 1064 ‘decretis
1015 1021 1096 1064 sibi
1128 1020 1281 1065 Galliis
1312 1027 1442 1078 atque
1473 1021 1612 1076 Italia,
1653 1021 1840 1078 Illyrico,
1873 1022 2096 1078 Hispaniis

377 1106 428 1133 ao
448 1091 684 1133 Britanniis
712 1096 753 1132 et
779 1089 929 1132 Africa
951 1090 1126 1133 relictus
1151 1104 1177 1131 a
1206 1095 1328 1145 patre
1350 1089 1667 1132 Caesareanum
1687 1091 1825 1133 tenuit
1854 1091 2095 1146 imperium,

376 1160 449 1201 sed
482 1174 532 1200 ea
561 1158 670 1213 lege,
701 1165 749 1200 ut
779 1159 924 1201 omnia
953 1158 1125 1212 faceret,
1159 1172 1269 1214 quae
1289 1157 1477 1213 Augusti
1507 1158 1685 1201 faciunt'
1721 1160 1792 1202 vit.
1822 1158 1929 1201 Cari
1955 1161 2020 1209 16,
2051 1161 2095 1201 2.

372 1227 533 1271 Caesar
556 1228 697 1281 factus
718 1226 874 1269 dicitur
893 1226 951 1269 M.
976 1225 1178 1268 Aurelius
1200 1225 1386 1268 Carinus
1411 1226 1702 1269 nobilissimus
1723 1226 1884 1270 Caesar
1903 1227 1965 1269 II
1975 1229 2094 1281 4103,

377 1295 500 1338 VIII
521 1297 667 1337 10157.
698 1297 848 1345 10219,
880 1294 928 1336 X
954 1297 1074 1345 8013,
1107 1294 1277 1348 passim
1315 1294 1362 1336 in
1401 1295 1581 1336 nummis
1618 1294 1758 1338 Cohen
1787 1294 1856 1338 VI
1860 1295 1876 1320 2
1914 1294 2098 1338 Carinus

375 1378 416 1406 n.
440 1367 504 1407 19.
526 1365 596 1406 25.
618 1366 688 1406 29.
709 1365 772 1405 49.
795 1366 864 1406 62.
887 1366 954 1406 63.
978 1365 1042 1405 69.
1067 1366 1129 1405 70.
1151 1365 1322 1404 87-110
1339 1365 1411 1406 etc.
1433 1362 1496 1404 vel
1515 1363 1623 1419 Imp.
1642 1362 1802 1406 Caesar
1817 1363 1876 1405 M.
1894 1363 2096 1406 Aurelius

378 1431 562 1475 Carinus
592 1430 880 1473 nobilissimus
902 1430 1064 1473 Caesar
1091 1430 1231 1473 Cohen
1249 1444 1291 1473 n.
1313 1431 1403 1473 145.
1426 1433 1517 1473 155.
1538 1434 1631 1474 177.
1652 1433 1751 1474 182.
1773 1433 1865 1475 186.
1889 1434 1972 1475 188
1999 1433 2098 1475 item

378 1501 424 1542 in
449 1499 769 1550 Alexandrinis,
801 1500 874 1553 qui
894 1500 1084 1554 primum
1115 1513 1273 1541 annum
1303 1498 1448 1555 (Cari)
1479 1499 1672 1542 indicant
1698 1498 1930 1555 Cataloyue
1959 1501 2012 1554 of
2033 1500 2100 1544 the

378 1567 515 1611 Greeh
545 1568 661 1610 coins
690 1568 736 1609 in
763 1568 829 1610 the
856 1567 1025 1609 British
1055 1568 1274 1618 Muscam,
1306 1567 1578 1610 Alexandria
1601 1582 1647 1622 p.
1668 1571 1753 1610 317
1778 1582 1819 1610 n.
1841 1571 2098 1612 2448-2451

378 1636 431 1689 cf.
461 1636 621 1678 Echhel
650 1635 746 1677 VII
759 1650 806 1689 p.
827 1638 920 1678 516.
964 1636 1020 1678 In
1050 1635 1185 1678 titulis
1212 1649 1525 1689 nonnumquam
1554 1635 1670 1677 haud
1699 1639 1895 1678 accurate
1926 1636 2100 1679 additur

379 1703 602 1758 Augustus
632 1703 762 1746 veluti
788 1704 850 1746 II
870 1706 989 1747 3835.
1019 1707 1140 1754 4761,
1182 1703 1304 1746 VIII
1324 1706 1446 1747 5332.
1478 1707 1626 1746 10144.

466 1771 577 1814 Caro
599 1778 765 1813 mortuo
787 1787 824 1813 a.
848 1772 933 1814 283
954 1771 1139 1814 Carinus
1161 1773 1349 1827 primum
1370 1787 1465 1814 eum
1487 1772 1750 1814 Numeriano
1770 1772 1916 1826 fratre,
1944 1772 2100 1814 deinde

384 1839 498 1882 solus
520 1839 743 1894 Augustus
765 1840 991 1896 imperium
1013 1840 1151 1882 tenuit
1169 1840 1240 1882 vit.
1270 1839 1377 1882 Cari
1394 1843 1459 1882 16.
1507 1841 1612 1896 Imp.
1636 1839 1796 1882 Caesar
1814 1839 1874 1883 M.
1897 1839 2100 1883 Aurelius

383 1907 567 1951 Carinus
598 1907 821 1962 Augustus
851 1908 897 1949 in
928 1908 1062 1950 titulis
1089 1908 1358 1962 nummisque.
1419 1907 1583 1951 Consul
1612 1909 1635 1951 I
1664 1923 1763 1951 eum
1791 1915 1913 1965 patre
1942 1924 1980 1951 a.
2002 1909 2098 1963 283,

383 1977 428 2018 II
459 1990 556 2018 eum
586 1976 720 2018 fratre
750 1991 787 2020 a.
820 1977 904 2018 284
935 1977 1052 2030 fasti.
1117 1975 1251 2032 Apud
1290 1976 1489 2031 Margum
1530 1976 1691 2032 proelio
1733 1977 1957 2020 commisso
1997 1978 2099 2020 Dio-

384 2044 615 2086 cletianum
645 2045 772 2098 vicit,
815 2044 890 2086 sed
931 2058 1106 2086 suorum
1136 2045 1224 2086 ictu
1255 2045 1419 2086 interiit
1449 2043 1591 2087 Victor
1617 2044 1735 2088 Caes.
1764 2048 1831 2096 39,
1863 2049 1934 2096 12,
1964 2046 2101 2088 minus

384 2115 578 2154 accurate
616 2127 642 2154 a
678 2111 950 2154 Diocletiano
991 2113 1130 2154 vietus
1163 2112 1319 2155 dicitur
1347 2113 1418 2154 vit.
1450 2111 1556 2155 Cari
1582 2115 1648 2163 18,
1682 2115 1722 2163 2,
1763 2113 1944 2168 Εαένιῃο.
1973 2116 2012 2164 9,
2036 2113 2102 2157 ’20

384 2177 583 2232 (Orosius
615 2183 652 2230 7,
683 2184 753 2223 24.
785 2179 870 2235 25),
911 2180 1109 2234 Epitome
1138 2182 1205 2230 38,
1236 2182 1289 2232 8,·
1318 2180 1428 2222 male
1459 2181 1502 2221 in
1533 2195 1680 2237 pugna
1709 2188 1859 2223 eontra
1887 2180 2100 2224 Iulianum

384 2248 520 2290 Carus
552 2249 715 2290 occisus
735 2248 984 2302 perhibetur
1015 2249 1068 2291 ab
1100 2249 1372 2302 epitomatore
1404 2249 1565 2291 Zosimi
1594 2249 1690 2292 Zos.
1721 2253 1759 2300 1,
1791 2253 1854 2300 73,
1885 2253 1924 2292 3.

469 2317 708 2372 Imperavit
737 2317 860 2358 annis
891 2317 936 2358 Il
965 2316 1183 2358 mensibus
1213 2317 1282 2359 XI
1311 2316 1351 2360 d.
1382 2317 1427 2359 II
1459 2316 1837 2373 Chronoyraphus,
1877 2319 2102 2374 scriptores

383 2384 539 2437 reliqui
569 2398 707 2426 omnes
735 2385 916 2438 imperia
942 2384 1050 2426 Cari
1073 2388 1112 2427 et
1136 2384 1323 2439 filiorum
1342 2385 1546 2439 complexi
1562 2388 1682 2428 sunt:
1709 2385 1931 2429 biennium
1961 2386 2103 2431 Victor

385 2451 503 2494 Caes.
540 2455 606 2502 39,
643 2455 716 2502 13,
761 2452 956 2506 Epitome
993 2455 1067 2503 38,
1109 2455 1156 2503 1,
1196 2453 1376 2507 Eutrop.
1418 2456 1456 2504 9,
1494 2456 1568 2504 18,
1613 2454 1824 2497 Eusebius
1864 2469 2021 2500 armen.
2063 2459 2103 2499 et

385 2520 667 2575 Hieronymus
688 2520 828 2563 chron.
852 2536 899 2575 p.
921 2523 1015 2563 186.
1036 2523 1121 2563 187
1143 2521 1195 2563 ed
1218 2521 1391 2572 Schonc,
1423 2521 1506 2564 οὔδ’
1529 2523 1614 2565 ὅλοι
1637 2526 1739 2579 τρεῖς
1758 2524 1930 2567 ἐνιαυτοί
1945 2524 2100 2568 Euseb.

384 2588 480 2630 hist.
502 2588 596 2630 eccl.
621 2592 657 2639 7,
678 2592 742 2639 30,
775 2591 795 2631 ὁ
829 2590 871 2631 δὲ
901 2594 971 2645 τῆς
999 2589 1148 2632 τούτων
1180 2591 1309 2645 ἀρχῆς
1337 2589 1482 2646 χρόνος
1511 2592 1555 2633 οὐ
1586 2590 1726 2648 γέγονε
1759 2590 1852 2635 καθ’
1882 2592 2100 2649 ὁλόκληρον

382 2658 533 2712 τριετής
570 2656 727 2698 Zonar.
759 2660 834 2708 12,
869 2660 922 2699 30
956 2672 1004 2711 p.
1034 2659 1126 2708 157,
1157 2661 1220 2701 22
1258 2657 1319 2701 ed.
1360 2657 1564 2712 Dindorf.
1633 2659 1835 2702 Mortuus
1872 2660 2004 2715 iyitur
2043 2663 2103 2703 est

386 2726 542 2765 aestate
572 2724 660 2777 fere
690 2739 729 2766 a.
761 2727 858 2768 285.

471 2791 618 2833 onr:
650 2792 828 2846 Magnia
856 2793 1032 2835 Vrbiea.

305 2860 412 2901 1222
445 2858 683 2914 (Aurelius)
715 2859 896 2917 Carpus,
927 2860 1217 2917 proe(urator)
1248 2861 1536 2917 k(astrensis),
1567 2869 1691 2919 pater
1719 2862 1778 2905 M.
1799 2861 1966 2906 Aurelii
1988 2864 2102 2908 Ster-

386 2926 479 2968 tinii
509 2926 638 2983 Carpi
670 2927 738 2971 VI
758 2932 856 2971 727.

305 2995 412 3037 1223
443 3001 544 3039 IMP.
593 3001 787 3038 CAESAR
830 3004 882 3039 M.
923 3003 1172 3040 AVRELIVS
1220 3003 1377 3040 CARVS
1417 3005 1529 3042 Ave.
1596 2998 1737 3042 Plena
1778 3000 1952 3042 nmina
1990 2999 2106 3044 tituli

386 3064 622 3117 nummique
651 3064 919 3118 imperatoris
949 3065 1153 3116 exhibent,
1187 3065 1325 3109 Carus
1352 3066 1469 3121 apud
1494 3067 1732 3122 scriptores.
1753 3092 1809 3098 —
1833 3068 1981 3111 Patria
2001 3067 2102 3112 Cari

390 3131 589 3186 ambigue
624 3132 779 3174 tradita
806 3139 889 3185 est3
931 3133 1004 3175 alii
1036 3149 1132 3176 eum
1163 3135 1338 3189 Romae,
1380 3135 1453 3177 alii
1480 3135 1531 3187 in*
1550 3134 1737 3191 Illyrico,
1769 3135 1842 3178 alii
1871 3135 2103 3178 Mediolani

388 3205 536 3240 natum
579 3213 670 3241 esse
710 3200 969 3243 rettulerunt
996 3203 1085 3244 vita
1110 3205 1161 3253 4;
1199 3202 1401 3245 Narbone
1441 3209 1567 3245 natus
1607 3203 1748 3246 Victor
1783 3203 1901 3246 Caes.
1931 3206 1998 3255 39,
2035 3206 2101 3255 13,

390 3267 586 3322 Epitome
606 3270 672 3318 38,
693 3268 872 3323 Μίνῳ.
896 3273 934 3320 9,
956 3272 1023 3320 18,
1055 3269 1202 3313 Sidon.
1223 3270 1365 3326 Apoll.
1389 3285 1516 3313 carm.
1538 3274 1607 3322 23,
1631 3274 1698 3322 93,
1728 3273 1772 3315 τὸ
1791 3271 1905 3329 γένος
1924 3272 2106 3328 Γαλάτης

391 3335 548 3379 Zonar.
572 3338 642 3386 12,
663 3338 716 3378 30
738 3355 793 3370 τ-
814 3336 991 3391 Syneell.
1005 3352 1054 3392 p.
1078 3341 1172 3382 724.
1226 3338 1333 3381 Dux
1353 3353 1409 3380 ex
1429 3338 1658 3395 disciplina
1680 3338 1853 3383 militari
1878 3338 2010 3383 Probi
2030 3341 2102 3383 vit.
