2202 3730
152 298 311 335 CEBES
1019 295 1102 338 325
1725 303 1957 340 CEIONIVS

237 439 360 482 VIII
379 442 495 483 2583
502 453 516 492 ;
559 441 799 483 coniectura
831 442 967 496 plane
1013 444 1176 485 ineerta
1219 444 1392 487 nomina
1431 445 1520 487 'eius
1558 445 1754 487 restituta
1793 448 1890 488 sunt
1930 460 1958 488 a

232 507 416 549 Reniero
442 508 489 550 in
519 510 548 550 t.
581 509 728 551 mutilo
760 509 883 552 VIII
905 513 1021 554 2697
1049 511 1153 553 anni
1181 514 1273 555 186.

149 576 259 618 4919.
290 575 440 630 Cebes,
463 590 571 632 puer
586 577 782 632 Vergilii,
801 593 929 634 quem
953 579 991 620 ei
1014 578 1253 622 donaverat
1272 579 1501 622 Maecenas
1516 579 1685 623 Donati
1703 581 1774 624 vit.
1802 580 1955 636 Veryil.

231 659 280 698 p.
301 647 355 695 57
380 644 497 687 Suet.
526 645 644 699 reliq.
676 645 737 689 ed.
766 646 1084 698 Reifferscheid,
1117 647 1290 690 Servius
1319 649 1365 690 in
1396 648 1548 703 Veryil.
1580 649 1652 692 eol.
1673 652 1718 700 2,
1738 651 1805 692 15.

148 713 232 755 492
264 718 547 767 CECROPIVS,
579 714 648 754 vir
676 713 937 757 clarissimus
970 715 1038 758 VI
1058 718 1140 758 836
1167 717 1350 769 fortasse
1380 717 1534 759 aetatis
1554 718 1820 771 posterioris.

151 780 236 823 493
267 779 502 836 Cecropius
524 782 615 823 sive
631 781 854 837 Ceronius,
873 783 966 825 dux
980 783 1295 838 Dalmatarum,
1318 785 1625 828 coniurationis
1646 786 1690 827 in
1707 784 1953 829 Gallienum

234 850 448 905 particeps
490 849 791 905 imperatorem
830 849 915 892 telo
960 851 1226 906 percussisse
1266 851 1424 894 dicitur
1462 852 1534 894 vit.
1573 852 1765 895 Gallieni
1792 856 1858 895 14.
1898 878 1955 883 -

231 915 409 971 Cecrops
450 917 659 968 Maurus,
701 919 774 971 qui
810 919 856 960 in
896 918 1151 961 editionibus
1190 920 1502 973 antiquioribus
1537 920 1700 963 Zosimi
1727 924 1767 973 1,
1796 924 1853 964 38
1891 923 1954 965 in-

227 986 406 1036 venitur,
449 999 477 1028 a
506 986 676 1028 Zosimo
708 986 872 1029 alienus
901 990 984 1038 est;
1022 1002 1122 1029 nam
1162 987 1269 1030 liber
1298 987 1529 1031 Vaticanus
1557 1003 1642 1032 non
1671 990 1880 1047 Κέκροπός
1908 1007 1954 1047 γε

227 1059 295 1098 τοῦ
313 1054 584 1111 Μαυρουσίου,
614 1058 663 1097 ut
685 1054 806 1109 vulyo
829 1055 1055 1110 leyebatur,
1086 1056 1161 1098 sed
1188 1073 1360 1113 μεμορος
1389 1057 1553 1100 exhibet
1576 1058 1631 1111 ef.
1656 1058 1954 1101 Mendelssohn

228 1122 286 1165 ad
305 1122 331 1165 l.
355 1123 396 1173 l.,
429 1124 502 1177 qui
529 1126 570 1166 et
590 1123 707 1177 apud
724 1124 1059 1166 continuatorem
1079 1123 1236 1167 Dionis
1267 1124 1382 1169 Ved.
1403 1125 1603 1179 Dindorf
1617 1140 1665 1180 p.
1686 1129 1776 1170 220
1797 1126 1954 1169 dicitur

227 1189 384 1248 Μέμωρ
415 1191 678 1248 Μαυρούσιος.

141 1258 228 1301 494
257 1258 506 1315 Cecropius,
525 1259 617 1301 dux
638 1274 694 1301 ex
712 1259 942 1315 disciplina
961 1260 1135 1303 militari
1156 1262 1428 1317 imperatoris
1445 1261 1579 1304 Probi
1594 1263 1667 1305 vit.
1678 1261 1816 1305 Probi
1824 1265 1900 1313 22,
1911 1265 1951 1306 3.

139 1326 223 1369 495
254 1326 460 1370 Ceionius
496 1325 574 1379 (sie
610 1328 901 1382 apoyraphum
930 1328 1218 1380 Amerbaehii‚
1263 1329 1311 1372 C.
1343 1330 1524 1371 Eionius
1564 1330 1691 1372 editio
1717 1330 1950 1385 princeps),

227 1394 470 1451 praefectus
491 1402 731 1438 castrorum
753 1395 979 1449 Quinctilii
1000 1397 1108 1439 Vari
1139 1413 1176 1440 a.
1198 1398 1224 1439 9
1247 1413 1288 1453 p.
1310 1396 1359 1440 C.
1391 1398 1436 1440 in
1462 1397 1585 1440 clade
1606 1399 1796 1441 Variana
1826 1405 1952 1455 turpe

227 1462 474 1519 exemplum
505 1463 708 1519 prodidit,
752 1465 837 1520 qui,
882 1479 978 1506 cum
1019 1463 1147 1519 longe
1182 1466 1414 1507 maximam
1444 1473 1612 1522 partem
1641 1466 1954 1523 absumpsisset

224 1532 359 1586 acies,
401 1539 552 1574 auctor
591 1531 823 1574 deditionis
860 1532 1071 1589 supplicio
1102 1548 1231 1589 quam
1272 1533 1435 1590 proelio
1466 1536 1575 1576 mori
1605 1535 1743 1577 voluit
1773 1535 1952 1578 Velleius

224 1603 268 1650 2,
302 1603 396 1652 119,
426 1604 465 1643 4.

137 1667 221 1710 496
250 1674 296 1710 L.
328 1668 594 1723 CEI[ONIVS]
629 1683 742 1710 anno
762 1669 812 1711 91
847 1675 1071 1726 cooptatus
1094 1669 1156 1722 (in
1177 1669 1396 1724 oolleyium
1415 1670 1626 1712 sodalium
1645 1670 1948 1725 Auyustalium

221 1734 517 1779 Claudialium
545 1740 593 1779 ut
619 1736 800 1791 videtur)
834 1737 902 1780 VI
922 1740 1056 1790 1988;
1097 1737 1331 1793 Cei[onius]
1370 1739 1548 1789 restitui,
1590 1740 1691 1793 quia
1732 1739 1823 1781 alia
1849 1753 1951 1793 qens

222 1805 379 1847 nobilis
407 1805 526 1848 illius
556 1806 722 1856 aetatis,
753 1806 871 1848 euius
899 1820 1051 1849 nomen
1072 1821 1099 1848 a
1123 1806 1277 1849 litteris
1306 1818 1371 1850 cm
1400 1807 1591 1862 incipiat,
1622 1821 1708 1850 non
1726 1808 1949 1851 invenitur.

225 1873 370 1916 Potest
398 1886 484 1916 esse
514 1873 658 1916 consul
688 1889 727 1916 a.
749 1877 842 1917 106.

138 1941 220 1984 497
254 1947 485 1984 CEIONIVS
506 1948 735 1996 ALBINVS,
768 1943 1014 1998 praefectus
1036 1943 1133 1985 urbi
1154 1943 1235 1986 sub
1256 1943 1490 1986 Valeriano
1515 1945 1586 1986 vit.
1609 1944 1840 1987 Aureliani
1858 1948 1896 1994 9,
1919 1948 1951 1988 2

131 2004 141 2005 l
222 2010 269 2052 in
290 2009 473 2064 epistula
492 2010 618 2064 βείω
647 2011 876 2053 Nummius
897 2011 1085 2054 Albinus
1115 2011 1360 2068 praefectus
1392 2012 1487 2055 urbi
1519 2027 1632 2055 anno
1654 2014 1738 2055 256
1765 2012 1948 2056 Chrono-

218 2077 421 2132 9raphus.
482 2077 583 2121 Vide
613 2079 735 2133 infra
763 2079 840 2121 sub
871 2079 934 2121 M.
968 2079 1170 2122 Nummio
1198 2080 1369 2123 Ceionio
1399 2081 1546 2124 Annio
1576 2080 1746 2124 Albino.

136 2145 220 2188 498
251 2145 455 2189 Ceionius
495 2146 704 2202 Albinus,
756 2147 882 2190 homo
923 2147 1081 2191 nobilis
1120 2149 1175 2191 ab
1220 2150 1480 2205 imperatore
1526 2150 1734 2206 Septimio
1782 2149 1944 2193 Severo

223 2215 389 2256 occisus
417 2215 489 2257 vit.
523 2215 670 2258 Severi
694 2219 761 2266 13,
787 2219 826 2260 3.

148 2306 207 2311 —
250 2288 303 2325 M.
333 2289 563 2325 NVMMIVS
598 2290 833 2326 CEIONIVS
863 2289 1051 2326 ANNIVS
1081 2291 1308 2328 ALBINVS.

134 2350 218 2392 499
250 2357 516 2394 CAEIONIVS
558 2358 826 2406 CAMENIVS,
868 2353 938 2394 vir
978 2351 1241 2396 clarissimus
1281 2360 1324 2396 et
1359 2354 1565 2397 Caeionia
1604 2355 1821 2398 Fusciana
1862 2355 1946 2397 cla-

219 2419 391 2461 rissima
429 2419 590 2462 femina
626 2423 912 2463 memorantur
952 2421 998 2463 in
1028 2424 1055 2465 t.
1084 2422 1311 2464 nutritoris
1350 2422 1419 2465 VI
1444 2425 1590 2466 21787
1627 2423 1788 2466 saeculi
1824 2424 1942 2466 IIII

214 2488 364 2541 potius
392 2501 519 2541 quam
547 2488 641 2532 III.

135 2555 219 2597 500
247 2562 300 2598 M.
332 2556 603 2610 (CEIONIVS)
636 2564 804 2599 CIVICA
832 2562 1108 2612 BARBARVS,
1143 2557 1292 2600 consul
1320 2573 1433 2600 anno
1467 2559 1547 2602 157
1580 2573 1678 2602 cum
1698 2559 1758 2602 M.
1779 2559 1945 2602 Metilio

219 2623 399 2678 Regulo.
434 2624 491 2667 In
511 2625 754 2668 consulatu:
773 2625 833 2669 M.
857 2624 1009 2667 Civica
1029 2625 1251 2668 Barbarus
1282 2626 1350 2669 VI
1361 2630 1456 2678 376,
1477 2627 1557 2670 XI
1562 2627 1605 2670 V
1614 2631 1740 2678 2410,
1763 2631 1942 2671 ceterum

217 2691 440 2735 Barbarus
470 2693 589 2746 fasti.

303 2759 449 2813 Medio
479 2760 582 2803 belli
611 2761 805 2804 Parthici
837 2768 1028 2818 tempore
1055 2763 1111 2815 (a.
1135 2764 1230 2817 164)
1264 2763 1497 2819 imperator
1517 2763 1578 2805 M.
1598 2762 1804 2806 Aurelius
1825 2764 1943 2807 Civi-

217 2843 310 2870 cam
340 2835 543 2885 patruum
563 2830 669 2872 Veri
699 2836 742 2873 et
769 2830 982 2872 Lucillam
1011 2831 1143 2873 filiam
1173 2831 1227 2873 ad
1247 2831 1410 2874 Verum
1446 2833 1490 2874 in
1523 2832 1696 2888 Syriam
1725 2833 1842 2875 misit
1868 2835 1941 2877 vit.

215 2896 366 2939 Marci
389 2901 429 2948 9,
451 2901 491 2939 4.
550 2898 771 2940 Barbarus
809 2906 990 2954 patruus
1020 2900 1125 2941 Veri
1164 2898 1316 2942 Galen.
1346 2899 1426 2942 XI
1431 2899 1473 2942 V
1483 2915 1533 2954 p.
1560 2903 1650 2943 613.
1683 2904 1764 2944 619
1795 2902 1855 2944 K.
1885 2927 1942 2931 —

215 2963 374 3007 Frater
401 2980 498 3020 erqo
529 2966 579 3008 L.
610 2966 733 3009 Aelii
761 2965 968 3017 Caesaris,
1000 2967 1117 3022 filius
1147 2968 1198 3010 L.
1231 2966 1395 3011 Ceionii
1423 2967 1639 3011 Commodi
1663 2982 1744 3012 eos.
1777 2984 1816 3013 a.
1847 2973 1939 3012 106.

131 3033 210 3075 501
245 3040 290 3075 L.
321 3039 554 3077 CEIONIVS
586 3040 873 3089 COMMODVS,
907 3035 1059 3077 consul
1090 3050 1203 3078 anno
1235 3036 1288 3079 78
1320 3051 1417 3078 cum
1447 3037 1504 3080 D.
1526 3037 1667 3080 Novio
1700 3038 1860 3080 Prisco.
1882 3063 1939 3068 —

218 3100 488 3144 Memoratur
517 3103 562 3144 in
592 3105 619 3145 t.
650 3103 786 3145 soeeri
815 3102 883 3145 VI
905 3106 1014 3145 1348
1043 3103 1116 3158 (1),
1147 3105 1295 3147 uoeoris
1323 3107 1429 3148 1349
1459 3105 1536 3160 (2).

302 3170 359 3212 In
388 3170 631 3212 consulatu:
659 3170 710 3213 L.
741 3170 945 3214 Ceionius
978 3170 1272 3226 [Com]m0dus
1304 3172 1372 3216 VI
1388 3175 1511 3224 2056,
1541 3175 1731 3218 Καιωνίω
1761 3175 1938 3231 Κομόδω

216 3239 307 3281 ὑπα.
347 3239 392 3281 in
433 3238 640 3293 amphora
668 3239 794 3293 pieta
823 3238 1038 3293 Pompeiis
1075 3243 1244 3295 reperta
1274 3240 1501 3295 Soyliano‚
1538 3242 1603 3284 Di
1637 3242 1717 3285 due
1759 3243 1939 3298 epi'qrafi

218 3305 453 3358 amforarie
473 3306 730 3361 Pompejane
752 3322 800 3361 p.
816 3310 866 3358 5;
896 3310 1075 3350 eeterwm
1096 3307 1357 3351 Commodus
1377 3310 1494 3363 fasti.
1513 3334 1565 3340 —
1588 3310 1792 3354 Ceionius
1815 3310 1938 3353 Com-

215 3373 365 3416 modus
395 3377 424 3416 t.
450 3378 488 3417 1.
519 3378 563 3418 2.
