2216 3762
113 289 313 327 ACILIVS
1013 284 1038 326 7
1729 290 1929 327 ACILIVS

198 421 372 477 Auggg.
405 421 479 475 (=
503 422 651 466 Severi
669 422 882 464 Antonin-i
912 421 1046 464 Getae
1069 421 1287 475 209l211)‚
1313 428 1569 478 procurator
1600 424 1742 479 operis
1772 422 1931 465 theatri

201 491 465 547 Pompeiani,
487 490 580 533 fisci
601 491 839 533 advocatus
861 490 1120 533 codicillaris
1142 491 1339 533 stationis
1370 490 1679 533 hereditatium
1709 498 1752 534 et
1782 491 1934 533 cohae-

201 559 388 601 rentium
415 561 444 600 t.
465 562 503 601 1.
525 562 567 602 2.
625 558 813 601 Curator
833 559 1118 601 Laurentium
1140 559 1419 600 Lavinatium
1447 559 1545 601 vico
1577 558 1935 613 Augustanorum

202 630 231 670 t.
261 631 305 682 1,
338 627 538 669 sacerdos
571 627 858 670 Laurentium
887 627 1166 669 Lavinatium
1199 630 1227 669 t.
1258 630 1298 669 1.
1326 630 1382 679 2;
1420 634 1628 684 patronus
1658 628 1766 685 reip.
1796 628 1936 670 muni-

202 697 288 753 cipi
330 697 555 740 Severiani
595 696 881 738 Antoniniani
921 696 1084 751 lib(eri)
1118 695 1367 738 Thibursici
1398 696 1517 738 Bure
1547 700 1576 738 t.
1607 699 1656 747 1,
1688 698 1935 754 p(atronus)

201 764 432 821 c(oloniae)
464 765 728 819 Ost(iensis).
758 790 818 795 —
857 765 913 808 In
943 768 972 807 t.
1003 769 1029 807 1
1069 766 1115 807 in
1148 770 1331 807 AVGGG.
1363 771 1484 807 NNN.
1518 765 1645 808 tertia
1675 771 1707 807 G
1738 769 1778 808 et
1807 766 1937 808 tertia

200 840 235 876 N
263 848 411 876 erasae
439 837 549 885 sunt,
580 835 680 876 item
710 834 755 876 in
786 837 813 878 t.
844 837 889 885 2,
919 834 996 875 ubi
1025 834 1191 876 litterae
1222 840 1264 875 P.
1297 839 1339 876 C.
1371 834 1562 876 intrusae
1592 837 1704 878 sunt.

113 903 168 944 48
197 909 396 945 AGILIVS
429 908 660 956 GLABRIO,
695 901 824 944 Acilii
851 901 1101 945 Glabrionis
1132 902 1271 944 neseio
1302 902 1422 944 ouius
1451 917 1603 944 servus
1631 917 1742 945 nom.
1771 902 1840 946 VI
1850 905 1936 946 809

199 991 256 1006 -Ξ
275 970 403 1014 XIV
415 974 479 1021 74,
513 970 764 1014 Glabrionis
796 970 863 1012 VI
879 974 983 1014 622.
1688 988 1693 992 ·

112 1040 169 1082 49
197 1046 397 1082 ACILIVS
426 1045 659 1094 GLABRIO,
692 1039 930 1081 consularis
958 1046 1000 1081 et
1021 1039 1252 1095 proconsul
1273 1038 1450 1082 Africae
1473 1039 1584 1082 CIG
1604 1044 1719 1084 2979
1741 1043 1769 1083 t.
1791 1040 1934 1095 Ephe-

195 1110 328 1160 sinus,
359 1123 479 1163 quem
509 1109 549 1151 ei
567 1109 716 1163 posuit
745 1107 958 1150 Aemilius
987 1109 1245 1151 Latinianus
1277 1109 1545 1166 συγκλητικός.
1602 1109 1669 1164 Of.
1700 1123 1743 1152 n.
1765 1111 1831 1152 56.

111 1178 168 1221 50
197 1184 394 1220 ACILIVS
440 1183 658 1219 GLABRIO
704 1177 818 1219 filius
864 1180 892 1219 t.
935 1181 1127 1232 repertus
1171 1178 1217 1219 in
1263 1178 1507 1220 coemeterio
1553 1177 1782 1220 Priscillae
1826 1177 1938 1232 quod

197 1250 373 1289 vocatur
404 1245 573 1289 Notizie
603 1245 715 1300 deyli
740 1246 859 1288 soavi
886 1248 998 1288 1888
1019 1261 1066 1300 p.
1089 1249 1182 1288 140.
1225 1245 1432 1288 Fortasse
1461 1245 1753 1289 Christianus.

114 1316 165 1358 51
198 1321 397 1357 ACILIVS
438 1320 678 1369 GLABRIO,
717 1329 847 1371 quem
878 1314 1066 1358 Severus
1109 1322 1151 1356 et
1180 1314 1429 1357 Antoninus
1470 1329 1559 1356 non
1595 1314 1829 1358 audierunt
1869 1314 1940 1358 de-

199 1383 461 1426 siderantem
491 1383 659 1425 restitui
690 1383 898 1425 adversus
928 1382 1108 1425 fratrem
1137 1382 1242 1437 Diq.
1272 1386 1311 1433 4,
1333 1386 1372 1433 4,
1395 1385 1464 1433 18,
1486 1386 1525 1426 1.

111 1453 396 1496 52·ACILIVS
437 1457 678 1506 GLABRIO,
719 1451 892 1494 adiutor
930 1451 1109 1508 quidam
1151 1450 1469 1494 tabulariorum
1508 1450 1647 1495 Acilii
1688 1451 1942 1495 Glabrionis

198 1520 329 1576 leqati
355 1521 539 1575 fortasse
568 1520 822 1562 Lusitaniae
850 1520 1098 1563 nominatur
1127 1520 1173 1562 in
1203 1523 1231 1562 t.
1263 1521 1400 1564 Lusit.
1429 1520 1578 1563 mutilo
1608 1520 1726 1575 Eph.
1754 1535 1818 1576 ep.
1838 1524 1880 1573 4,
1916 1524 1942 1565 9

199 1610 255 1626 =
283 1589 346 1632 II
367 1588 414 1632 S.
436 1591 564 1632 5210.

113 1658 169 1700 53
197 1664 395 1700 ACILIVS
435 1657 708 1712 (GLABRIO),
756 1658 976 1712 octoginta
1020 1657 1111 1700 fere
1158 1672 1296 1700 annos
1342 1665 1469 1700 natus
1515 1658 1713 1702 interfuit
1757 1659 1942 1702 consilio

197 1726 436 1769 Domitiani
467 1741 566 1769 cum
595 1726 682 1768 filio
714 1723 812 1779 (cos.
846 1740 884 1769 a.
917 1729 988 1782 91)
1020 1727 1239 1770 Iuvenalis
1265 1730 1306 1778 4,
1342 1730 1397 1770 94
1417 1740 1526 1781 seq.,·
1557 1728 1710 1771 consul
1740 1728 1823 1771 sub
1855 1729 1944 1772 Do-

197 1797 373 1840 mitiano
403 1795 487 1838 fuit
507 1810 738 1850 perperam
765 1795 998 1838 scholiasta
1018 1799 1192 1850 patrem
1222 1810 1316 1838 eum
1345 1796 1437 1850 filio
1469 1797 1744 1851 confundens,

112 1865 168 1908 54
196 1865 268 1908 M'.
284 1871 484 1907 ACILIVS
506 1870 739 1916 GLABRIO,
772 1863 923 1906 consul
944 1880 982 1907 a.
1005 1865 1055 1907 91
1082 1879 1181 1907 cum
1203 1863 1262 1908 M.
1284 1864 1412 1921 leio
1435 1865 1629 1908 Traiano
1650 1866 1770 1920 fasti.
1802 1865 1938 1910 Prae-

197 1948 347 1977 nomen
373 1937 491 1977 extat
520 1933 589 1976 VI
601 1936 789 1976 1988—
733 1953 788 1958 -—
808 1932 936 1976 XIV
949 1936 1079 1977 2392.
1134 1932 1273 1976 Filius
1295 1932 1547 1976 Glabrionis
1574 1935 1665 1989 (qui
1685 1935 1939 1992 praeeedit),

202 2004 372 2060 Papinii
413 2003 540 2047 Statii
581 2003 772 2045 carmine
813 2002 867 2045 de
907 2002 1021 2045 bello
1064 2003 1329 2046 Germanico
1372 2003 1489 2060 quod
1530 2003 1809 2047 Domitianus
1857 2006 1946 2059 egit

201 2072 259 2124 (a.
280 2075 351 2130 83)
374 2072 581 2129 probatus
602 2071 728 2114 schol.
757 2071 905 2114 Vallae
926 2071 985 2114 ad
1003 2071 1195 2116 Juvenal.
1216 2075 1255 2121 4,
1278 2074 1356 2123 45;
1389 2071 1540 2114 consul
1573 2087 1661 2115 una
1690 2088 1790 2115 cum
1820 2079 1944 2130 patre

200 2140 396 2183 interfuit
436 2140 614 2183 consilio
648 2141 887 2183 Domitiani
930 2141 974 2182 in
1004 2139 1177 2183 Albano
1220 2140 1368 2197 ibique
1409 2155 1507 2183 cum
1549 2141 1698 2184 bestiis
1730 2142 1944 2198 pugnavit

199 2209 416 2252 Iuvenalis
433 2213 472 2259 4,
496 2212 677 2260 95-103,
708 2208 797 2251 Dio
818 2212 883 2259 67,
906 2212 960 2251 14
990 2210 1045 2264 ef.
1067 2209 1234 2252 Fronto
1265 2209 1323 2251 acl
1354 2209 1499 2252 Mare.
1528 2209 1649 2254 Caes.
1682 2213 1722 2261 5,
1753 2213 1823 2254 23.
1887 2211 1940 2253 In

199 2277 379 2320 exilium
418 2285 539 2321 actus
579 2279 760 2320 crimine
799 2292 944 2320 rerum
984 2293 1198 2321 novarum
1233 2278 1486 2320 interfectus
1530 2286 1595 2320 est
1639 2294 1678 2321 a.
1719 2279 1773 2322 95
1816 2278 1932 2325 Suet.

201 2345 364 2389 Domit.
386 2350 452 2397 10,
483 2346 573 2389 Dio
593 2349 660 2396 67,
682 2349 753 2389 12.
775 2349 841 2390 14.

116 2415 171 2458 55
201 2414 268 2457 M'.
298 2421 496 2457 ACILIVS
527 2420 760 2469 GLABRIO,
792 2413 943 2457 consul
973 2430 1010 2456 a.
1036 2415 1118 2457 124
1149 2429 1250 2457 cum
1275 2414 1323 2459 C.
1347 2414 1524 2458 Bellicio
1546 2417 1769 2473 Torquato
1795 2416 1931 2460 Teba-

202 2484 346 2526 niano.
396 2484 452 2526 In
471 2483 712 2526 consulatu:
740 2483 819 2525 M’.
847 2482 1013 2525 Acilius
1035 2482 1216 2526 Glabrio
1249 2482 1479 2534 VI10048,
1511 2484 1591 2527 XI
1597 2484 1638 2527 V
1649 2488 1715 2535 51,
1743 2485 1932 2539 plerum-

203 2567 280 2607 que
311 2551 490 2596 Glabrio
518 2552 634 2606 fasti.
694 2551 893 2608 Epistula
931 2551 1022 2594 divi
1057 2551 1271 2594 Hadriani
1311 2552 1366 2594 ad
1398 2552 1679 2596 Glabrionem
1707 2554 1929 2597 consulem

198 2624 458 2664 memoratur
481 2619 583 2675 Diy.
604 2623 670 2670 48,
694 2624 737 2670 2,
760 2624 829 2670 12,
852 2623 890 2662 1.
936 2619 1080 2662 Filius
1103 2620 1269 2662 videtur
1291 2621 1353 2663 M
1356 2620 1378 2665 ’.
1402 2620 1540 2663 Acilii
1565 2621 1819 2666 Glabrionis
1849 2637 1932 2668 cos.

203 2705 244 2732 a.
265 2693 332 2741 91,
356 2693 486 2745 pater
517 2689 579 2732 M
583 2689 604 2734 '.
627 2689 764 2731 Acilii
790 2688 1042 2732 Glabrionis
1069 2688 1145 2732 On.
1174 2688 1366 2732 Cornelii
1395 2690 1542 2733 Severi
1572 2705 1654 2734 eos.
1686 2706 1726 2734 a.
1748 2695 1846 2736 152.

117 2759 173 2802 56
201 2758 479 2801 M'.ACIL1VS
501 2763 733 2813 GLABRIO,
753 2757 902 2800 consul
924 2758 969 2800 II
989 2773 1027 2802 a.
1051 2758 1130 2800 186
1157 2772 1258 2799 cum
1278 2758 1381 2814 imp.
1403 2757 1463 2801 M.
1486 2758 1666 2802 Aurelio
1687 2759 1938 2804 Commodo.

204 2827 475 2871 Memoratur
505 2828 550 2869 in
570 2830 599 2869 t.
621 2826 835 2881 Allifanis
863 2827 1002 2881 neptis
1029 2826 1110 2868 IX
1125 2829 1238 2869 2333
1267 2824 1341 2881 (1),
1364 2828 1588 2882 proneptis
1617 2829 1702 2871 IX
1717 2832 1831 2872 2334
1860 2829 1939 2885 (2).

202 2897 258 2939 In
297 2896 540 2939 consulatu:
580 2895 655 2938 Μ’.
685 2895 854 2938 Acilius
895 2894 1075 2938 Glabrio
1117 2894 1185 2937 VI
1205 2898 1305 2938 420.
1337 2899 1470 2946 1980,
1512 2895 1693 2939 Glabrio
1734 2897 1852 2942 alibi.
1883 2923 1942 2929 —

202 2965 282 3008 M’.
312 2964 480 3007 Acilius
511 2963 692 3008 Glabrio
724 2967 752 3006 t.
785 2967 824 3008 1.
855 2967 898 3014 2,
929 2963 1098 3006 Acilius
1129 2962 1310 3007 Glabrio
1341 2963 1443 3015 Dio,
1486 2963 1668 3008 Glabrio
1699 2966 1937 3009 Herodian.

259 3033 398 3076 Filius
418 3032 492 3076 Μ’.
517 3032 645 3076 Acilii
668 3032 919 3077 Glabrionis
941 3047 1030 3075 sen.
1052 3046 1137 3074 cos.
1159 3035 1217 3088 (a.
1237 3032 1338 3086 152)
1360 3036 1389 3075 t.
1411 3036 1449 3083 1,
1473 3034 1618 3076 consul
1642 3035 1677 3076 I
1697 3034 1798 3086 suff.
1825 3049 1938 3078 anno

204 3103 375 3153 incerto,
400 3101 551 3144 consul
571 3102 617 3144 II
637 3116 674 3144 a.
698 3101 779 3144 186
806 3102 923 3156 fasti,
957 3104 984 3143 t.
1006 3104 1046 3143 1.
1066 3103 1110 3151 2,
1133 3100 1368 3145 Herodian.
1389 3104 1432 3152 2,
1454 3105 1494 3153 3,
1515 3106 1554 3145 4.
1602 3102 1783 3145 Amicus
1803 3104 1939 3146 Perti-

206 3171 327 3214 nacis
371 3171 599 3227 imperium
637 3185 664 3212 a
702 3170 930 3212 Pertinace
970 3170 1014 3211 in
1055 3175 1207 3212 senatu
1248 3169 1438 3213 oblatum
1479 3170 1576 3227 (eal.
1615 3172 1713 3214 Ian.
1756 3187 1796 3214 a.
1837 3174 1936 3228 193)

202 3240 368 3296 respuit
387 3237 622 3283 Herodian.
644 3238 672 3281 l.
696 3238 736 3289 l.,
766 3237 854 3281 Dio
877 3241 940 3289 73,
962 3241 1001 3287 3,
1022 3241 1062 3279 3.
1111 3237 1257 3280 Vtrum
1277 3238 1345 3280 hic
1371 3252 1429 3281 an
1451 3243 1580 3293 pater
1599 3241 1732 3294 suerit
1750 3240 1934 3295 Africae

202 3308 434 3362 proconsul
461 3322 504 3350 n.
533 3310 588 3350 49
618 3307 853 3350 diiudicari
889 3307 1045 3360 nequit.
1075 3331 1135 3336 —
1167 3307 1284 3349 IIvir
1314 3306 1725 3364 q(uin)q(uennalis)
1757 3308 1936 3363 (Allifis)

129 3433 138 3441 .
205 3379 235 3421 t.
253 3379 299 3420 2.
329 3401 388 3406 —
413 3377 543 3420 Pater
570 3376 647 3418 Μ’.
675 3375 808 3418 Acilii
835 3375 1035 3418 Faustini
1066 3390 1153 3417 cos.
1182 3389 1225 3417 a.
1243 3378 1330 3419 210
1356 3378 1384 3420 t.
1404 3379 1446 3431 1.
1465 3379 1512 3419 2.
