2202 3730
117 313 362 353 CLAVDIVS
974 311 1055 354 401
1673 314 1922 351 CLAVDIVS

115 447 198 489 818
230 448 514 501 CL(AVDIVS)
556 453 896 490 STRATONICVS
934 447 1121 502 publice
1144 447 1375 489 honoratus
1410 449 1438 488 t.
1477 445 1728 488 Aezanitico
1766 444 1924 487 Lebas-

205 514 492 570 Waddinqton
510 518 593 557 884
610 535 664 550 -—-
691 515 799 558 CIG
819 518 931 558 3840
949 515 1100 558 Addit.
1123 530 1170 570 p.
1192 518 1312 566 1067,
1344 515 1418 569 qui
1437 514 1654 557 dedicatus
1680 516 1741 556 est
1765 527 1926 570 στρατη-

171 587 361 640 ·γοΰντος
389 586 434 627 τὸ
467 583 502 641 β’
535 583 611 626 Κλ.
643 582 958 640 Ἀπολλιναρίου;
999 584 1108 626 idem
1148 583 1270 626 homo
1309 583 1492 625 recurrit
1528 583 1575 624 in
1615 585 1644 624 t.
1673 581 1925 625 Aczanitico

200 652 665 707 Lebas-Waddinqton
694 655 776 694 874
805 672 861 687 =
892 652 959 695 CI
959 651 999 694 G
1028 655 1140 694 3838
1168 651 1317 694 Addit.
1340 666 1388 706 p.
1410 654 1517 694 1065
1537 651 1680 706 posito
1710 665 1750 694 a.
1772 653 1867 693 196.

287 720 468 774 Origine
489 720 780 772 Aezaniticus,
813 720 962 762 consul
990 721 1052 762 tit.
1076 719 1292 775 (suffectus
1322 733 1434 762 anno
1464 721 1623 762 incerto
1654 719 1807 761 aetatis
1835 718 1925 772 fere

201 787 415 831 Commodi
441 788 506 831 vel
535 789 735 843 Septimii
761 789 933 843 Severi).
963 814 1022 818 —
1049 788 1287 831 Stratonici
1319 788 1457 830 nescio
1486 788 1560 841 qui
1588 787 1857 830 inveniuntur
1886 789 1926 828 et

199 857 245 898 in
276 860 303 900 t.
329 857 579 900 Aezanitico
611 857 758 900 mutilo
786 857 1249 911 Lebas-Waddinqton
1275 859 1358 899 838
1386 876 1442 891 =
1473 855 1540 899 01
1541 856 1583 899 G
1610 858 1719 898 3846
1728 855 1791 899 2⁷5
1810 854 1922 898 Add.

194 938 243 978 p.
275 927 397 966 1079.

113 1003 196 1045 819
228 1004 512 1057 CL(AVDIVS)
545 1010 881 1059 SVLPICIANVS,
914 1019 1026 1046 unus
1056 1018 1112 1046 ex
1141 1005 1285 1060 pueris
1317 1005 1555 1059 senatoriis,
1587 1004 1662 1059 qui
1687 1002 1925 1045 Arvalibus

198 1072 556 1114 ministraverunt
576 1088 688 1115 anno
713 1073 793 1115 183
825 1073 894 1115 VI
905 1076 1034 1116 2099.
1085 1073 1158 1116 Vel
1176 1073 1288 1115 idem
1307 1072 1368 1115 vel
1387 1072 1503 1127 filius
1524 1073 1612 1114 eius
1632 1072 1706 1126 qui
1723 1072 1922 1126 sequitur.

113 1151 197 1194 820
227 1150 435 1193 Claudius
468 1151 766 1207 Sulpicianus,
801 1151 926 1194 homo
958 1151 1114 1194 nobilis
1143 1151 1199 1194 ab
1229 1153 1489 1208 imperatore
1520 1151 1730 1207 Septimio
1761 1150 1923 1194 Severo

199 1220 366 1261 occisus
396 1220 470 1262 vit.
499 1220 644 1263 Severi
671 1223 736 1270 13,
767 1224 805 1262 4.

111 1301 191 1343 821
225 1306 288 1342 TI.
330 1301 614 1355 01.(AVD1vs)
661 1307 912 1342 SVLPICIVS
958 1306 1219 1354 IVLIANVS,
1267 1298 1530 1341 clarissimus
1576 1299 1646 1340 vir
1688 1298 1734 1341 in
1778 1297 1925 1353 fistula

197 1368 401 1423 plumbea
432 1370 609 1424 oriqinis
637 1369 822 1411 incertae
852 1369 1079 1419 Lanciani,
1110 1368 1266 1423 sylloye
1297 1368 1480 1421 aquaria
1509 1382 1550 1409 n.
1571 1369 1666 1409 495.

111 1449 194 1491 822
226 1455 328 1493 IMP.
372 1455 568 1491 CAESAR
607 1456 659 1492 M.
700 1455 946 1491 CLAVDIVS
988 1454 1197 1490 TACITVS
1228 1454 1500 1490 AVGVSTVS.
1570 1447 1712 1489 Plena
1750 1445 1925 1489 nomina

194 1517 387 1559 exhibent
417 1518 534 1560 tituli
561 1519 830 1572 imperatoris
859 1518 1109 1571 nummique,
1141 1517 1317 1559 Tacitus
1350 1516 1466 1571 apud
1492 1517 1732 1571 scriptore&

282 1585 507 1640 Originem
546 1586 718 1628 trahere
747 1585 885 1628 voluit
918 1600 975 1627 cx
1003 1584 1204 1628 Cornelio
1235 1585 1387 1627 Tacito
1418 1600 1564 1626 rerum
1594 1585 1805 1640 scriptore
1833 1581 1925 1623 vita

197 1658 263 1705 10,
293 1657 332 1697 3.
402 1654 552 1696 Mense
589 1654 834 1711 Septembri
874 1660 1002 1696 natus
1030 1654 1121 1696 vita
1149 1657 1214 1706 13,
1245 1657 1283 1695 6.
1341 1652 1498 1696 Consul
1526 1653 1561 1695 I
1581 1651 1782 1704 suffectus
1812 1663 1924 1692 anno

193 1723 363 1774 incerto,
396 1722 631 1765 consularis
663 1722 804 1765 Victor
838 1722 957 1766 Caes.
986 1725 1052 1777 36,
1084 1725 1122 1766 1.
1175 1721 1334 1764 Senex.
1366 1728 1464 1778 post
1506 1720 1731 1763 Aureliani
1774 1732 1923 1760 necem

194 1806 307 1833 anno
337 1791 420 1834 275
453 1806 479 1832 a
507 1797 660 1833 senatu
700 1792 934 1847 imperator
971 1790 1130 1833 electus
1171 1797 1214 1832 et
1243 1806 1270 1833 a
1298 1789 1509 1832 militibus
1539 1790 1713 1845 agnitus
1743 1794 1808 1830 est
1835 1786 1925 1828 vita

191 1862 293 1902 3-8.
341 1859 503 1902 Consul
531 1860 577 1902 H
607 1875 643 1903 a.
676 1860 760 1902 276
790 1860 910 1913 fasti.
971 1858 1134 1902 Contra
1165 1858 1332 1903 Gothos
1362 1858 1582 1915 profectus
1612 1856 1781 1899 insidiis
1810 1854 1922 1897 mili-

189 1927 353 1970 taribus
376 1929 540 1970 occisus
562 1934 626 1970 est
646 1928 841 1971 Zosimus
861 1931 899 1979 1,
922 1930 986 1978 63,
1014 1928 1104 1970 vita
1125 1930 1190 1978 13,
1209 1930 1249 1979 5,
1280 1934 1330 1970 ut
1357 1927 1432 1970 alii
1458 1927 1609 1969 dicunt
1628 1915 1751 1968 sexto
1771 1937 1919 1967 mense

153 2019 165 2021 -
191 1996 340 2039 morbo
378 1997 468 2039 vita
505 1996 591 2039 ibd.
622 1997 676 2051 cf.
707 2000 773 2047 16,
805 2000 855 2048 1,·
894 1996 1188 2038 ducentesima
1227 1997 1349 2051 regni
1384 1994 1482 2038 luce
1512 1995 1693 2052 Tyanae
1722 1999 1918 2036 mortuus

196 2065 339 2108 Victor
369 2064 488 2107 Caes.
522 2067 589 2115 36,
625 2067 679 2116 2;
722 2065 838 2107 intra
875 2071 1046 2106 sextum
1085 2079 1275 2106 mensem
1310 2070 1507 2107 mortuus
1543 2064 1726 2117 Eutrop.
1763 2065 1802 2112 9,
1840 2064 1894 2103 16
1903 2074 1917 2112 ‚·

118 2123 120 2126 ’
189 2132 482 2175 ducentesimo
509 2133 679 2188 imperii
710 2132 780 2174 die
810 2132 926 2188 apud
957 2133 1144 2175 Tarsum
1172 2132 1285 2174 febri
1319 2139 1514 2174 mortuus
1542 2132 1740 2187 Epitome
1768 2133 1835 2180 36,
1867 2132 1917 2180 1,·

190 2200 306 2258 apud
337 2202 522 2243 Pontum
564 2201 730 2242 occisus
770 2201 969 2255 regnavit
1008 2215 1174 2243 menses
1211 2215 1290 2243 sex
1328 2201 1574 2255 Hieronym.
1613 2199 1754 2242 chron.
1788 2197 1846 2241 ad
1875 2211 1915 2240 a.

187 2269 296 2312 Abr.
332 2272 450 2312 2293
488 2289 544 2303 =
581 2268 738 2313 Euseb.
769 2269 942 2311 Armen.
974 2272 1091 2312 2294
1130 2272 1196 2325 (ex
1234 2269 1495 2323 Hieronymo
1534 2269 1709 2312 Orosius
1747 2270 1786 2318 7,
1818 2265 1917 2320 24),-

189 2354 215 2381 a
243 2337 456 2379 militibus
487 2338 653 2379 occisus
685 2337 796 2380 οὔπω
828 2339 999 2394 ἕβδομον
1033 2342 1137 2393 μῆνα
1167 2338 1274 2394 παρὰ
1311 2344 1361 2395 τῇ
1395 2339 1572 2394 βασιλείᾳ
1614 2337 1772 2387 ἀνύσας,
1814 2335 1916 2378 κατὰ

190 2406 234 2448 δέ
263 2422 369 2452 τινας
400 2407 454 2462 μὴ
487 2406 605 2452 ὅλους
634 2406 702 2448 δύο
733 2406 934 2452 ἐνιαυτούς
955 2405 1153 2447 Zonaras
1175 2409 1246 2456 12,
1268 2408 1328 2449 28
1357 2408 1488 2456 extr.;
1518 2405 1718 2460 regnavit
1745 2418 1914 2446 menses

188 2481 282 2516 octo
314 2474 404 2515 dies
434 2473 662 2515 duodecim
691 2472 1064 2528 Ohro‘noqraphus.

272 2541 437 2592 Annus,
478 2556 560 2596 quo
589 2541 762 2584 Tacitus
800 2542 1032 2596 imperator
1061 2545 1227 2584 creatus
1257 2545 1328 2593 est,
1366 2545 1529 2585 constat
1557 2556 1642 2596 per
1671 2540 1914 2584 consulatus

187 2624 394 2653 annorum
423 2612 509 2653 275
538 2613 579 2652 et
606 2613 714 2661 276;
752 2610 828 2653 illo
868 2611 975 2653 enim
1005 2610 1268 2653 Aurelianus
1308 2610 1452 2653 consul
1490 2610 1590 2661 VII,
1631 2610 1708 2653 hoc
1743 2609 1915 2652 Tacitus

188 2678 331 2722 consul
344 2679 406 2720 ΙΙ
412 2678 509 2732 fuit.
530 2678 769 2720 Aureliano
785 2682 923 2721 autem
937 2679 1157 2733 septimum
1174 2693 1331 2721 annum
1347 2679 1539 2721 tribuunt
1552 2679 1713 2720 nummi
1726 2677 1913 2720 Alexan-

187 2748 303 2790 drini
340 2747 475 2801 ipsius
512 2761 597 2789 non
635 2747 743 2797 rari,
784 2746 1008 2790 Severinae
1039 2747 1246 2802 permulti
1283 2748 1337 2801 cf.
1367 2761 1447 2789 von
1476 2746 1630 2798 Sallet,
1666 2745 1811 2789 Daten
1841 2745 1914 2788 der

187 2814 582 2858 aleoeandrinisehen
602 2815 940 2858 Kaisermu'nzen
961 2830 1009 2869 p.
1032 2818 1100 2858 81.
1154 2815 1267 2858 Vnde
1288 2816 1474 2870 efficitur
1492 2829 1578 2858 non
1607 2818 1704 2858 ante
1733 2828 1913 2857 mensem

185 2883 465 2938 Septembrem
503 2883 801 2926 Alexandreae
846 2884 985 2926 Taciti
1023 2884 1260 2927 electionem
1297 2885 1507 2938 coqnitam
1547 2897 1644 2926 esse.
1719 2883 1912 2931 Tacitum

186 2955 324 2995 autem
353 2965 425 2993 sex
454 2954 655 3005 septemve
685 2965 843 2995 menses
871 2953 1100 3007 imperasse
1125 2955 1300 3006 praeter
1335 2953 1572 2995 testimonia
1606 2966 1741 3007 supra
1775 2951 1912 2994 allata

186 3035 232 3063 eo
275 3020 552 3074 confirmatur
586 3020 697 3073 quod
729 3020 969 3063 Florianus
1011 3034 1104 3063 vere
1147 3021 1237 3074 fere
1279 3021 1448 3063 ineunte
1487 3036 1526 3065 a.
1566 3024 1653 3064 276
1688 3021 1910 3075 imperium

185 3088 363 3143 sumpsit
392 3088 445 3141 cf.
466 3087 509 3129 A
529 3090 612 3129 488
642 3091 681 3130 et
709 3091 836 3131 1288.
888 3089 1040 3142 Itaque
1067 3103 1209 3131 verum
1238 3102 1323 3131 esse
1345 3092 1486 3143 potest
1513 3090 1624 3144 quod
1653 3088 1911 3144 bioyraphus

184 3157 257 3198 vit.
288 3159 362 3206 13,
394 3159 420 3198 6
455 3156 628 3210 scripsit
666 3156 865 3198 Tacitum
903 3171 1050 3198 mense
1091 3156 1346 3212 Septembre
1385 3158 1687 3214 imperatorem
1724 3157 1908 3200 electum

186 3238 299 3278 esse,
342 3223 415 3266 sed
453 3237 550 3266 cave
588 3238 639 3266 ne
680 3225 788 3266 actis
815 3228 986 3267 senatus
1016 3239 1056 3267 a.
1087 3225 1127 3267 d.
1164 3225 1259 3267 VII
1283 3225 1368 3268 kal.
1398 3226 1565 3271 Octobr.
1595 3226 1681 3269 ibd.
1707 3229 1748 3277 3,
1770 3229 1803 3269 2
1821 3239 1907 3279 sqq.

184 3292 310 3347 fidem
328 3292 499 3342 habeas,
530 3306 637 3345 quae
661 3293 918 3347 bioyraphus
938 3294 1104 3335 omnino
1117 3294 1298 3348 proprio
1320 3294 1467 3337 Marte
1488 3295 1701 3349 confinxit.
1753 3295 1907 3347 Quam-

183 3374 310 3414 quam
340 3363 478 3402 autem
508 3360 668 3414 aliquot
695 3360 972 3404 hebdomades
1000 3362 1280 3404 intercessisse
1298 3363 1528 3417 probabile
1557 3366 1618 3406 cst
1636 3363 1747 3405 inter
1768 3375 1906 3405 necem

169 3432 452 3468 Prosopognphia
468 3432 551 3468 Imp.
570 3432 663 3462 Rom.
698 3432 726 3461 Ι.
1588 3431 1634 3470 26
