2176 3750
264 312 481 350 AEMILIA
1141 304 1196 349 38
1854 311 2070 347 AEMILIA

267 444 347 487 291
380 450 596 485 AEMILIA
637 448 824 495 CLARA,
870 456 981 483 uxor
1025 441 1215 483 Petronii
1255 441 1378 484 Didii
1416 441 1584 496 Severi,
1631 447 1767 484 mater
1807 442 1903 497 (M.)
1947 441 2070 484 Didii

352 511 510 554 Iuliani
541 512 615 568 qui
647 511 875 567 imperavit
903 511 974 552 vit.
1005 509 1109 552 Did.
1141 510 1301 552 Iulian.
1330 514 1368 560 1,
1391 513 1434 552 2.

267 581 350 623 292
381 586 597 621 AEMILIA
630 584 883 620 CORNELIA
916 584 1182 620 SCRIBONIA
1212 584 1436 628 MAXIMA,
1479 577 1528 622 O.
1560 578 1611 632 f.‚
1654 578 1891 621 clarissima
1929 577 2073 634 puella

354 649 468 689 vixit
496 647 647 689 diebus
678 647 805 689 XLV
837 646 904 689 VI
926 650 1044 689 1334.

281 741 338 747 —
385 722 668 758 CALPVRNIA
698 721 886 756 RVFRIA
915 721 1131 756 AEMILIA
1160 720 1376 756 DOMITIA
1407 721 1616 759 SEVERA.

281 809 339 815 -—
381 791 521 826 IVLIA
550 790 766 825 AEMILIA
797 783 1090 838 [G]ALL1TTA.

270 853 353 896 293
386 852 637 906 (AEMILIA)
669 857 869 906 LEPIDA,
902 866 1023 893 soror
1051 851 1130 893 Μ’.
1162 850 1335 893 Aemilii
1365 851 1521 907 Lepidi
1553 849 1752 903 (consulis
1781 865 1821 893 a.
1843 854 1896 893 11
1915 865 1965 905 Ρ.
1993 849 2072 906 0.),

358 921 428 962 cui
460 935 591 976 super
620 919 907 962 Aemiliorum
938 919 1068 961 decus
1099 920 1149 963 L.
1182 919 1304 963 Sulla
1333 925 1375 961 et
1406 918 1483 963 Gn.
1513 919 1742 975 Pompeius
1772 919 1923 974 proavi
1953 924 2076 960 erant

363 989 459 1032 Tae.
493 1002 531 1032 a.
557 991 596 1038 3,
627 991 702 1030 22.
762 987 885 1030 Filia
923 988 1054 1042 iyitur
1079 987 1126 1040 Q.
1158 987 1314 1041 Lepidi
1341 987 1538 1042 (consulis
1566 1001 1606 1029 a.
1629 989 1709 1029 733
1728 1006 1784 1021 Ξ
1802 986 1877 1041 21)
1907 989 1947 1029 et
1972 985 2076 1029 Gor-

355 1056 513 1106 neliae,
554 1055 672 1110 filiae
711 1055 870 1097 Fausti
907 1054 1096 1098 Cornelii
1132 1054 1280 1098 Sullae
1310 1056 1382 1108 (ef.
1412 1054 1642 1097 Drumann
1672 1055 1733 1097 II
1753 1057 1852 1110 509)
1883 1057 1922 1097 et
1951 1054 2077 1097 Pom-

359 1125 498 1179 peiae.
558 1123 608 1166 C.
631 1123 806 1166 Caesari
828 1123 1015 1178 Augusti
1046 1117 1134 1165 filio
1165 1123 1383 1179 quondam
1414 1138 1525 1165 uxor
1555 1123 1781 1178 destinata,
1812 1137 1915 1165 mox
1943 1128 2078 1179 nupta

358 1193 406 1234 P.
440 1191 630 1247 Sulpicio
663 1191 884 1244 Quirinio,
927 1191 1028 1233 dein
1066 1197 1164 1247 post
1201 1190 1431 1247 repudium
1469 1191 1525 1234 ab
1566 1206 1616 1234 eo
1657 1191 1819 1233 dictum
1859 1190 2077 1233 Mamerco

358 1261 543 1314 Scauro,
585 1275 622 1304 a.
656 1261 710 1302 20
750 1275 776 1302 a
815 1259 1015 1313 Quirinio
1056 1274 1131 1302 rea
1172 1259 1285 1301 facta
1319 1258 1508 1315 relegata
1539 1266 1603 1302 est
1637 1259 1734 1302 Tac.
1767 1273 1807 1301 a.
1837 1262 1878 1310 3,
1909 1260 2077 1309 22-23,

358 1327 475 1372 Suet.
505 1329 644 1371 Tiber.
669 1331 736 1371 49.

273 1397 357 1439 294
386 1403 602 1438 AEMILIA
624 1403 822 1452 LEPIDA,
854 1395 1024 1438 filia-M.
1046 1395 1220 1438 Aemilii
1241 1395 1396 1453 Lepidi
1418 1395 1618 1448 (consulis
1638 1411 1678 1439 a.
1700 1399 1726 1439 6
1746 1411 1795 1451 Ρ.
1823 1395 1902 1451 0.),
1933 1396 2079 1438 iuveni

360 1465 505 1507 Druso
538 1464 644 1519 (filio
677 1465 943 1518 Germanici)
975 1464 1193 1521 quondam
1223 1470 1374 1521 nupta,
1407 1464 1569 1507 crebris
1599 1465 1851 1508 criminibus
1880 1464 2083 1507 maritum

362 1534 570 1575 insectata
601 1532 672 1587 (ef.
704 1533 792 1575 Dio
821 1536 888 1584 58,
918 1532 960 1587 3)
992 1534 1204 1589 impunita
1233 1532 1400 1588 agebat,
1433 1533 1537 1575 dum
1567 1533 1782 1590 superfuit
1810 1539 1955 1590 pater,
1986 1538 2084 1590 post

361 1617 387 1643 a
426 1601 690 1644 delatoribus
727 1602 781 1644 ob
822 1616 996 1643 servum
1035 1601 1280 1644 adulterum
1320 1608 1517 1657 correpta
1555 1616 1668 1643 anno
1708 1600 1765 1644 3‘6
1805 1602 1958 1644 manus
2000 1600 2083 1643 sibi

361 1669 505 1712 attulit
546 1669 643 1712 Tae.
677 1684 716 1711 a.
749 1673 787 1720 6,
819 1673 885 1712 40.
945 1669 1019 1711 Ad
1058 1684 1149 1711 eam
1190 1673 1350 1724 spectat
1389 1669 1536 1712 titulus
1576 1670 1644 1712 VI
1666 1673 1773 1713 9449
1802 1690 1858 1705 Ξ
1889 1669 2085 1714 V592*.·

363 1737 539 1780 Pudens
570 1738 629 1780 M.
660 1737 817 1794 Lepidi
858 1737 1039 1779 libertus
1078 1738 1396 1792 grammaticus.
1457 1738 1717 1780 Procurator
1747 1752 1863 1781 eram
1894 1737 2086 1794 Lepidae

362 1820 592 1862 moresque
624 1806 848 1860 regebam3
879 1806 981 1848 dum
1012 1806 1115 1859 vixi,
1149 1806 1308 1847 mansit
1340 1806 1538 1848 Caesaris
1569 1805 1641 1848 illa
1670 1821 1816 1849 nuruS.

279 1874 360 1917 295
390 1881 606 1916 AEMILIA
650 1881 858 1928 LEPIDA,
903 1874 1089 1928 Augusti
1135 1875 1376 1930 proneptis,
1426 1889 1554 1930 quam
1601 1874 1809 1917 Claudius
1854 1873 2084 1917 admodum

365 1942 535 1984 iuvenis
577 1957 778 1998 sponsam
818 1942 989 1997 habuit,
1032 1942 1126 1996 sed,
1169 1940 1285 1998 quod
1326 1942 1525 1998 parentes
1556 1944 1648 1985 eius
1676 1942 1924 1998 Augustum
1955 1943 2085 1985 offen-

365 2010 538 2065 derant,
579 2012 795 2065 virginem
838 2011 980 2053 adhuc
1026 2010 1270 2067 repudiavit
1310 2010 1426 2054 Suet.
1466 2010 1623 2055 Claud.
1660 2014 1730 2054 26.
1794 2011 1918 2054 Filia
1955 2011 2087 2066 iyilur

365 2078 415 2121 L.
447 2078 624 2121 Aemilii
653 2079 801 2121 Paulli
831 2079 1011 2121 consulis
1042 2093 1080 2121 a.
1105 2082 1184 2121 754
1211 2098 1264 2112 Σ
1285 2082 1310 2119 1
1332 2093 1379 2133 Ρ.
1411 2078 1457 2121 O.
1489 2082 1528 2121 et
1557 2079 1697 2122 Iuliae
1721 2079 1859 2134 neptis
1888 2079 2085 2134 Auyusti.

365 2147 437 2189 Ex
466 2148 602 2189 verbis
622 2146 767 2189 Plinii
791 2161 832 2189 n.
855 2147 893 2189 h.
918 2151 954 2198 7,
977 2150 1031 2190 58
1059 2147 1282 2189 narrantis
1311 2147 1556 2201 Augustum
1586 2148 1726 2203 neptis
1757 2162 1860 2189 suae
1889 2154 2086 2204 nepotem

364 2215 525 2257 vidisse
555 2216 750 2269 genitum
783 2230 867 2271 quo
900 2216 1084 2257 excessit
1111 2229 1223 2257 anno
1254 2215 1314 2259 M.
1348 2214 1542 2257 Silanum
1572 2215 1808 2258 Mommsen
1836 2215 1950 2270 ΕΡῘι.
1978 2230 2040 2270 ep.
2062 2219 2088 2258 1

358 2298 406 2338 Ρ.
427 2283 483 2326 57
501 2297 585 2337 sqq.
630 2283 838 2338 Lepidam
856 2284 1047 2338 nupsisse
1069 2283 1135 2325 M.
1158 2283 1286 2325 Iunio
1309 2282 1460 2326 Silano
1482 2283 1644 2326 consuli
1672 2298 1711 2327 a.
1733 2287 1828 2338 19Ρ.
1852 2282 1898 2326 Ο.
1921 2283 2083 2327 clemon-

367 2352 529 2402 slravit‚
551 2351 599 2393 iol
616 2351 728 2405 quod
748 2352 970 2406 confirmat
990 2351 1137 2393 titulus
1159 2365 1372 2393 servorum
1391 2351 1585 2407 Lepidae
1606 2351 1665 2395 M.
1688 2351 1824 2395 Silani
1846 2351 1914 2395 VI
1924 2355 2088 2403 27034,·

367 2419 549 2461 eiusdem
589 2419 742 2462 liberta
777 2420 940 2462 violetur
978 2420 1207 2462 memorari
1236 2419 1304 2461 VI
1327 2423 1437 2462 7617
1463 2419 1531 2475 (ex
1563 2423 1826 2463 monumento
1865 2420 2089 2463 Iuniorwm

369 2487 646 2542 Silanorum).

282 2556 365 2598 296
397 2557 648 2611 (AEMILIA)
679 2564 878 2611 LEPIDA,
911 2572 1022 2598 uxor
1051 2557 1142 2600 Ser.
1176 2556 1342 2600 Galbae
1372 2557 1446 2612 qui
1481 2556 1709 2612 imperavit
1741 2556 1856 2601 Suet.
1886 2555 2014 2600 Galb.
2038 2559 2091 2608 5,·
2154 2571 2155 2575 ¹

368 2627 580 2666 mortuam
610 2638 695 2667 esse
725 2639 764 2667 a.
794 2628 849 2667 38
878 2625 941 2667 vel
967 2625 1103 2679 paulo
1125 2628 1227 2679 post
1254 2624 1497 2667 concludere
1529 2624 1625 2667 lieet
1653 2638 1704 2666 ex
1731 2625 1868 2667 verbis
1883 2624 2090 2668 Suetonii.
2133 2617 2136 2622 ’

370 2691 516 2734 Potest
536 2706 620 2735 esse
640 2692 800 2735 nubilis
822 2692 910 2735 filia
933 2692 1018 2735 M.
1035 2692 1212 2735 Aemilii
1226 2692 1382 2747 Lepidi
1401 2705 1480 2736 cos.
1497 2695 1550 2735 11
1561 2706 1610 2747 Ρ.
1628 2692 1674 2735 0.
1697 2693 1794 2737 Tae.
1810 2696 1850 2744 3,
1863 2696 1918 2736 35
1931 2692 1988 2745 (a.
2000 2695 2089 2750 21).

285 2759 367 2802 297
398 2759 584 2802 Aemilia
622 2761 769 2816 Musa,
806 2761 995 2818 locuples
1037 2763 1258 2815 intestata,
1290 2761 1405 2804 bona
1444 2759 1534 2803 eius
1575 2761 1671 2815 (M.)
1702 2760 1885 2803 Aemilio
1924 2760 2091 2842 Lepido

374 2828 495 2869 cuius
523 2843 546 2870 e
577 2829 702 2872 domo
734 2829 965 2872 videbatur
995 2845 1198 2872 concessa
1227 2843 1339 2871 anno
1373 2830 1423 2871 17
1459 2829 1556 2871 Tae.
1580 2843 1619 2871 a.
1640 2831 1683 2880 2,
1703 2831 1773 2873 48.

288 2896 370 2938 298
400 2902 617 2938 AEMILIA
648 2904 867 2940 PAVLINA
896 2904 1131 2940 ASIATIOA
1160 2900 1418 2940 memoratur
1446 2897 1494 2939 in
1516 2897 1661 2952 fistula
1681 2897 1884 2951 plumbea
1909 2898 2094 2952 aquaria

371 2967 540 3008 urbana
559 2965 794 3009 Bulletlino
815 2965 1031 3010 eomunale
1050 2970 1162 3009 1887
1174 2981 1221 3021 Ρ.
1238 2970 1328 3010 223
1354 2980 1395 3008 n.
1412 2969 1520 3009 1930
1541 2969 1581 3008 et
1598 2966 1644 3008 in
1664 2966 1902 3020 fraymento
1923 2966 2092 3034 fistulae

372 3034 457 3076 ibol.
480 3049 528 3088 Ρ.
550 3037 636 3078 283
664 3049 705 3077 n.
728 3039 854 3078 2007.
913 3035 1139 3078 Feminam
1167 3034 1348 3077 nobilem
1379 3033 1598 3076 ostendunt
1625 3034 1811 3076 nomina.

303 3126 361 3132 —
406 3108 659 3144 OORNELIA
690 3110 1010 3146 CETHEGILLA
1038 3110 1254 3145 AEMILIA
1283 3108 1550 3144 PLANOINA.

292 3171 374 3212 299
405 3170 590 3212 Aemilia
610 3171 868 3226 Pudentilla,
900 3178 1035 3228 nupta
1061 3172 1220 3215 Sicinio
1245 3170 1409 3221 Amico,
1442 3169 1611 3224 Oeensi,
1645 3185 1700 3211 ex
1731 3184 1814 3226 quo
1846 3169 1954 3222 duos
1983 3170 2093 3213 filios

378 3238 562 3282 Sicinios
602 3239 860 3282 Pontianum
903 3247 945 3282 et
985 3239 1224 3282 Pudentem
1263 3239 1442 3295 peperit.
1505 3238 1661 3280 Marito
1692 3244 1860 3281 mortuo
1891 3253 1917 3280 a
1946 3253 2093 3281 socero

378 3312 526 3348 coacta
556 3305 724 3348 tabulas
750 3307 964 3363 nuptiales
992 3322 1087 3349 cum
1110 3307 1269 3349 Sicinio
1293 3305 1420 3349 Claro
1442 3305 1555 3359 fecit,
1586 3320 1740 3347 verum
1760 3306 1932 3362 nuptias
1953 3305 2091 3349 elusit.

373 3375 477 3417 Post
493 3374 603 3417 XIV
624 3389 759 3417 annos
782 3375 914 3430 (XIII
935 3389 968 3417 e.
989 3379 1051 3418 27
1070 3390 1116 3430 Ρ.
1137 3378 1204 3425 36,
1224 3377 1282 3418 26
1303 3373 1404 3426 Kr.)
1427 3373 1649 3416 viduitatis
1669 3372 1855 3430 Apuleio
1877 3373 2094 3430 sophistae
