2242 3718
1056 307 1341 347 „VI-

294 422 499 478 exempti,
535 422 636 464 item
678 421 734 463 ad
766 433 889 462 sacra
919 419 1092 461 diversa
1122 432 1232 473 quae
1262 418 1497 474 pertinent,
1542 418 1645 461 item
1677 432 1772 462 cum
1809 419 1872 463 rei
1909 420 2107 475 publicae

295 500 618 544 Atheniensium
663 499 916 555 imperiique
958 497 1138 539 Romani
1183 501 1460 540 monumenta
1488 510 1582 552 per
1625 511 1672 540 se
1725 498 1831 541 satis
1875 499 2105 553 emineant,

292 594 433 623 rerum
480 579 745 634 publicarum
791 577 999 619 minorum
1038 575 1333 618 condicionem
1373 580 1415 619 et
1451 575 1764 620 ordinationem
1802 577 2106 633 municipalem

293 672 404 714 quae
434 658 668 713 illustrant3
698 658 799 700 item
831 656 885 698 de
916 668 962 697 re
994 654 1168 696 militari
1190 654 1375 698 maxime
1396 655 1564 710 imperii
1585 655 1768 699 Romani
1795 670 1906 712 quae
1937 662 2105 715 extant3

291 738 379 780 alia
410 738 544 779 multa
574 735 814 790 spectantia
844 734 901 777 ad
932 747 1073 777 mores
1104 733 1324 776 hominum
1355 739 1397 778 et
1427 734 1639 778 sermonis
1670 749 1746 790 per
1777 736 1922 779 orbem
1952 736 2106 780 Roma-

291 830 391 858 num
422 814 727 858 diversitatem.
788 814 907 856 Haec
940 812 1082 857 omnia
1112 813 1174 856 ita
1205 813 1503 857 concinnanda
1534 818 1670 870 erunt,
1702 819 1748 857 ut
1777 829 1865 858 non
1886 814 2106 858 titulorum

291 896 427 938 solum
459 893 568 936 ratio
599 893 822 948 habeatur,
869 892 946 936 sed
977 897 1022 935 ut
1053 907 1165 948 quae
1195 898 1392 937 auctores
1431 893 1588 950 papyri
1621 893 1782 936 nummi
1821 893 1977 937 similia
2010 894 2107 938 sub-

290 973 548 1029 ministrant,
577 973 701 1016 simul
738 973 1003 1028 digerantur,
1050 972 1112 1015 ita
1148 973 1260 1016 enim
1298 973 1473 1017 tandem
1510 973 1743 1028 aliquando
1780 987 1858 1029 pro
1896 972 2105 1018 litteraria

290 1052 569 1108 epigr-aphica
599 1053 899 1096 numismatica
929 1051 1170 1095 eruditione
1190 1051 1440 1107 particulari
1474 1052 1527 1095 ob
1560 1067 1740 1108 eamque
1764 1066 1938 1097 causam
1958 1066 2105 1097 neces-

290 1132 402 1175 sario
439 1131 691 1187 imperfecta
728 1132 1009 1176 substituetur
1045 1118 1241 1175 doctrina
1277 1132 1472 1187 pendens
1510 1147 1597 1176 non
1635 1147 1662 1176 a
1693 1132 1914 1189 copiarum
1944 1133 2103 1190 specie,

289 1212 366 1256 sed
395 1212 451 1256 ab
480 1212 577 1268 ipsa
606 1225 747 1255 rerum
779 1211 1036 1266 cognitione.

403 1291 471 1334 Ad
506 1291 633 1335 finem
671 1305 767 1334 eum
798 1291 1072 1347 pervenietur
1103 1305 1206 1334 cura
1235 1290 1423 1335 virorum
1456 1291 1678 1335 doctorum
1718 1292 1788 1347 qui
1827 1297 1926 1336 sunt
1962 1295 2106 1336 erunt-

289 1384 385 1428 que,
422 1385 508 1415 non
537 1370 799 1414 Academiae
830 1375 1018 1414 nostrae.
1091 1371 1179 1414 Sed
1221 1370 1419 1414 adiuvari
1459 1385 1590 1426 posse
1626 1370 1770 1415 studia
1799 1371 1908 1415 haec
1945 1371 2105 1415 iudica-

289 1451 427 1496 vimus
458 1450 692 1507 specimine
722 1451 814 1494 eius
850 1450 1019 1505 generis
1056 1449 1200 1506 aliquo
1238 1450 1470 1506 proposito,
1517 1455 1560 1494 et
1602 1451 1834 1505 selegimus
1870 1464 1982 1507 quae
2016 1451 2103 1495 iam

290 1531 431 1587 prodit
459 1530 656 1574 notitiam
686 1530 905 1574 hominum
937 1529 1190 1572 notabilium
1221 1529 1293 1584 qui
1314 1530 1514 1574 vixerunt
1543 1531 1599 1574 ab
1628 1530 1889 1586 imperatore
1909 1531 2103 1586 Augusto

289 1611 345 1654 ad
376 1610 677 1666 imperatorem
699 1610 1015 1654 Diocletianum
1038 1622 1112 1665 per
1135 1608 1274 1665 prima
1293 1610 1376 1653 tria
1406 1624 1536 1655 aerae
1567 1615 1740 1655 nostrae
1772 1610 1960 1654 saecula.
2001 1610 2106 1653 Pro-

289 1691 579 1748 sopographia
608 1691 716 1734 haec
747 1680 884 1745 quam⁴
905 1687 1220 1745 appellavimus
1251 1690 1463 1735 vocabulo
1495 1706 1582 1735 non
1615 1690 1790 1746 optimo,
1821 1689 1899 1733 sed
1928 1693 2103 1745 recepto

289 1776 335 1815 ut
365 1771 526 1828 pendet
557 1784 611 1813 ex
642 1774 765 1825 parte
795 1782 953 1824 magna
991 1769 1046 1812 ab
1083 1768 1407 1825 inscriptionum
1446 1770 1697 1826 corporibus
1733 1769 1904 1825 nostris,
1939 1768 2002 1812 ita
2030 1768 2106 1812 im-

288 1851 436 1906 primis
467 1851 732 1895 diversarum
765 1855 975 1894 terrarum
1005 1853 1282 1892 monumenta
1311 1848 1356 1891 in
1385 1849 1471 1892 illis
1502 1850 1736 1894 secundum
1767 1850 1938 1904 linguas
1967 1849 2106 1904 regio·

289 1943 452 1986 nesque
498 1931 694 1986 dispersa
731 1930 905 1974 exhibet
946 1928 1202 1985 composita3
1249 1928 1405 1972 deinde
1442 1943 1537 1972 cum
1575 1930 1709 1974 titulis
1747 1929 1976 1973 coniuncta
2006 1934 2104 1973 sunt

291 2023 402 2065 quae
433 2010 583 2053 similis
613 2010 853 2065 argumenti
875 2014 964 2052 tam
984 2013 1182 2052 auctores
1204 2022 1332 2064 quam
1353 2008 1513 2051 nummi
1538 2009 1778 2066 papyrique
1800 2009 2102 2064 praebuerunt.

287 2089 558 2133 Exclusimus
578 2093 774 2145 tempora
793 2089 957 2133 liberae
987 2089 1049 2132 rei
1079 2089 1278 2145 publicae
1305 2089 1527 2132 Romanae
1559 2093 1788 2145 propterea
1819 2088 1934 2144 quod
1961 2088 2019 2132 ad
2050 2089 2104 2133 ea

290 2182 398 2225 quae
428 2168 674 2224 pertineant
718 2169 829 2212 tituli
875 2169 1079 2213 exhibent
1124 2182 1265 2224 pauca
1304 2182 1440 2224 eaque
1471 2168 1577 2212 satis
1614 2168 1786 2224 cognita
1822 2173 1867 2212 et
1905 2166 2102 2211 illustria.

289 2247 559 2291 Exclusimus
603 2250 706 2293 item
751 2249 947 2293 homines
992 2249 1063 2304 qui
1094 2247 1267 2292 fuerunt
1312 2247 1415 2291 inde
1460 2248 1515 2291 ab
1547 2252 1691 2292 aetate
1730 2247 2103 2303 Constantiniana,

289 2342 376 2372 non
407 2329 546 2372 solum
576 2333 806 2386 propterea
838 2328 951 2384 quod
981 2327 1038 2370 ad
1075 2341 1223 2371 eorum
1260 2340 1431 2382 quoque
1467 2326 1665 2370 notitiam
1702 2327 1815 2370 tituli
1851 2341 1939 2370 non
1969 2327 2104 2369 multa

290 2409 581 2465 suppeditant,
627 2408 703 2452 sed
735 2408 864 2452 etiam
895 2411 1069 2463 propter
1098 2407 1319 2451 nominum
1350 2406 1562 2450 rationem
1592 2406 1654 2450 ita
1685 2406 1916 2462 diversam,
1954 2410 2001 2450 ut
2031 2405 2104 2450 vix

290 2493 405 2532 recte
456 2489 608 2532 eadem
664 2502 758 2531 cum
808 2487 1119 2542 antiquioribus
1168 2487 1308 2530 forma
1355 2487 1784 2542 comprehendantur.
1865 2486 2103 2530 Recensum
2165 2507 2168 2510 Δ

290 2582 386 2612 611111
417 2582 494 2624 per
523 2568 689 2611 litteras
720 2567 906 2610 ordinari
946 2566 1158 2610 iussimus.
1233 2566 1285 2609 Ei
1324 2566 1610 2621 adiungentur
1646 2564 1843 2610 laterculi
1881 2565 2102 2609 consulum

290 2648 381 2691 eius
411 2647 616 2703 temporis
647 2651 690 2691 et
720 2646 978 2701 reliquorum
1009 2646 1337 2701 magistratuum
1376 2645 1585 2688 maiorum
1621 2659 1676 2688 ex
1711 2658 1892 2688 recensu
1927 2643 2003 2688 illo
2039 2643 2104 2689 ita

290 2727 444 2781 effecti,
475 2732 521 2770 ut
551 2740 628 2783 per
659 2726 830 2782 singula
860 2727 1004 2782 capita
1034 2714 1287 2782 plerumque
1318 2724 1500 2768 sufficiat
1530 2723 1747 2768 remisisse
1776 2723 1834 2766 ad
1863 2736 2100 2767 recensum.

291 2807 412 2860 Quae
442 2811 652 2864 temptata
682 2810 781 2850 sunt
812 2806 968 2849 similia
998 2805 1217 2849 laterculis
1248 2804 1496 2860 compositis
1526 2804 1652 2847 modo
1673 2803 1732 2846 ad
1752 2803 2004 2859 scriptorem
2024 2802 2101 2847 ali—

290 2901 428 2943 quem,
472 2888 598 2931 modo
636 2887 690 2931 de
727 2886 981 2941 magistratu
1021 2886 1180 2941 aliquo,
1218 2884 1333 2928 viam
1370 2888 1734 2939 monstraverunt,
1780 2895 1865 2939 qua
1900 2882 2103 2938 procede-

290 2972 418 3024 retur,
463 2968 540 3011 sed
577 2966 702 3010 simul
739 2966 974 3009 docuerunt
1012 2980 1101 3009 rem
1139 2963 1306 3008 absolvi
1336 2977 1424 3007 non
1455 2977 1583 3020 posse
1613 2962 1695 3006 nisi
1727 2962 1918 3007 terminis
1958 2960 2101 3019 operis

289 3047 417 3090 latius
447 3046 645 3102 prolatis.

402 3127 537 3169 Erunt
557 3125 742 3168 fortasse
762 3125 833 3180 qui
864 3125 920 3168 ad
941 3125 1113 3180 incepta
1140 3124 1297 3168 similia
1327 3137 1423 3167 sese
1455 3122 1683 3177 accingant
1714 3122 1806 3166 sive
1828 3121 1915 3165 suis
1938 3121 2101 3166 viribus

289 3205 387 3248 freti
417 3204 509 3248 sive
545 3208 693 3248 nostra
730 3217 861 3260 opera
896 3205 1054 3261 adiuti3
1101 3205 1216 3259 quod
1251 3203 1324 3246 ubi
1365 3201 1548 3257 eveniet,
1589 3201 1858 3245 laetabimur.
1926 3199 2102 3244 Interim

292 3283 523 3328 elaboratis
553 3282 670 3326 hisce
701 3296 923 3339 speramus
954 3283 1044 3327 fore
1074 3289 1120 3327 ut
1152 3284 1292 3327 bonae
1322 3282 1493 3326 litterae
1523 3280 1788 3325 adiuventur.
