2202 3730
89 303 192 340 ANT
209 329 360 340 ......
966 295 1019 337 81
1647 301 1900 338 ANTINOVS

174 437 272 476 sunt
308 447 439 487 neque
478 435 586 475 certe
622 432 947 487 diynoscuntur;
988 430 1203 474 saeculum
1242 431 1412 474 tertium
1451 431 1630 474 adlectio
1667 433 1778 475 inter
1807 446 1903 474 con-

174 502 338 544 sulares
368 505 408 544 et
428 502 707 556 praefectura
736 501 947 543 Miniciae
975 501 1083 543 satis
1111 500 1316 543 indicant.

91 571 174 614 562
203 577 249 613 L.
289 577 391 612 ANT
409 603 561 614 ......
578 603 588 625 ,
635 570 801 625 origine
840 569 1175 623 Mactarstanus,
1210 605 1220 613 .
1239 602 1250 612 .
1288 569 1406 611 Ant.
1427 603 1437 612 .
1455 603 1465 611 .
1483 602 1493 611 .
1533 570 1618 611 viri
1664 569 1904 612 consularis

172 638 299 694 filius,
321 640 438 681 Xvir
466 638 656 681 stlitibus
687 637 939 692 iudicandis,
973 653 1104 694 eques
1124 638 1347 680 Romanus
1366 642 1624 680 memoratur
1643 639 1690 680 in
1715 642 1744 680 t.
1758 639 1906 693 patris

177 707 474 750 Mactaritano
507 707 631 749 VIII
654 706 701 750 S.
722 709 871 757 11810,
902 706 996 748 vide
1025 707 1071 748 in
1091 709 1235 760 patre.

90 776 174 818 563
203 775 497 831 Antabagius,
537 775 629 817 dux
668 775 834 817 Tiberii
874 789 952 831 per
981 775 1261 819 Germaniam
1291 774 1671 817 Transrhenanam
1701 775 1758 817 ad
1787 775 1903 817 Dru-

173 858 269 885 sum
298 843 605 886 moribundum
634 843 898 900 pervolantis
933 843 1072 886 Valer.
1105 843 1290 885 Ματιήνη.
1316 846 1355 894 5,
1376 846 1414 894 5,
1436 847 1475 888 3.

90 912 175 954 564
204 911 425 955 *Antaeus
455 913 613 954 citatur
643 927 670 953 a
701 911 839 954 Paulo
868 911 1033 966 Diyest.
1063 914 1131 961 39,
1153 915 1193 963 3,
1216 915 1270 954 14
1291 927 1377 966 pr„
1409 911 1564 954 Ateius
1601 912 1703 954 libri
1731 912 1906 954 secundi

177 980 353 1023 ordinis.

91 1049 174 1091 565
204 1055 436 1091 ANTEIVS.
499 1049 657 1091 ‘Missis
702 1049 758 1091 ad
803 1064 956 1091 census
998 1049 1239 1094 Galliarum
1283 1050 1329 1092 P.
1371 1048 1547 1091 Vitellio
1587 1054 1631 1090 et
1668 1047 1718 1091 C.
1757 1047 1902 1103 Antio,

178 1116 310 1159 Silius
339 1123 383 1159 et
411 1116 596 1159 Anteius
627 1123 669 1160 et
699 1117 887 1160 Caecina
916 1117 1196 1159 fabricandae
1226 1116 1351 1159 classi
1383 1122 1724 1173 praeponuntur‘
1761 1117 1818 1170 (a.
1852 1117 1905 1159 16

176 1200 218 1241 p.
249 1184 318 1240 C.)
354 1186 454 1229 Tac.
486 1200 526 1227 a.
552 1189 595 1236 2,
627 1189 665 1236 6,
705 1186 782 1228 ubi
814 1186 944 1228 verba
983 1192 1026 1228 et
1054 1185 1240 1228 Anteius
1279 1185 1486 1240 ylossema
1529 1188 1666 1226 ortum
1706 1199 1757 1227 ex
1779 1198 1905 1238 prae-

177 1253 415 1296 cedentibus
445 1260 487 1296 et
512 1253 562 1297 O.
588 1253 722 1296 Antio
748 1254 839 1296 sine
867 1253 1021 1296 idonea
1051 1267 1183 1296 causa
1211 1253 1417 1295 iudicavit
1447 1252 1704 1307 Mpperdey.

93 1322 177 1365 566
206 1328 424 1364 ANTEIVS
456 1338 483 1364 a
511 1321 622 1364 Gaio
650 1324 694 1364 in
726 1322 904 1364 exilium
935 1328 1056 1364 actus
1088 1329 1130 1364 et
1160 1324 1327 1364 occisus
1358 1321 1523 1376 Ioseph.
1555 1325 1643 1363 ant.
1670 1325 1738 1372 19,
1770 1325 1807 1371 1,
1840 1324 1904 1364 15.

92 1391 174 1433 567
206 1397 438 1443 ANTEIVS,
469 1391 633 1433 ordinis
652 1392 856 1433 senatorii
877 1391 957 1445 vir,
980 1390 1095 1432 filius
1115 1391 1246 1433 Antei
1266 1406 1293 1432 a
1313 1389 1424 1433 Gaio
1446 1391 1576 1432 occisi
1604 1396 1702 1446 post
1732 1390 1907 1432 caedem

176 1460 260 1503 Gai
290 1459 542 1501 interfectus
570 1459 737 1513 Ioseph.
769 1462 857 1501 ant.
887 1462 955 1510 19,
986 1462 1025 1509 1,
1054 1461 1120 1501 15.

90 1528 174 1571 568
205 1535 247 1570 P.
277 1534 508 1583 ANTEIVS,
538 1527 703 1582 legatus
734 1542 812 1584 pro
842 1543 908 1584 pr.
940 1526 1183 1569 Dalmatiae
1214 1543 1254 1569 a.
1275 1526 1403 1570 51l52
1434 1527 1523 1570 III
1547 1530 1660 1569 1977
1683 1530 1710 1571 t.
1734 1526 1906 1570 Saloni-

179 1599 328 1648 tanus;
366 1612 406 1641 a.
436 1597 491 1639 55
533 1597 572 1638 ei
604 1596 734 1652 Syria
772 1596 1008 1651 destinata,
1052 1595 1128 1638 sed
1165 1596 1297 1637 variis
1335 1610 1437 1638 mox
1477 1595 1644 1638 artibus
1678 1595 1823 1637 elusus
1853 1594 1910 1636 ad

178 1670 445 1722 postremum
484 1666 530 1706 in
569 1664 678 1707 urbe
716 1671 908 1708 retentus
949 1671 1014 1707 est
1052 1665 1151 1707 Tac.
1183 1679 1223 1708 a.
1255 1667 1320 1715 13,
1350 1668 1437 1716 22;
1477 1680 1515 1708 a.
1547 1665 1602 1707 66
1633 1664 1688 1706 ab
1718 1663 1908 1706 Antistio

179 1733 358 1777 Sosiano
389 1733 506 1790 apud
534 1733 752 1776 Neronem
783 1733 964 1789 delatus,
995 1734 1066 1776 cui
1095 1734 1261 1776 invisus
1292 1739 1386 1776 erat
1415 1734 1596 1775 caritate
1626 1732 1907 1789 Agrippinae,

181 1817 228 1844 se
257 1801 475 1844 interfecit
502 1801 589 1844 iba.
616 1805 682 1853 16,
708 1805 775 1844 14.

94 1871 179 1913 569
207 1877 412 1926 ANTEIA,
443 1870 649 1912 Helvidio
671 1870 820 1912 Prisco
852 1870 1047 1925 (iuniori)
1076 1876 1223 1926 nupta,
1257 1869 1357 1912 dein
1387 1868 1511 1912 alteri
1542 1869 1713 1911 cuidam
1737 1868 1909 1911 Plinius

178 1954 241 1994 ep.
272 1943 311 1990 9,
340 1942 405 1989 13,
436 1942 476 1982 4.
507 1941 546 1981 5.
576 1942 641 1981 16.
1102 1954 1106 1958 ·

105 2033 166 2038 —
211 2013 435 2049 NERATIA
466 2013 659 2049 ANTEIA
688 2013 879 2049 RVFINA
908 2013 1100 2050 NAEVIA
1130 2013 1370 2049 DECIANA.

94 2076 178 2120 570
208 2075 406 2131 Anteros,
439 2076 606 2119 Tiberii
636 2075 820 2120 libertus
851 2091 982 2133 supra
1012 2075 1274 2118 hereditates
1305 2075 1559 2119 Scribonius
1588 2076 1760 2130 Larqus
1782 2078 1879 2118 162.

106 2170 164 2175 -
209 2145 260 2187 Τ.
291 2144 471 2187 Flavius
501 2145 827 2188 Anterotianus.

94 2215 174 2257 571
207 2213 440 2257 Anthimus
483 2217 743 2255 memoratur
783 2214 831 2256 in
867 2226 1037 2268 papyro
1082 2213 1292 2255 Parisina
1329 2227 1480 2268 yraece
1525 2213 1688 2267 scripia
1731 2212 1910 2254 Hermes

179 2282 378 2325 XXVII
390 2281 536 2337 (1892)
557 2297 606 2336 p.
628 2285 712 2324 467
720 2295 733 2333 ,·
754 2282 1024 2336 praefectum
1042 2281 1229 2337 Aeyypti
1257 2296 1296 2323 a.
1319 2284 1399 2324 115
1429 2281 1630 2332 chken,
1662 2282 1736 2334 qui
1764 2280 1907 2330 edidit,

181 2351 397 2406 agnovisse
426 2350 511 2393 sibi
534 2351 650 2393 visus
680 2353 741 2393 est
761 2364 809 2404 p.
830 2353 924 2400 476,
955 2363 1056 2392 num
1083 2353 1194 2392 recte
1225 2349 1419 2392 dubitari
1436 2352 1591 2403 potest.

95 2420 180 2463 572
209 2452 333 2462 .....
350 2425 411 2460 VS
442 2424 710 2473 ANTIANVS,
741 2418 910 2473 legatus
929 2417 1044 2473 Aug.
1075 2433 1140 2475 pr.
1172 2433 1235 2474 pr.
1266 2418 1517 2461 Pannoniae
1548 2417 1764 2471 inferioris
1796 2417 1909 2460 dedi-

180 2489 291 2531 cavit
334 2502 412 2544 pro
458 2486 595 2530 salute
634 2494 676 2529 et
715 2487 1005 2543 perpetuitate
1045 2487 1146 2543 imp.
1186 2486 1385 2530 Caesaris
1430 2486 1520 2541 [M.]
1561 2485 1713 2529 Aureli
1757 2485 1909 2528 lilii!

182 2557 230 2599 P.
262 2556 420 2598 Felicis
451 2555 564 2611 Aug.
597 2559 625 2598 t.
654 2556 702 2598 in
732 2569 835 2610 ayro
864 2555 1127 2609 Aquincensi
1153 2558 1366 2610 repertum
1395 2555 1485 2597 III
1505 2558 1626 2599 3637.
1668 2556 1910 2611 Imperator

182 2626 234 2668 P.
264 2624 392 2667 Felix
421 2624 550 2679 Aug,
585 2625 704 2666 cuius
731 2638 882 2666 nomen
911 2637 1079 2666 erasum
1109 2627 1181 2674 est,
1211 2638 1298 2666 non
1327 2624 1413 2678 fuit
1443 2627 1540 2666 ante
1563 2623 1841 2666 Commodum.

97 2695 182 2737 573
210 2699 511 2747 ANTIGONVS,
542 2692 733 2749 Philippi
763 2692 986 2734 cuiusdam
1018 2692 1146 2747 filius,
1177 2692 1375 2747 Macedo,
1407 2692 1606 2734 tribunus
1635 2691 1823 2734 militum
1853 2691 1909 2733 ab

182 2761 403 2804 Antonino
444 2760 597 2804 Severi
635 2761 723 2803 filio
764 2760 1000 2803 honoribus
1038 2759 1301 2803 militaribus
1342 2766 1518 2803 ornatus
1560 2766 1603 2802 et
1637 2761 1750 2803 inter
1789 2775 1909 2817 prae-

183 2831 316 2873 torios
340 2828 533 2872 adlectus
553 2835 620 2871 est
638 2829 726 2872 Dio
747 2832 813 2880 77,
834 2832 874 2873 8.
920 2829 1040 2872 Idem
1067 2832 1327 2871 memoratur
1344 2829 1392 2871 in
1421 2832 1449 2871 t.
1473 2829 1685 2872 Suessano
1707 2829 1911 2883 Philippo

178 2899 306 2954 patri
333 2898 523 2941 dedicato
553 2898 587 2941 I
588 2898 665 2941 GI
681 2900 764 2940 888
794 2918 850 2938 -=.
876 2897 946 2941 CI
946 2897 988 2940 G
1014 2900 1134 2941 5822
1162 2898 1377 2941 Αὖσωνίων
1407 2899 1556 2941 ὑπάτου
1587 2898 1739 2955 πατέρα
1768 2899 1908 2940 κλυτὸν

186 2966 420 3024 Ἀντιγόνοιο
450 2968 577 3026 θρέψε
601 2966 844 3024 Μακεδονίῃ,
876 2967 1013 3014 δέξατο
1044 2965 1080 3009 δ’
1113 2965 1269 3024 Ἰταλίη.
1308 2966 1583 3009 Consularem
1611 2967 1744 3021 iyitur
1774 2966 1909 3020 diqni-

183 3038 313 3078 tatem
343 3039 495 3090 postea
533 3036 709 3090 adeptus
748 3039 829 3086 est,
869 3035 917 3078 id
954 3035 1065 3090 quod
1093 3049 1322 3090 perperam
1362 3036 1530 3090 neyavit
1563 3036 1601 3077 is
1630 3036 1704 3089 qui
1731 3035 1910 3077 indicem

184 3104 515 3158 Inscriptionum
542 3104 807 3147 Graecan
838 3104 999 3146 Italiae
1029 3104 1209 3158 confecit
1228 3118 1276 3158 p.
1299 3107 1390 3146 734.

112 3196 170 3202 -
214 3172 385 3229 Spicius
415 3172 675 3228 Antigonus.

99 3240 184 3283 574
212 3239 451 3296 Antinous,
492 3247 610 3283 ortus
650 3256 706 3283 ex
745 3240 853 3283 urbe
882 3239 1089 3296 Bithynio
1130 3241 1222 3282 sive
1252 3239 1526 3297 Claudiopoli
1556 3239 1789 3295 Bithyniae
1823 3239 1911 3281 Dio

183 3312 250 3360 69,
278 3311 358 3360 11,
385 3309 632 3352 Pausanias
659 3312 700 3361 8,
732 3313 771 3360 9,
805 3313 842 3360 7,
881 3308 1043 3351 nummi
1069 3307 1270 3363 Bithynii
1297 3308 1465 3352 Eckhel
1495 3309 1564 3352 VI
1577 3323 1624 3362 p.
1645 3309 1742 3357 552,
1784 3313 1911 3348 natus

186 3376 227 3420 d.
257 3377 311 3420 27
341 3379 501 3420 mensis
530 3378 789 3421 Novembris
820 3378 951 3433 (anno
967 3377 1144 3432 incerto)
1164 3376 1245 3420 XI
1249 3377 1419 3421 V2112
1444 3380 1525 3419 16.
1556 3381 1612 3417 11
1629 3380 1699 3426 12,
1732 3374 1911 3417 deliciae

173 3449 456 3485 Prosopographia
473 3450 558 3486 lmp.
577 3450 670 3479 Rom.
705 3451 732 3479 Ι.
1617 3445 1638 3478 6
