2202 3730
96 280 350 316 AVRELIVS
964 273 1047 315 203
1654 275 1901 311 AVRELIVS

182 410 236 453 ab
267 425 308 452 a.
334 412 416 453 180
445 422 576 463 usque
605 408 664 451 ad
691 424 730 451 a.
751 412 833 452 190
864 409 1021 451 dicitur
1048 409 1107 451 M.
1129 408 1334 452 Aurelius
1364 408 1627 451 Commodus
1658 407 1903 450 Antoninus

181 480 265 521 sive
293 478 353 521 M.
383 477 646 521 Commodus
678 477 924 520 Antoninus
962 477 1038 529 (sic
1069 477 1315 532 plerumque
1355 479 1401 519 in
1439 478 1620 520 nummis
1659 478 1713 531 of.
1745 476 1905 518 Eclchel

187 546 283 590 VII
296 562 345 601 p.
367 548 478 602 155).
527 546 583 588 A.
614 550 694 589 191
726 547 924 601 paternis
958 547 1199 589 nominibus
1230 547 1405 589 abiectis
1433 547 1485 589 L.
1516 545 1666 588 Aelius
1698 544 1903 587 Aurelius

183 614 446 659 Commodus
469 615 735 670 (plerumque
755 614 975 657 Antonino
998 615 1162 666 omisso)
1182 615 1228 657 in
1252 616 1433 657 nummis
1452 614 1612 657 Eclchel
1643 614 1738 656 VII
1750 629 1798 668 p.
1821 617 1907 656 127

184 687 224 727 et
252 683 387 726 titulis
418 683 486 726 VI
507 686 604 734 992,
647 683 769 726 VIII
791 685 884 726 305.
914 686 1038 734 4211,
1080 683 1207 726 XIV
1225 686 1300 726 22.
1332 686 1441 726 3449
1471 686 1545 725 ete.
1580 708 1630 712 —
1668 681 1830 726 Consul
1861 682 1905 723 II

183 768 221 795 a.
245 752 339 807 179,
371 752 440 794 ΠΙ
469 767 508 795 a.
532 752 624 806 181,
656 752 748 795 IIII
777 766 814 795 a.
840 751 932 806 183,
965 752 1007 794 V
1027 767 1066 794 a.
1090 752 1184 803 186,
1214 751 1279 794 VI
1309 767 1347 793 a.
1373 752 1465 806 190,
1497 751 1585 793 VII
1615 767 1652 793 a.
1677 751 1757 793 192
1785 751 1904 804 fasti.

184 821 366 864 Occisus
388 827 453 863 est
472 821 634 864 Romae
660 820 702 863 tl.
723 821 773 863 31
808 821 967 878 mensis
988 819 1243 862 Decembris
1274 835 1311 863 a.
1338 819 1418 861 192
1444 820 1533 861 vita
1552 823 1618 870 17,
1649 820 1719 862 vit.
1742 819 1904 861 Pertin.

181 893 220 940 4,
251 892 352 940 5-8,
382 889 477 932 Dio,
502 891 569 939 72,
599 892 674 939 22,
706 888 941 931 Herodian.
972 892 1011 938 1,
1033 891 1188 938 16-17,
1219 888 1398 942 Eutrop.
1434 890 1474 938 8,
1504 890 1570 938 15,
1613 887 1755 930 Victor
1786 886 1904 930 Caes.

183 960 250 1008 17,
274 961 373 1009 7-9,
404 957 601 1012 Εφῑιωηε
632 961 695 1008 17,
721 960 820 1000 5-6.

267 1026 393 1068 onr
441 1025 649 1080 (Bruttia)
699 1025 921 1082 Crispina,
985 1025 1227 1068 concubina
1283 1025 1450 1068 Marcia
1498 1023 1679 1067 Aurelia
1728 1023 1907 1066 Ceionia

184 1094 438 1136 Demetrias.

125 1187 183 1192 —
211 1169 256 1207 L.
287 1168 468 1204 AELIVS
508 1167 759 1204 AVRELIVS
801 1167 1076 1204 COMMODVS
1111 1182 1164 1196 Ξ
1202 1168 1304 1203 IMP.
1346 1167 1542 1203 CAESAR
1580 1168 1624 1203 L.
1655 1167 1905 1202 AVRELIVS

183 1237 345 1273 VERVS
376 1236 632 1272 AVGVSTVS
665 1250 719 1264 Σ
748 1237 793 1272 L.
826 1235 1059 1272 GEIONIVS
1089 1235 1377 1274 COMMODVS.

102 1299 212 1343 1233
244 1298 516 1355 [A]ur(elius)
547 1297 869 1354 Concordiu[s],
911 1298 966 1353 [V.
998 1313 1039 1354 p.
1051 1297 1088 1352 ‘?]
1131 1299 1203 1353 (cf.
1231 1297 1501 1351 Hirschfeld,
1542 1297 1907 1352 Untersuchunyen

185 1381 264 1411 aus
302 1367 376 1410 der
413 1367 666 1410 Ro‘mischen
705 1366 1222 1421 Veru⁷altun989esch2‘chte
1250 1381 1296 1420 p.
1320 1368 1421 1422 148)
1451 1366 1694 1422 praefectus
1724 1365 1907 1421 vigilum

192 1436 261 1479 VI
281 1438 409 1479 1226.

103 1505 213 1547 1234
241 1503 485 1559 Aur(elius)
527 1502 868 1559 Cons[tantin]us
910 1518 965 1545 ex
1005 1503 1354 1560 pro[c](uratore)
1386 1535 1516 1545 .....
1547 1503 1636 1545 ΙΙΙ
1656 1506 1769 1546 3294
1799 1518 1906 1546 corr.

184 1572 273 1616 III
286 1572 333 1616 S.
355 1575 494 1615 10275
515 1575 543 1615 t.
565 1572 818 1615 Pannoniae
836 1572 1059 1626 inferioris
1077 1571 1262 1614 mutilus.
1309 1572 1404 1624 Qua
1416 1572 1720 1625 procuratione
1740 1573 1909 1625 functus

184 1641 253 1691 sit,
285 1655 336 1684 ex
364 1641 549 1696 vestiyiis
576 1641 752 1683 incertis
781 1641 1021 1683 litterarum
1042 1643 1143 1695 post
1170 1651 1249 1682 PRO
1268 1673 1277 1681 .
1297 1673 1332 1682 ..
1361 1654 1446 1682 non
1477 1640 1616 1694 liquet.

91 1710 211 1753 -1235
242 1715 492 1752 AVRELIVS
534 1715 708 1752 COTTA.
767 1710 885 1752 Nero
926 1710 963 1752 ei
1005 1723 1194 1751 annuam
1235 1709 1463 1764 pecuniam
1503 1709 1653 1750 statuit
1694 1724 1803 1751 anno
1840 1710 1907 1763 58,

188 1778 385 1834 quamvis
416 1792 494 1835 per
521 1777 674 1820 luxum
703 1779 841 1821 avitas
872 1793 974 1835 opes
1003 1777 1254 1834 dissipasset
1288 1777 1386 1821 Tac.
1410 1792 1449 1819 a.
1471 1780 1536 1827 13,
1558 1780 1624 1819 34.
1673 1777 1819 1820 Filius
1847 1778 1910 1820 vel

185 1860 313 1901 nepos
337 1845 485 1890 Cottae
514 1846 743 1889 Messalini
769 1846 946 1891 videtur.
976 1871 1035 1878 —
1061 1846 1208 1889 Potest
1236 1846 1346 1888 idem
1373 1846 1614 1901 siqnificari
1641 1847 1734 1888 Iuv.
1768 1850 1805 1897 7,
1828 1850 1908 1888 109

187 1922 316 1972 ‘quae
354 1914 637 1957 mittebantur
675 1916 825 1957 amicis
866 1930 891 1957 a
932 1915 1115 1970 Seneca,
1158 1930 1269 1972 quae
1309 1915 1410 1956 Piso
1441 1914 1599 1968 bonus,
1642 1929 1754 1970 quae
1786 1913 1911 1956 Cotta

107 1992 119 1994 ”
184 1982 349 2026 solebat
371 1983 553 2038 largiri',
584 1984 661 2025 ubi
680 1984 992 2038 praedicantur
1014 1984 1197 2038 patroni
1221 1983 1419 2026 liberales
1439 1984 1593 2025 aetatis
1615 1982 1907 2025 Claudiorum.

103 2052 211 2095 1236
240 2059 293 2094 Μ.
323 2057 574 2094 AVRELIVS
606 2057 767 2094 COTTA
796 2058 1026 2095 MAXIMVS
1056 2072 1113 2087 =
1143 2059 1195 2094 M.
1217 2058 1468 2093 AVRELIVS
1491 2057 1652 2093 COTTA
1679 2058 1908 2093 MAXIMVS

182 2126 511 2175 MESSALINVS,
555 2120 704 2162 consul
735 2136 773 2164 a.
804 2122 859 2164 20
889 2136 932 2177 p.
963 2120 1012 2163 C.
1044 2135 1142 2162 cum
1172 2119 1231 2162 M.
1263 2119 1440 2162 Valerio
1470 2119 1716 2162 Messalino.
1773 2119 1910 2161 Filius

184 2189 245 2233 M.
266 2188 430 2231 Valerii
450 2188 680 2231 Messallae
701 2188 882 2231 Corvini
913 2195 957 2231 et
976 2188 1180 2231 Aureliae
1211 2188 1434 2230 cuiusdam
1467 2203 1490 2230 e
1519 2189 1652 2244 stirpe
1684 2187 1910 2230 Cottarum

185 2257 312 2299 schol.
333 2257 392 2299 ad
416 2256 536 2301 Pers.
557 2260 601 2308 2,
625 2260 692 2307 72,
724 2257 844 2299 Plin.
864 2271 907 2300 n.
928 2257 967 2301 h.
990 2260 1056 2308 10,
1082 2260 1154 2307 52,
1185 2256 1304 2300 ovid.
1336 2271 1387 2299 ex
1416 2256 1554 2299 Ponto
1582 2260 1620 2307 4,
1653 2260 1717 2307 16,
1748 2260 1802 2298 41
1822 2271 1907 2310 sqq.

188 2326 242 2380 cf.
262 2328 302 2376 3,
318 2329 363 2377 2,
379 2328 483 2368 103:
506 2325 644 2380 ‘adde‚
668 2325 783 2381 quod
805 2332 870 2368 est
889 2327 1058 2368 animus
1080 2340 1250 2381 semper
1270 2324 1350 2367 tibi
1370 2326 1486 2367 mitis
1509 2332 1550 2367 et
1569 2324 1681 2367 altae
1701 2324 1910 2366 indicium

185 2407 328 2435 mores
348 2391 585 2435 nobilitatis
605 2392 777 2447 habent,
800 2407 908 2449 quos
932 2392 1116 2435 Volesus
1138 2394 1266 2449 patrii
1288 2399 1519 2447 eognoscat
1539 2393 1723 2434 nominis
1746 2399 1908 2446 auctor,

187 2460 304 2518 quod
321 2461 465 2503 Numa
484 2467 705 2503 maternus
731 2476 818 2503 non
848 2468 978 2516 negat
998 2476 1092 2504 esse
1113 2476 1223 2514 suOS,
1245 2461 1488 2517 adiectique
1507 2461 1691 2517 probent
1710 2461 1912 2515 genetiva

187 2530 243 2573 ad
262 2530 438 2572 nomina
459 2529 622 2583 Cottae,
646 2530 681 2571 si
702 2536 749 2571 tu
768 2544 856 2572 non
877 2545 1001 2584 esses,
1025 2531 1254 2572 interitura
1275 2529 1459 2572 domus’.
1500 2528 1665 2583 ‘Magni
1686 2528 1912 2571 Messallae

186 2598 304 2655 lippa
332 2605 540 2654 propago'
575 2597 752 2640 Persius
775 2602 857 2640 sat.
878 2602 921 2649 2,
946 2601 1014 2648 72,
1045 2599 1123 2640 ubi
1149 2597 1401 2640 scholiasta:
1431 2596 1600 2639 Cottam
1632 2597 1911 2639 Messalinum

189 2667 294 2710 dicit
323 2693 376 2699 —
408 2691 458 2697 —
492 2666 562 2708 hic
602 2665 657 2709 ab
697 2666 876 2709 Aurelio
917 2666 1044 2710 Cotta
1081 2666 1309 2722 adoptatus
1348 2665 1405 2707 M.
1447 2665 1652 2707 Aurelius
1692 2666 1911 2708 Maximus

188 2735 427 2779 vocabatur
456 2736 667 2790 originem
687 2735 861 2778 trahens
882 2751 908 2777 a
928 2735 1103 2778 Valerio
1124 2734 1326 2777 Messalla
1347 2738 1420 2777 ete.
1467 2735 1603 2777 Immo
1624 2735 1683 2777 M.
1705 2734 1911 2777 Aurelius

190 2803 317 2847 Cotta
335 2803 566 2857 Maximus,
598 2807 647 2846 ut
677 2807 858 2858 afflaret
886 2819 938 2846 ex
965 2804 1088 2846 titulo
1108 2804 1166 2846 M.
1189 2802 1356 2845 Aurelii
1376 2803 1538 2845 Zosimi
1559 2803 1711 2846 Cottae
1732 2804 1913 2846 Maximi

189 2871 332 2914 liberti
363 2878 406 2914 et
434 2873 603 2914 accensi
623 2871 704 2913 XI
709 2871 750 2914 V
758 2875 877 2915 2298
897 2875 937 2914 et
956 2886 1006 2914 ex
1035 2871 1178 2914 Ovidii
1206 2871 1396 2925 epistulis
1416 2885 1467 2913 ea:
1484 2870 1636 2921 Ponto,
1666 2873 1743 2914 ubi
1771 2872 1913 2926 appel-

190 2941 306 2984 latur
323 2940 409 2983 sive
425 2938 553 2982 Cotta
566 2943 606 2991 3,
622 2943 666 2989 2,
685 2944 734 2991 1;
753 2944 792 2990 4,
810 2944 876 2991 16,
892 2944 945 2982 41
966 2941 1051 2982 sive
1071 2940 1291 2982 Maximus
1307 2943 1345 2990 1,
1362 2942 1401 2990 5,
1418 2943 1462 2983 2.
1482 2943 1531 2991 9;
1554 2944 1591 2990 1,
1610 2943 1647 2990 9,
1666 2943 1729 2984 16.
1747 2944 1819 2983 32.
1836 2943 1913 2990 50,-

96 3010 101 3015 ”
190 3012 232 3059 2,
253 3011 293 3059 3,
316 3012 341 3051 1
366 3008 452 3051 sive
473 3008 690 3050 Maximus
713 3008 840 3051 Cotta
860 3012 898 3058 3,
919 3011 958 3059 5,
982 3011 1008 3050 6
1018 3022 1031 3059 ,·
1060 3012 1099 3058 4,
1120 3011 1186 3058 16,
1207 3011 1272 3051 41.
1316 3008 1372 3050 In
1392 3008 1611 3050 consulatu
1630 3008 1690 3051 M.
1711 3008 1915 3051 Aurelius

193 3076 321 3120 Cotta
348 3076 457 3130 fasti
474 3076 637 3127 Arval„
668 3076 759 3119 Dio
787 3077 873 3119 ind.
906 3077 932 3118 l.
962 3077 1019 3119 57
1046 3077 1131 3118 sive
1159 3076 1216 3118 M.
1238 3075 1442 3118 Aurelius
1474 3076 1542 3118 VI
1560 3079 1706 3127 10051,
1744 3077 1841 3119 Tac.
1874 3092 1911 3119 a.

95 3144 101 3153 ⁶
189 3147 228 3194 3,
262 3148 290 3186 7
315 3145 400 3187 sive
443 3144 571 3187 Cotta
606 3145 726 3199 fasti.
787 3144 1025 3199 (Valerius)
1064 3143 1323 3187 Messalinus
1363 3151 1558 3186 mortuus
1599 3144 1751 3187 Cottae
1791 3145 1913 3187 fratri

181 3210 432 3267 vcognomen
471 3228 594 3255 suum
634 3212 810 3269 reliquit
851 3212 1029 3255 Velleius
1057 3215 1101 3263 2,
1134 3215 1230 3262 112,
1260 3215 1318 3263 2,·
1361 3212 1489 3255 Cotta
1532 3212 1790 3255 Messalinus
1831 3214 1915 3255 sive

193 3279 450 3323 Messalinus
481 3279 608 3324 Cotta
643 3281 742 3323 Tac.
774 3295 813 3323 a.
844 3284 889 3331 2,
919 3283 978 3324 32
1007 3280 1100 3335 (ubi
1129 3279 1178 3323 C.
1206 3281 1332 3324 Cotta
1361 3281 1589 3335 traditur);
1617 3284 1656 3331 4,
1687 3283 1769 3331 20;
1796 3284 1835 3331 5,
1866 3284 1916 3331 3;

192 3351 230 3399 6,
252 3351 302 3400 5,·
330 3351 400 3400 12,
419 3351 494 3400 22,
527 3348 645 3393 Plin.
675 3363 718 3391 n.
749 3348 790 3391 h.
811 3352 878 3400 10,
899 3351 968 3399 52,
1000 3348 1087 3391 ind.
1114 3347 1141 3391 l.
1161 3351 1227 3391 14,
1247 3351 1314 3392 15.
1360 3348 1488 3392 Cotta
1517 3349 1634 3403 apud
1660 3348 1910 3391 Iuvenalem
