2202 3730
293 283 541 319 AVRELIVS
1151 276 1236 318 202
1531 300 1541 308 ·
1839 282 2089 319 AVRELIVS

375 413 521 463 similo,
560 412 670 466 quod
697 414 849 466 postea
889 410 940 465 (υ.
972 410 1109 465 infra)
1148 410 1214 453 his
1252 412 1495 454 nominibus
1523 412 1576 454 ab
1609 426 1647 454 α.
1674 415 1755 454 191
1792 426 1893 455 usus
1928 416 2010 464 est,
2052 417 2091 456 et

377 481 672 535 comprobatur
703 479 836 521 titulis
863 479 1127 532 quibusdam,
1158 481 1234 522 ubi
1259 480 1351 522 vivo
1371 483 1502 534 patre
1530 481 1595 522 ἱέα
1623 481 1868 523 nominatur
1895 482 2092 536 inprimis

378 549 477 603 diffl.
517 548 604 591 mil.
639 548 727 589 III
749 547 794 590 S.
826 546 1036 589 LXXVI
1071 562 1110 590 α.
1140 550 1224 590 178
1265 547 1402 604 (‘imp.
1444 547 1568 591 Caes.
1607 548 1657 593 L.
1697 548 1848 596 Aelius
1886 548 2089 592 Aurelius

379 615 636 658 Commodus
667 615 818 669 Aug.’)
850 615 904 668 cf.
938 614 1060 657 VIII
1080 619 1203 666 2366,
1235 615 1360 658 XIV
1380 618 1504 660 2856.

462 683 618 725 Adhuc
649 685 692 725 in
732 688 959 739 praetexta
1000 683 1154 739 puerili
1185 684 1451 739 congiarium
1481 683 1601 727 dedit
1630 692 1760 742 atque
1790 686 1881 742 ipse
1911 686 1955 728 in
1985 685 2092 728 basi-

376 753 459 794 lica
488 752 663 794 Traiani
694 751 911 807 praesedit
939 752 1027 794 υἱέα
1047 755 1090 802 2,
1113 755 1138 793 1
1169 752 1238 807 (ef.
1272 752 1320 795 de
1342 754 1522 795 nummis
1548 752 1688 796 Ceben
1707 754 1816 796 1112
1845 752 2092 797 Commodus

375 835 416 862 n.
448 823 666 869 291-294,
703 820 776 873 qui
807 819 886 861 buo
924 823 1113 874 spectare
1149 820 1355 872 videntur,
1385 821 1546 864 Eckhel
1578 821 1674 864 VII
1687 836 1735 876 p.
1756 822 1866 878 104).
1926 821 2090 875 Qua-rto

378 889 543 931 decimo
566 888 718 930 aetatis
739 902 851 930 anno
873 888 918 929 in
940 890 1084 930 omnia
1105 887 1288 943 collegia
1307 888 1591 931 sacerdotalia
1611 889 1809 932 sacerdos
1839 890 2092 947 adsumptus

379 964 441 999 est
470 957 584 998 XIII
614 955 701 998 kal.
734 956 923 998 Invictas
955 956 1026 1011 (of.
1049 956 1136 998 Dio
1158 959 1227 1007 72,
1252 956 1319 1011 15)
1342 977 1397 991 =
1417 957 1457 999 d.
1480 958 1535 999 20
1564 971 1698 1002 mens.
1728 957 1919 1000 Ianuarii
1948 973 1987 1001 a.
2011 958 2092 1001 175

374 1026 465 1067 υἱέα
494 1027 532 1074 1,
563 1027 617 1066 10
627 1037 641 1075 ;
669 1027 738 1074 12,
768 1027 805 1066 1.
864 1023 975 1066 Cum
1003 1023 1188 1066 Avidius
1219 1023 1395 1067 Cassius
1435 1026 1480 1066 in
1520 1025 1650 1081 Syria
1686 1025 1931 1080 rebellaret,
1971 1024 2092 1068 Com-

376 1093 529 1135 modus
560 1093 602 1134 in
636 1092 914 1135 Germaniam
944 1092 1161 1148 profectus
1192 1098 1256 1134 cst
1285 1092 1422 1134 XIIII
1452 1092 1538 1135 kal.
1569 1092 1715 1135 Aelias
1736 1113 1791 1128 =
1811 1093 1852 1138 d.
1877 1093 1929 1136 19
1956 1108 2090 1139 mens.

375 1162 463 1203 Mai
495 1176 532 1203 a.
559 1161 638 1203 175
666 1161 755 1202 υἱέα
774 1163 843 1211 12,
864 1163 907 1204 2.
954 1160 1189 1203 Commodo
1220 1161 1276 1202 ad
1305 1160 1484 1203 limitem
1515 1162 1722 1203 accersito
1743 1161 1918 1204 Marcus
1948 1168 2093 1217 togam

375 1229 543 1271 virilem
585 1229 703 1271 dedit
742 1230 813 1271 υἱέ.
846 1228 998 1271 Marci
1024 1232 1099 1279 22,
1131 1232 1189 1271 12
1225 1228 1266 1272 d.
1298 1229 1322 1272 7
1358 1244 1492 1272 mens.
1525 1228 1625 1271 Iulii
1659 1245 1697 1274 a.
1732 1230 1811 1272 175
1850 1231 1940 1272 υἱέα
1969 1234 2013 1281 2,
2043 1233 2094 1282 3;

376 1302 445 1348 12,
462 1301 500 1340 3.
536 1297 786 1354 ‘Cooptatus
810 1303 874 1339 est
894 1298 1005 1338 inter
1022 1296 1135 1339 *tres
1152 1296 1263 1340 solos
1285 1298 1485 1353 princeps
1506 1299 1742 1340 iuventutis
1759 1299 1830 1354 (cf.
1844 1299 2093 1350 Mommsen,

378 1366 642 1410 Staatsreebt
671 1366 732 1408 II
735 1366 752 1390 3
775 1380 824 1420 p.
847 1368 931 1409 827
959 1380 1000 1408 n.
1022 1365 1080 1420 4),
1113 1380 1208 1407 cum
1237 1372 1381 1420 togam
1411 1367 1606 1422 sumpsit'
1633 1367 1723 1409 υἱέα
1749 1370 1792 1418 2,
1814 1370 1864 1418 1,·
1893 1368 2093 1424 princeps

376 1435 610 1476 iuventutis
639 1434 685 1476 in
713 1435 896 1476 nummis
922 1433 1062 1477 Goben
1088 1447 1131 1476 n.
1159 1436 1249 1476 605.
1281 1437 1374 1476 607.
1406 1437 1498 1478 610.
1531 1437 1614 1477 617
1642 1437 1715 1477 ete.
1775 1434 2001 1477 Profectus
2031 1441 2096 1478 est

377 1503 695 1546 commendatus
725 1502 934 1545 militibus
966 1517 1063 1544 cum
1103 1508 1226 1558 patre
1265 1502 1310 1544 in
1341 1502 1514 1558 Syriam
1554 1509 1596 1545 et
1624 1502 1873 1560 Aegyptum
1913 1508 1957 1545 et
1996 1517 2094 1546 oum

378 1586 427 1614 eo
467 1573 646 1614 Romam
685 1571 813 1613 rediit
849 1572 938 1613 υἱέα
967 1575 1010 1621 2,
1041 1574 1068 1613 3
1107 1571 1204 1613 inde
1245 1571 1297 1613 ab
1340 1574 1539 1614 autumno
1579 1572 1668 1625 fere
1703 1585 1743 1616 α.
1773 1574 1853 1614 175
1880 1584 2009 1626 usque
2037 1570 2097 1614 ad

377 1644 622 1682 autumnum
662 1654 701 1682 α.
732 1643 824 1682 176.
894 1640 946 1682 In
988 1654 1035 1681 eo
1079 1640 1232 1681 itinere
1264 1639 1476 1695 Smyrnae
1515 1654 1614 1682 cum
1652 1645 1774 1696 patre
1804 1646 2000 1683 versatus
2030 1646 2096 1683 est

375 1708 588 1750 Aristides
616 1722 675 1750 or.
706 1707 858 1750 XXII
881 1707 942 1750 ed.
973 1707 1174 1761 Dindorf
1195 1707 1230 1750 I
1248 1722 1296 1762 p.
1323 1710 1416 1750 439.
2111 1759 2114 1764 ¹

466 1776 591 1819 ‘Cum
617 1776 746 1832 patre
768 1776 999 1832 imperator
1030 1775 1271 1832 appellatus
1293 1782 1370 1818 est‘
1394 1775 1458 1831 (id
1480 1779 1561 1818 est:
1590 1777 1636 1818 in
1656 1777 1910 1819 consortium
1928 1777 2099 1832 imperii

377 1846 596 1901 recipitur)
637 1844 676 1886 d.
718 1845 771 1887 27
811 1859 944 1886 mens.
984 1843 1240 1886 Novembris
1281 1859 1318 1887 a.
1354 1844 1434 1887 176
1471 1845 1562 1886 υἱέα
1590 1847 1644 1895 2,
1674 1848 1725 1896 4,·
1763 1847 1838 1895 12,
1865 1848 1893 1887 4
1930 1845 1985 1899 cf.
2023 1845 2096 1887 vit.

379 1913 527 1955 Marci
554 1916 619 1963 16,
651 1916 689 1955 1.
763 1912 1052 1955 Tribuniciam
1081 1915 1335 1967 potestatem
1373 1913 1444 1967 (of.
1482 1913 1552 1955 vit.
1595 1912 1744 1955 Marci
1771 1915 1840 1963 27,
1870 1912 1914 1967 5)
1952 1916 2096 1956 utrum

377 1982 516 2025 eodem
547 1985 726 2036 tempore
757 1995 814 2023 an
838 1981 974 2035 paulo
992 1984 1094 2035 post
1123 1981 1329 2035 acceperit
1359 1995 1398 2023 a.
1429 1984 1522 2031 177,
1556 1983 1616 2023 est
1641 1994 1716 2023 our
1745 1980 1936 2023 dubitari
1953 1982 2096 2036 possit

379 2049 448 2104 (of.
474 2051 721 2100 Mommsen,
745 2049 1009 2093 Staatsreoht
1030 2049 1090 2092 II
1093 2049 1111 2073 3
1133 2064 1181 2103 p.
1201 2051 1283 2091 801
1305 2048 1402 2093 adn.
1419 2050 1467 2105 2)
1490 2051 1668 2103 propter
1686 2062 1876 2092 nummos
1894 2049 2096 2103 quosdam

379 2118 518 2162 Colien
548 2133 588 2160 n.
610 2121 703 2160 118.
736 2120 932 2160 733-738
960 2118 1184 2172 inscriptos
1213 2124 1265 2159 tr.
1297 2123 1385 2173 pot.
1417 2131 1502 2159 cos.
1554 2117 1641 2160 Sed
1667 2118 1758 2159 veri
1784 2118 1964 2161 similius
1991 2118 2096 2160 mihi

376 2187 539 2229 videtur
567 2186 836 2229 Commodum
859 2186 983 2228 simul
1013 2186 1282 2240 imperatoris
1310 2199 1460 2227 nomen
1489 2189 1528 2227 et
1557 2186 1827 2228 tribuniciam
1845 2189 2096 2240 potestatem

378 2256 584 2310 accepisse
627 2258 666 2296 et
712 2255 1003 2308 inscriptiones
1046 2268 1310 2296 nummorum
1356 2254 1526 2296 illorum
1567 2253 1685 2305 baud
1728 2257 1952 2297 accuratas
1996 2267 2093 2305 esse,

378 2323 521 2377 quales
548 2337 633 2365 non
661 2323 785 2365 semel
814 2324 861 2365 in
891 2323 990 2364 aliis
1020 2323 1347 2377 imperatoribus
1377 2322 1751 2377 deprehenduntur.
1792 2323 2097 2379 Triumphavit

380 2407 476 2433 cum
506 2398 628 2447 patre
660 2392 700 2433 d.
724 2393 777 2434 23
807 2406 941 2434 mens.
964 2391 1220 2433 Decembris
1251 2406 1287 2433 a.
1312 2391 1393 2433 176
1420 2391 1509 2432 υἱέα
1528 2394 1596 2445 12,
1617 2393 1656 2433 5.
1707 2391 1832 2446 (Item
1853 2404 1946 2433 oum
1965 2395 2096 2447 patre

378 2460 656 2514 triumphasse
688 2460 937 2514 perhibetur
965 2460 1054 2501 υἱέα
1082 2463 1125 2511 2,
1155 2463 1194 2510 4,
1223 2460 1294 2502 υἱέ.
1326 2459 1475 2501 Marci
1501 2462 1565 2510 16,
1597 2462 1645 2510 1,·
1673 2462 1740 2509 17,
1772 2462 1800 2502 3
1830 2479 1885 2494 =
1912 2459 2094 2515 Eutrop.

378 2531 416 2578 8,
438 2531 465 2569 3
488 2542 618 2582 neque
639 2532 857 2583 repuynat,
888 2528 998 2582 quod
1017 2528 1198 2570 Marcus
1218 2528 1374 2570 dieitur
1395 2527 1570 2569 sedente
1590 2527 1677 2569 filio
1709 2527 1763 2569 ad
1793 2527 2095 2584 triumphalem

380 2611 551 2638 currum
586 2597 630 2638 in
670 2598 782 2638 circo
821 2596 952 2652 pedes
993 2597 1232 2638 cucurrisse
1261 2596 1332 2640 υἱέ.
1360 2595 1511 2638 Marci
1538 2598 1603 2645 16,
1635 2599 1689 2647 2,·
1723 2609 1825 2638 nam
1845 2610 1928 2650 per
1948 2596 2097 2651 plures

379 2665 466 2706 dies
496 2664 751 2718 triumphum
782 2667 921 2707 aetum
951 2678 1035 2707 esse
1064 2665 1153 2706 veri
1179 2663 1315 2706 simde
1344 2663 1432 2718 esD.

464 2732 516 2774 A.
549 2733 629 2775 177
662 2732 810 2774 consul
840 2734 862 2774 I
891 2733 1010 2786 fasti.
1068 2732 1234 2775 Eodem
1274 2746 1386 2774 anno
1425 2731 1651 2787 Augustus
1692 2738 1734 2774 et
1773 2738 1896 2787 pater
1930 2733 2096 2789 patriae

379 2799 617 2856 appellatus
659 2807 744 2854 est3
788 2801 885 2857 imp.
928 2801 980 2843 L.
1011 2800 1252 2855 Aurel(ius)
1290 2800 1549 2843 Commodus
1589 2799 1702 2855 Aug.
1738 2800 1824 2843 sive
1862 2801 2097 2857 imperator

381 2868 642 2910 Commodus
671 2868 785 2923 Aug.
817 2870 900 2911 sive
930 2869 981 2913 L.
1003 2868 1207 2911 Aurelius
1230 2868 1489 2911 Commodus
1511 2868 1623 2923 Aug.
1646 2869 1814 2922 passim
1842 2869 1889 2911 in
1915 2869 2097 2912 nummis

380 2936 603 2989 titulisque.
634 2935 688 2978 A.
708 2937 787 2979 178
805 2943 928 2993 pater
948 2938 1199 2993 priusquam
1215 2936 1270 2979 ad
1290 2935 1451 2979 bellum
1472 2936 1828 2992 proficisceretur,
1846 2936 2095 2992 (Bruttiam)

381 3004 625 3060 Crispinam
647 3004 881 3046 Commodo
908 3006 953 3047 in
976 3006 1297 3047 matrimonium
1318 3004 1546 3047 collocavit
1565 3003 1652 3046 Dio
1675 3007 1739 3055 71,
1759 3007 1824 3055 33,
1855 3005 1925 3048 vit.
1949 3004 2100 3047 Marci

379 3075 449 3123 27,
470 3076 509 3122 8,
540 3073 712 3114 nummi.
755 3073 840 3114 Die
867 3074 892 3114 3
923 3088 1055 3115 mens.
1078 3073 1265 3128 Augusti
1291 3088 1328 3117 a.
1354 3072 1433 3115 178
1460 3086 1558 3114 cum
1588 3078 1709 3128 patre
1737 3073 1894 3114 iterum
1923 3073 1966 3114 in
1988 3072 2095 3117 Ger-

380 3140 567 3181 maniam
598 3140 815 3195 profectus
848 3148 911 3183 est
934 3142 1024 3183 υἱέα
1043 3145 1087 3192 2,
1107 3143 1158 3192 5,’
1185 3144 1254 3192 12,
1276 3144 1313 3184 6.
1363 3142 1493 3184 Pater
1521 3139 1804 3182 moribundus
1825 3155 1923 3183 eum
1948 3141 2096 3183 amicis

381 3214 423 3249 et
451 3207 657 3249 militibus
689 3209 1005 3251 commendavit
1029 3209 1118 3252 Dio
1141 3213 1205 3260 71,
1225 3212 1292 3260 34,
1323 3208 1555 3252 Herodian.
1577 3212 1614 3258 1,
1635 3212 1663 3250 4
1693 3208 1835 3263 (aliter
1853 3209 1925 3253 υἱέ.
1949 3207 2099 3251 Marci

379 3279 449 3325 27,
473 3279 547 3326 11,·
576 3277 647 3325 28,
670 3276 752 3329 10).
804 3277 932 3319 Patre
963 3283 1131 3320 mortuo
1162 3277 1232 3319 die
1264 3277 1315 3320 17
1338 3291 1470 3319 mens.
1493 3276 1640 3318 Martii
1667 3291 1706 3318 a.
1730 3276 1812 3319 180
1837 3275 2097 3319 Commodus

381 3342 495 3386 solus
536 3344 763 3400 imperium
795 3345 889 3387 iniit
920 3346 973 3400 ef.
1004 3345 1048 3387 A
1077 3348 1169 3388 537.
1231 3343 1370 3388 Paulo
1391 3347 1492 3400 post
1520 3344 1695 3398 nomina
1722 3344 1970 3387 mutavitet
1989 3342 2098 3400 inde
