2202 3730
116 288 363 325 eLAvmvs
975 282 1056 326 371
1673 287 1923 325 CLAVDIVS

284 419 456 462 onres
487 426 584 475 post
604 419 832 463 Claudiam
853 420 1093 477 Octaviam,
1126 434 1256 476 quam
1286 434 1396 462 anno
1428 420 1483 462 62
1509 419 1635 462 domo
1666 419 1712 461 in
1742 418 1925 474 Campa-

203 488 322 530 niam
345 487 512 544 expulit
538 488 636 531 Tao.
663 503 702 531 a.
728 492 793 539 14,
815 492 881 539 60,
915 489 1160 545 Poppaeam
1183 488 1401 541 Sabinam,
1423 502 1554 544 quam
1581 487 1835 530 duodecimo
1856 485 1926 528 die

201 563 299 613 post
337 555 575 599 divortium
615 557 823 600 Octaviae
862 557 989 599 duxit
1023 556 1123 599 Tae.
1160 556 1187 599 l.
1228 556 1278 607 l.,
1320 557 1491 599 Sueton.
1526 556 1582 600 N.
1613 558 1679 606 35,
1720 569 1833 597 anno
1870 555 1924 596 65

200 625 343 667 amisit
377 625 476 668 Tae.
498 640 539 668 a.
559 629 624 676 16,
646 628 684 676 6,
716 625 804 668 Dio
836 629 904 676 62,
926 628 989 668 27
996 638 1010 676 ;
1040 631 1139 680 post
1164 625 1287 666 cuius
1317 631 1498 667 mortem
1524 623 1739 667 Statiliam
1767 622 1927 665 Messa-

199 692 333 736 linam
363 694 546 736 Vestino
575 692 720 736 Attico
758 694 911 736 marito
953 707 1065 735 anno
1097 694 1151 735 65
1194 693 1335 734 occiso
1367 692 1487 749 (Tae.
1520 707 1562 735 a.
1588 694 1655 743 15,
1687 689 1845 745 68-69)
1881 689 1927 731 in

197 763 518 804 matrimonium
562 763 729 818 accepit
769 762 940 805 Sueton.
984 761 1010 804 l.
1053 761 1102 812 l.‚
1145 761 1272 804 schol.
1318 761 1376 804 ad
1415 760 1603 805 Juvenal.
1643 763 1724 803 sat.
1761 763 1798 811 6,
1829 761 1927 802 434.

201 830 271 872 Ex
315 831 518 887 Poppaea
554 829 716 873 Sabina
759 830 892 872 filiam
936 829 1036 873 tulit
1070 829 1300 872 Claudiam
1334 829 1580 885 Augustam
1622 843 1659 872 v.
1694 829 1815 883 infra
1848 826 1925 869 sub

201 898 405 943 Claudia.

285 967 391 1010 Post
420 981 570 1009 necem
590 966 775 1008 Neronis
804 966 928 1009 multi
959 982 1056 1009 eum
1087 981 1363 1009 reversurum
1385 981 1478 1009 esse
1498 965 1731 1009 eredebant
1751 964 1926 1008 Sueton.

203 1035 259 1078 N.
277 1039 342 1086 67,
369 1034 458 1078 Dio
479 1034 690 1090 Chrysost.
714 1038 821 1077 orat.
842 1039 900 1078 21
919 1036 954 1078 Ι
958 1050 1006 1090 p.
1021 1038 1105 1078 300
1125 1035 1187 1077 ed.
1209 1034 1414 1089 Dindorf,
1435 1034 1551 1077 unde
1571 1034 1716 1091 plures
1735 1033 1928 1075 Nerones

199 1103 298 1146 falsi
320 1104 556 1146 extiterunt
582 1104 680 1147 Tac.
701 1103 741 1145 h.
762 1106 807 1154 2,
828 1106 879 1145 8.·
910 1104 952 1158 1)
981 1103 1151 1146 Othone
1171 1105 1410 1160 imperante
1431 1118 1582 1145 servus
1608 1118 1631 1145 e
1651 1102 1789 1145 Ponto
1821 1102 1926 1155 sive,

198 1179 247 1214 ut
275 1172 349 1215 alii
379 1172 608 1226 tradidere,
649 1171 875 1214 libertinus
907 1186 962 1214 ex
992 1171 1120 1214 Italia
1149 1172 1367 1214 Neronem
1408 1186 1454 1213 se
1491 1186 1583 1213 esse
1623 1169 1828 1213 simulans
1859 1167 1929 1211 ad-

199 1242 357 1283 iunctis
379 1240 669 1283 desertoribus
692 1239 914 1296 Cythnum
944 1240 1131 1282 insulam
1160 1241 1329 1295 invasit,
1364 1240 1437 1283 ubi
1464 1256 1490 1282 a
1511 1239 1748 1296 Calpurnio
1771 1238 1928 1294 Aspre-

200 1316 311 1364 nate,
335 1308 534 1369 praeside
555 1308 762 1363 Galatiae,
788 1323 1019 1364 oppressus
1041 1315 1105 1350 est
1128 1308 1226 1351 Tac.
1243 1308 1283 1350 h.
1300 1312 1343 1359 2,
1359 1311 1400 1351 8.
1421 1311 1459 1359 9,
1482 1307 1570 1351 Dio
1590 1311 1655 1358 64,
1673 1311 1699 1350 9
1716 1306 1930 1362 (Zonaras

202 1382 268 1429 11,
284 1376 376 1432 15),·
397 1377 442 1432 2)
463 1376 574 1420 alius
595 1376 729 1419 falsus
752 1377 867 1419 Nero
889 1377 1060 1419 nomine
1081 1377 1312 1419 Terentius
1332 1376 1551 1419 Maximus
1571 1376 1670 1418 Tito
1693 1376 1930 1432 imperante

200 1447 244 1487 in
277 1446 383 1488 Asia
413 1446 556 1488 extitit
586 1452 629 1487 et
658 1445 711 1487 ad
741 1445 925 1487 Parthos
956 1445 1068 1500 fugit
1099 1445 1296 1488 Zonaras
1326 1448 1390 1496 11,
1424 1448 1503 1496 18;
1541 1446 1586 1499 3)
1618 1445 1771 1487 tertius
1801 1442 1928 1485 homo

197 1514 461 1557 condicionis
502 1515 692 1556 incertae
733 1512 813 1555 sub
849 1513 1099 1556 Domitiano
1147 1514 1312 1568 extitit,
1360 1514 1435 1570 qui
1481 1528 1526 1555 se
1576 1513 1792 1555 Neronem
1837 1526 1930 1553 esse

199 1582 389 1625 iactabat
429 1588 472 1624 et
510 1597 536 1624 a
576 1581 749 1624 Parthis
787 1581 1067 1624 vehementer
1106 1582 1280 1624 adiutus
1312 1582 1388 1623 vix
1428 1581 1625 1624 redditus
1663 1587 1727 1623 est
1757 1580 1927 1624 Sueton.

199 1651 257 1694 N.
287 1654 345 1695 57
373 1651 427 1705 of.
457 1651 586 1693 verba
622 1650 719 1693 Tac.
750 1650 790 1694 h.
822 1654 860 1702 1,
891 1653 924 1694 2
956 1657 1088 1692 ‘mota
1116 1665 1252 1707 prope
1282 1650 1411 1692 etiam
1448 1665 1570 1692 arma
1608 1649 1706 1692 falsi
1744 1649 1930 1691 Neronis

198 1719 437 1763 ludibri02„

113 1790 194 1832 691
228 1788 438 1832 Claudius
460 1788 671 1830 Etruscus
692 1788 771 1842 (sie
794 1788 962 1831 Statius
981 1787 1073 1832 silv.
1086 1789 1233 1843 praef.
1256 1788 1283 1832 l.
1305 1791 1330 1830 1
1352 1791 1390 1830 et
1411 1792 1451 1838 3,
1483 1790 1665 1830 ceterum
1685 1786 1929 1840 Etruscus),

198 1858 363 1900 amicus
385 1856 514 1900 Statii
535 1863 579 1899 ct
599 1856 824 1911 Martialis,
857 1871 942 1913 quo
964 1856 1225 1913 deprecante
1245 1863 1368 1913 pater
1386 1872 1412 1898 a
1432 1856 1683 1898 Domitiano
1714 1854 1770 1898 ab
1800 1853 1928 1896 exilio

124 1973 133 1975 ff
198 1932 425 1969 revocatus
457 1931 521 1968 est
551 1925 754 1968 Martial.
785 1925 916 1981 epiyr.
943 1928 980 1976 6,
1002 1927 1068 1976 83,
1102 1925 1214 1969 Stat.
1240 1925 1332 1968 silv.
1353 1928 1392 1976 3,
1413 1927 1553 1979 3,156
1573 1937 1683 1979 399.;
1709 1923 1764 1965 de
1792 1928 1930 1964 morte

196 1995 332 2052 patris
363 2009 458 2036 eum
491 1993 698 2037 consolati
730 2000 831 2036 sunt
859 1993 1059 2038 Martial.
1092 1994 1222 2049 epiqr.
1255 1997 1292 2044 7,
1325 1997 1379 2036 40
1410 1997 1450 2036 et
1479 1993 1591 2038 Stat.
1622 1992 1714 2035 silv.
1745 1995 1785 2043 3,
1816 1994 1844 2033 3
1873 1991 1928 2044 of.

197 2063 339 2118 praef.
363 2062 389 2105 l.
410 2065 450 2105 3.
499 2061 713 2104 Balneum
744 2061 798 2103 ab
831 2076 878 2105 eo
910 2068 1159 2104 extructum
1189 2061 1392 2104 laudatur
1417 2061 1619 2104 Martial.
1641 2061 1771 2115 epiqr.
1796 2063 1834 2111 6,
1855 2062 1926 2109 42,

198 2131 312 2175 Stat.
343 2130 434 2175 silv.
466 2134 504 2181 1,
529 2132 556 2173 5
585 2131 640 2184 cf.
664 2131 809 2185 praef.
843 2130 869 2172 l.
902 2134 941 2172 1.

283 2199 432 2241 Patris
469 2199 645 2241 nomina
680 2213 765 2241 non
804 2198 1055 2250 traduntur;
1094 2213 1144 2241 ex
1183 2199 1350 2241 nomine
1379 2198 1474 2254 filii,
1517 2198 1590 2251 qui
1618 2210 1841 2252 coqnomen
1872 2196 1926 2237 ab

197 2268 385 2311 Etrusca
413 2270 549 2309 matre
574 2267 773 2322 sumpsit,
812 2265 1026 2309 Claudius
1064 2267 1306 2309 nominatus
1335 2280 1424 2309 esse
1452 2266 1641 2317 videtur,·
1675 2278 1928 2319 quamquam

197 2351 248 2379 ex
290 2337 344 2378 iis
385 2349 493 2390 quae
532 2335 580 2378 de
612 2336 703 2377 vita
742 2338 936 2378 constant
974 2338 1156 2390 apparet
1185 2349 1277 2377 ewm
1308 2335 1361 2378 ab
1392 2335 1646 2389 imperatore
1679 2333 1744 2376 Ti.
1777 2332 1926 2388 (Iulio)

198 2403 379 2448 Caesare
397 2418 528 2447 manu
547 2404 720 2446 missum
740 2416 838 2446 esse.
889 2403 977 2446 Sed
994 2406 1042 2445 ut
1063 2403 1239 2446 libertos
1255 2403 1480 2458 palatinos
1508 2403 1682 2445 nomina
1708 2400 1927 2455 qentilicia

197 2487 248 2516 ex
275 2473 515 2515 nominibus
543 2473 846 2527 imperatorum
874 2485 959 2514 non
987 2472 1112 2514 semel
1140 2475 1323 2514 mutasse
1349 2474 1512 2514 constat
1532 2469 1604 2524 (cf.
1625 2468 1925 2521 Friedlander,

196 2540 528 2594 Darstellunqen
557 2542 631 2582 eto.
648 2539 718 2582 >1⁶
741 2553 789 2593 p.
812 2541 866 2581 95
896 2538 994 2581 adn.
1019 2538 1079 2592 2),
1108 2540 1172 2581 ita
1200 2539 1277 2581 hic<
1297 2553 1467 2593 quoque,
1491 2541 1720 2593 postquam
1748 2536 1928 2580 Claudii

196 2624 374 2665 reqnare
404 2611 637 2663 coeperunt,
667 2621 817 2650 nomen
847 2621 990 2649 eorunm
1021 2621 1183 2650 sumere
1203 2608 1358 2661 potuit.
1379 2632 1437 2638 —
1462 2607 1593 2650 Pater
1614 2605 1823 2661 oriundus
1844 2605 1927 2647 fuit

198 2693 254 2720 ex
285 2677 442 2734 oppido
465 2677 652 2732 Smyrna
683 2682 726 2718 et
754 2690 864 2732 puer
894 2690 1045 2717 servus
1071 2676 1251 2718 Romam
1282 2675 1451 2718 delatus
1482 2676 1526 2717 in
1555 2674 1762 2732 palatium
1791 2674 1922 2728 venit,

197 2746 274 2789 ubi
304 2743 651 2788 adolescentulus
681 2744 737 2786 ab
769 2744 1027 2800 imperatore
1057 2743 1232 2787 Tiberio
1262 2758 1395 2786 manu
1422 2744 1578 2786 missus
1611 2749 1674 2785 est
1695 2742 1923 2786 Stat.'silv.

196 2818 234 2865 3,
265 2818 305 2866 3,
335 2827 372 2858 υ.
403 2816 569 2863 61-69;
608 2813 911 2868 imperatorem
952 2811 1001 2855 C.
1032 2811 1262 2854 Caesarem
1301 2813 1346 2854 in
1386 2810 1552 2855 Gallias
1593 2813 1822 2853 comitatus
1861 2816 1925 2853 est

201 2883 286 2925 ibd.
317 2896 355 2924 υ.
377 2885 431 2923 70
452 2894 551 2935 399.,
583 2880 638 2923 ab
669 2881 929 2937 imperatore
957 2879 1137 2923 Claudio
1170 2880 1225 2922 ad
1253 2894 1433 2922 munera
1462 2878 1674 2936 ampliora
1702 2885 1923 2936 promotus

198 2951 284 2994 ibd.
312 2964 349 2992 v.
374 2953 425 2992 76
444 2962 554 3003 sqq.,·
583 2960 610 2990 a
639 2949 818 2990 summis
849 2948 1088 2990 rationibus
1116 2962 1153 2990 v.
1182 2951 1238 2991 86
1266 2962 1352 3003 sqq.
1383 2951 1491 2991 certe
1520 2948 1597 2991 sub
1631 2947 1801 2990 Nerone
1822 2950 1925 3002 post

196 3019 438 3062 Pallantem
452 3051 461 3067 ,
501 3018 684 3071 fortasse
723 3030 936 3059 successor
974 3017 1086 3067 εἰπε,
1128 3016 1239 3070 quod
1275 3030 1426 3059 munus
1466 3030 1516 3059 ex
1556 3016 1693 3060 Statii
1735 3017 1924 3059 versibus

199 3083 378 3142 appai‘et
417 3100 510 3128 eum
538 3099 621 3140 per
658 3085 767 3127 vices
797 3088 1027 3139 temporum
1055 3086 1278 3128 retinuisse
1307 3088 1347 3128 et
1375 3086 1450 3128 sub
1482 3084 1735 3128 Domitiano
1763 3098 1923 3138 quoque

198 3155 544 3205 administrasse,·
563 3154 608 3194 in
629 3153 823 3195 ordinem
845 3158 1089 3208 equestrem
1113 3159 1310 3210 receptus
1330 3154 1416 3198 ibd.
1436 3167 1473 3196 v.
1495 3157 1578 3197 143
1595 3167 1680 3208 399.
1692 3166 1706 3205 ,·
1726 3168 1752 3195 a
1771 3153 1921 3195 Domi-

197 3224 314 3265 tiano
346 3236 480 3264 senex
509 3222 554 3263 in
577 3220 857 3278 Campaniam
890 3219 1118 3274 relegatus,
1150 3220 1226 3263 sed
1255 3221 1385 3277 paulo
1417 3228 1514 3278 post
1542 3221 1629 3263 filio
1662 3221 1922 3277 deprecante

197 3297 424 3334 revocatus
456 3291 618 3332 Romae
658 3288 763 3330 obiit
801 3303 913 3330 anno
954 3287 1045 3329 fere
1076 3290 1130 3330 92
1172 3304 1307 3332 annos
1346 3304 1481 3346 prope
1518 3290 1754 3345 nonaginta
1794 3294 1920 3332 natus

195 3358 282 3403 ibd.
312 3372 349 3401 v.
369 3361 450 3402 156
474 3371 574 3413 399.,
607 3356 807 3400 Martial.
831 3359 868 3407 6,
890 3358 945 3399 83
953 3369 970 3409 ;
1000 3359 1036 3408 7,
1058 3359 1125 3400 40.

1573 3424 1647 3462 24*
