2202 3730
118 279 429 317 OALPVRNIVS
977 277 1060 320 279
1609 282 1921 318 CALPVRNIVS

202 408 319 465 filius
346 410 519 464 quidam
544 410 594 453 P.
624 411 853 466 Calpurnii
872 414 1022 456 Macri
1043 412 1189 456 Caulii
1206 414 1312 468 Rufi
1343 413 1473 467 leyati
1492 413 1684 455 Moesiae
1704 413 1925 466 inferioris

203 478 274 534 (cf.
313 492 447 533 supra
484 493 526 521 n.
557 479 678 534 220),
720 494 778 522 an
818 481 876 523 ad
912 481 1021 523 hunc
1050 482 1188 535 ipsum
1218 485 1246 523 t.
1277 481 1523 535 referendus
1553 472 1593 523 ct
1624 481 1839 535 leyendum
1868 482 1924 522 sit

206 546 356 590 ‘Rufi‘.
398 571 450 576 —
491 547 627 590 Filius
659 547 882 605 Calpurnii
913 550 1051 592 Macri
1092 549 1260 606 (leyati)
1290 550 1456 592 nomine
1487 550 1637 592 omisso
1666 552 1924 592 memoratur

201 614 318 660 Plin.
350 617 468 670 epist.
497 618 537 666 5,
568 618 635 667 18,
666 620 705 661 1.

117 684 201 726 222
232 683 496 740 Calpurnius
522 684 765 739 Marcellus,
797 687 818 728 ὁ
839 689 1052 742 κράτιστος,
1084 687 1265 728 maritus
1285 686 1542 728 Valentillae
1571 687 1616 728 in
1638 685 1761 728 titulo
1778 686 1925 728 uxoris

203 750 371 807 Papers
391 753 442 806 of
456 752 522 794 the
532 752 764 796 American
777 754 919 796 school
941 756 992 808 of
1006 755 1169 796 classic.
1185 754 1293 803 stud,
1312 758 1359 796 at
1371 754 1534 797 Athens
1544 755 1605 797 II
1611 770 1658 809 p.
1675 757 1758 795 186
1773 768 1815 795 n.
1827 756 1922 795 189.

117 821 230 863 2223,
259 819 522 876 Calpurnius
552 821 782 876 Maximus,
814 823 916 878 imp.
938 821 1175 864 Commodo
1207 830 1249 864 et
1273 821 1484 874 Quintillo
1516 837 1601 865 cos,
1634 823 1689 877 (a.
1712 821 1811 875 177)
1841 821 1923 863 sub

204 889 344 944 c(ura)
377 888 583 945 Calpurni
607 891 788 932 Maximi
819 892 865 932 in
893 891 1039 946 fistula
1061 890 1263 944 plumbea
1291 891 1462 933 urbana
1486 891 1655 933 Notie‘ie
1675 890 1787 945 deyli
1810 890 1926 932 scavi

202 960 310 1000 1895
333 972 381 1011 p.
401 960 506 1008 346;
526 962 788 1011 procurator
817 973 1026 1013 aquarum
1056 973 1166 1001 anno
1197 963 1291 1001 177.

117 1025 201 1068 223
232 1025 286 1078 Q.
312 1025 574 1082 Calpurnius
595 1026 830 1081 Modestus,
864 1026 912 1070 C.
934 1028 979 1082 f.‚
1012 1027 1129 1069 tribu
1161 1027 1296 1081 Quin,
1329 1034 1583 1084 procurator
1602 1027 1794 1083 Alpium,
1827 1041 1923 1082 pro-

202 1100 377 1136 curator
393 1092 542 1135 Ostiae
562 1093 618 1135 ad
638 1091 866 1150 annonam,
897 1102 1152 1151 procurator
1174 1096 1394 1137 Lucaniae
1413 1095 1538 1137 XIV
1551 1099 1629 1138 161
1652 1099 1680 1137 t.
1705 1095 1922 1138 Ostiensis.

117 1162 202 1204 224
232 1162 735 1215 (CALPVRNIVS).PISO.
799 1163 989 1216 ‘Quibus
1030 1165 1160 1205 etiam
1200 1163 1351 1205 diebus
1382 1163 1645 1218 (Augustus)
1675 1163 1813 1204 multa
1847 1177 1925 1218 per

201 1243 259 1283 se,
288 1228 509 1286 multaque
538 1244 616 1286 per
646 1230 778 1272 duces
809 1238 851 1273 et
879 1231 1044 1286 legatos
1074 1231 1188 1274 bella
1223 1233 1379 1286 gessit,
1415 1246 1514 1281 nam
1545 1232 1656 1273 inter
1687 1239 1851 1272 ceteros
1882 1236 1926 1272 et

204 1298 303 1339 Piso
333 1297 542 1340 adversus
571 1298 820 1340 Vindelicos
850 1300 1005 1341 missus
1035 1306 1110 1353 est,
1148 1299 1306 1355 quibus
1344 1299 1532 1341 subactis
1562 1301 1701 1341 victor
1731 1299 1787 1340 ad
1818 1298 1923 1341 Cae-

201 1380 342 1407 sarem
362 1366 628 1420 Lugdunum
646 1368 781 1409 venit²
810 1367 986 1410 Oros-ius
1006 1371 1043 1418 6,
1062 1371 1131 1418 21,
1151 1371 1227 1418 22,
1258 1368 1333 1421 qui
1350 1371 1447 1409 ante
1475 1367 1577 1409 haec
1607 1369 1734 1409 verba
1762 1367 1926 1408 rettulit

198 1433 438 1488 Auyustum
465 1434 724 1477 Cantabrico
755 1435 862 1478 bello
891 1437 1076 1490 confecto
1098 1435 1281 1477 Romam
1305 1435 1493 1477 rediisse.
1541 1435 1631 1477 Nec
1662 1439 1799 1477 tamen
1829 1435 1925 1477 inde

201 1502 394 1557 colligere
422 1502 518 1545 licet
545 1503 686 1545 eodem
714 1504 804 1558 fere
834 1507 1017 1558 tempore
1040 1503 1238 1546 Pisonem
1264 1507 1413 1545 contra
1438 1503 1673 1546 Vindelicos
1695 1517 1923 1558 puynasse.

205 1571 320 1614 Nam
349 1571 525 1614 Orosius
554 1585 647 1614 cum
667 1572 716 1614 de
738 1572 856 1615 bellis
876 1573 1063 1627 Auyusti
1081 1587 1132 1615 eoe
1155 1573 1338 1626 epitoma
1359 1572 1486 1622 Livii,
1518 1571 1668 1622 Floro,
1700 1572 1924 1626 Eutropio,

204 1640 405 1683 Suetonio
445 1643 642 1694 eoecerpta
680 1642 1014 1704 consarcinaret,
1057 1645 1287 1696 temporum
1328 1640 1516 1683 ordinem
1548 1641 1719 1682 minime
1748 1641 1923 1683 curaiit.

202 1710 337 1752 Immo
358 1708 565 1763 expeditio
584 1708 759 1751 Pi’sonis
788 1710 847 1752 ad
876 1675 1027 1752 bellum
1055 1709 1166 1764 quod
1193 1724 1232 1751 a.
1256 1712 1421 1752 739—
1364 1729 1421 1733 —
1451 1712 1503 1751 15
1535 1724 1574 1750 a.
1603 1708 1648 1751 Ο.
1674 1709 1866 1751 Tiberius
1888 1711 1927 1750 et

202 1777 372 1820 Drusus
403 1780 550 1819 contra
581 1778 764 1821 Noricos
792 1782 832 1821 et
861 1779 1096 1822 Vindelicos
1122 1781 1352 1833 yesserunt,
1376 1778 1591 1832 pertinere
1630 1778 1804 1828 ve'3dctui
1847 1792 1925 1831 quo

205 1851 387 1902 tempore
414 1846 634 1901 Auyustus
664 1848 709 1889 in
733 1847 884 1890 Gallia
915 1849 998 1902 eyit
1026 1847 1115 1890 Dio
1133 1851 1200 1898 54,
1226 1851 1297 1890 20.
1328 1851 1385 1890 21
1416 1847 1471 1900 cf.
1493 1846 1654 1888 Eclchel
1683 1847 1751 1888 VI
1766 1861 1812 1900 p.
1831 1849 1923 1888 103.

118 1918 202 1959 225
234 1922 546 1958 CALPVRNIVS
577 1922 686 1958 PISO
719 1917 917 1959 recitavit
946 1921 1263 1973 καταστερισμῶν
1294 1915 1427 1957 libros
1449 1915 1582 1968 elegis
1604 1916 1786 1970 scriptos
1810 1914 1924 1956 Plin.

82 1983 96 1986 ⁷
206 1985 322 2039 epist.
343 1987 383 2035 5,
410 1988 466 2027 17
473 1998 487 2036 ,·
513 1991 650 2027 mater
671 1991 713 2026 et
732 1983 867 2027 frater
886 1988 1175 2027 memorantur
1191 1984 1276 2026 ibd.
1321 1983 1484 2026 Dubito
1503 1997 1605 2025 num
1627 1983 1675 2024 cle
1701 1983 1748 2025 G.
1770 1982 1926 2024 Pisone

203 2066 284 2096 cos.
307 2067 346 2095 a.
363 2056 444 2095 111
465 2053 647 2108 coyitari
656 2053 807 2107 possit,
829 2053 942 2107 quod
967 2053 1071 2095 Piso
1101 2053 1180 2103 liic,
1211 2067 1332 2106 quem
1353 2051 1527 2093 Plinius
1552 2052 1666 2093 circa
1687 2066 1726 2094 a.
1748 2051 1926 2093 105s106

201 2122 448 2164 recitantem
478 2121 653 2172 audivit,
686 2122 740 2163 ab
772 2135 817 2163 eo
849 2121 1006 2163 dicitur
1034 2121 1287 2163 adulescens
1317 2120 1348 2174 ἕ
1377 2123 1405 2162 4
1435 2120 1462 2161 l.
1494 2119 1520 2161 l.

117 2191 201 2232 226
233 2195 545 2232 CALPVRNIVS
585 2195 717 2243 PISO,
759 2189 974 2245 Scipionis
1013 2189 1140 2232 Orfiti
1180 2189 1294 2230 filius
1333 2189 1564 2230 honoratus
1595 2190 1622 2229 t.
1648 2186 1792 2227 Attico
1820 2186 1925 2228 OIA

202 2258 292 2300 III
303 2261 402 2300 620.
453 2257 522 2300 De
550 2258 716 2299 homine
742 2257 836 2299 vide
864 2258 986 2311 infra
1003 2258 1080 2299 sub
1103 2258 1197 2300 Ser.
1226 2256 1462 2310 Calpurnio
1491 2255 1690 2309 Scipione
1718 2254 1866 2308 Orfito.

117 2326 200 2369 227
233 2332 273 2367 C.
307 2331 618 2368 CALPVRNIVS
648 2332 755 2367 PISO
795 2329 1053 2368 memoratur
1092 2327 1138 2368 in
1179 2326 1286 2367 actis
1314 2324 1541 2366 Arvalium
1579 2338 1620 2365 a.
1650 2326 1827 2372 38—63,
1870 2321 1927 2364 ad

204 2408 296 2436 eum
323 2394 482 2447 referri
512 2397 653 2448 potest
683 2397 710 2437 t.
743 2393 1014 2436 Dalmaticus
1044 2394 1133 2436 III
1155 2393 1201 2437 S.
1234 2397 1397 2436 12794:
1433 2417 1485 2422 —
1519 2418 1570 2423 —
1602 2391 1773 2433 termini
1806 2392 1923 2432 resti-

202 2464 285 2504 tuti
323 2477 350 2504 a
387 2462 578 2517 [PJisone
617 2461 699 2516 leg.
740 2477 817 2518 pro
857 2469 1029 2518 pretore
1068 2462 1160 2518 (sic)
1200 2461 1297 2516 [Ti.]
1339 2460 1496 2503 Claudi
1537 2459 1735 2502 Caesaris
1776 2458 1922 2513 [Aug]

204 2530 454 2574 Germanici
476 2545 554 2586 per
574 2555 631 2560 —
653 2555 720 2572 —.
745 2556 796 2561 —
817 2529 1083 2572 Praenomen
1111 2533 1226 2571 extat
1254 2530 1301 2571 in
1325 2530 1432 2571 actis
1451 2527 1678 2570 Arvalium
1698 2530 1742 2574 ct,
1764 2528 1860 2570 Tac.
1884 2542 1924 2568 a.

205 2602 271 2648 14,
295 2601 371 2650 65,·
400 2601 553 2649 15,-84,
584 2598 624 2641 Ῐι.
644 2602 683 2649 4,
705 2602 771 2648 11,
804 2599 975 2641 Sueton.
1003 2598 1095 2641 Cal.
1121 2601 1190 2648 25,
1222 2597 1310 2639 Dio
1338 2600 1405 2647 59,
1427 2600 1467 2640 8.

290 2666 526 2723 Calpurnio
565 2680 725 2721 genere
761 2674 882 2708 ortus
919 2681 970 2708 ac
1008 2666 1164 2708 multas
1205 2666 1485 2722 insignesque
1521 2664 1704 2706 familias
1745 2670 1925 2719 paterna

206 2734 430 2777 nobilitate
469 2734 719 2791 complexus
758 2734 874 2776 claro
914 2734 1030 2790 apud
1071 2734 1248 2788 vulgum
1291 2748 1462 2776 rumore
1492 2739 1584 2774 erat
1613 2747 1691 2788 per
1722 2733 1924 2773 virtutem

202 2809 279 2845 aut
316 2804 481 2859 species
519 2803 754 2845 virtutibus
794 2802 972 2855 similes3
1017 2817 1205 2858 namque
1246 2801 1495 2844 facundiam
1540 2800 1711 2843 tuendis
1755 2799 1925 2841 civibus

205 2871 448 2926 exercebat,
481 2870 753 2925 largitionem
783 2871 993 2913 adversus
1023 2871 1185 2912 amicos
1217 2877 1259 2912 et
1289 2871 1446 2924 ignotis
1477 2883 1664 2926 quoque,
1701 2869 1811 2908 comi
1840 2882 1925 2908 ser-

203 2954 330 2998 mone
360 2946 404 2981 et
431 2953 688 2994 congressu3
719 2939 901 2981 aderant
930 2940 1059 2980 etiam
1089 2939 1277 2993 fortuita,
1311 2953 1466 2994 corpus
1497 2951 1737 2994 procerum,
1769 2936 1926 2977 decora

206 3007 351 3062 facies,
382 3007 458 3050 sed
489 3007 640 3064 procul
665 3009 856 3062 gravitas
876 3022 1042 3049 morum
1064 3014 1140 3049 aut
1159 3006 1430 3063 voluptatum
1451 3006 1725 3063 parsimonia,
1759 3004 1922 3045 lenitati

203 3090 254 3118 ac
282 3075 626 3130 magnificentiae
656 3083 699 3118 et
723 3075 954 3131 aliquando
985 3075 1092 3117 luxu
1124 3074 1376 3130 indulgebat
1410 3075 1509 3116 Tac.
1532 3089 1572 3115 a.
1595 3076 1657 3123 15,
1677 3075 1745 3115 48.
1808 3071 1924 3112 ‘Piso

204 3142 358 3185 bonus‘
400 3142 676 3199 praedicatur
721 3143 833 3184 inter
879 3143 1072 3184 homines
1116 3143 1272 3184 aetatis
1311 3141 1593 3185 Claudiorum
1637 3139 1836 3182 liberales
1880 3139 1924 3179 in

206 3211 366 3253 amicos
385 3211 575 3252 Juvenal.
596 3213 636 3261 5,
657 3214 737 3252 114
757 3211 812 3263 cs.
838 3210 1037 3252 Martial.
1057 3214 1095 3260 4,
1116 3214 1183 3260 40,
1205 3214 1254 3261 1‚·
1273 3213 1343 3260 12,
1363 3213 1429 3259 36,
1449 3212 1489 3251 8.
1542 3209 1641 3251 Piso
1664 3206 1924 3262 Calpurnius

207 3280 386 3335 antiqua
411 3277 586 3327 familia,
622 3279 815 3320 scaenico
847 3278 996 3320 habitu
1022 3278 1270 3333 tragoedius
1292 3278 1488 3320 actitavit
1506 3277 1578 3331 (cf.
1606 3277 1703 3318 Tac.
1724 3290 1764 3316 a.
1787 3278 1851 3317 15.
1873 3276 1924 3315 65

207 3346 307 3387 Piso
332 3347 494 3400 tragico
521 3354 675 3388 ornatu
696 3345 909 3400 canebat),
942 3347 986 3387 in
1016 3345 1358 3388 latrunculorum
1386 3345 1487 3387 lusu
1516 3352 1604 3386 tam
1636 3343 1850 3399 perfectus
1882 3348 1925 3382 et
