2202 3730
108 290 420 328 CALPVRNIVS
967 286 1052 329 283
1599 293 1911 330 CALPVRNIVS

155 414 159 418 ¹
194 422 446 477 Vrgulania,
480 437 611 479 quam
636 438 769 480 supra
798 422 915 478 leges
944 424 1134 466 amicitia
1161 424 1298 467 Iuliae
1327 423 1553 479 Augustae
1583 424 1798 467 extulerat
1825 425 1912 469 ibd.

194 493 237 541 2,
258 493 325 533 34.
375 491 502 534 Anno
531 493 586 534 20
616 491 697 535 Cn.
718 492 866 534 Pisoni
899 492 1058 547 (fratri)
1090 507 1162 535 reo
1194 500 1401 549 patronus
1430 492 1571 535 adfuit
1587 496 1632 544 2,
1652 497 1706 535 11
1729 494 1803 548 (cf.
1824 494 1911 536 ibd.

193 561 236 609 2,
258 562 317 602 12
339 560 391 601 ‘si
421 574 530 616 quos
561 561 826 616 propinquos
858 562 1034 615 sanguis
1064 568 1141 603 aut
1169 561 1276 603 fides
1313 577 1393 604 sua
1421 568 1624 618 patronos
1652 561 1822 616 dedit‘).
1871 562 1912 605 A

192 626 368 669 Tiberio
407 643 520 670 anno
551 630 606 671 22
645 629 690 670 in
733 635 888 671 senatu
925 630 1091 685 primus
1135 631 1390 672 sententiam
1435 636 1613 684 rogatus
1650 630 1734 674 ibd.
1768 633 1808 681 3,
1844 633 1911 673 68.

191 694 320 737 Anno
361 698 415 738 24
453 711 479 738 a
519 696 683 739 Granio
724 697 960 739 maiestatis
998 697 1241 753 postulatus
1281 713 1382 740 reus
1421 705 1618 754 receptus
1664 705 1729 741 est
1771 713 1912 756 neque

192 770 392 819 peractus
425 764 478 807 ob
507 772 690 807 mortem
721 772 1032 822 opportunam3
1063 765 1219 808 nobilis
1250 781 1301 808 ac
1330 766 1455 808 ferox
1486 767 1555 808 vir
1578 767 1665 808 ibd.
1689 771 1728 816 4,
1754 771 1824 811 21.

106 831 189 874 234
218 838 262 874 L.
291 838 600 875 CALPVRNIVS
631 840 738 876 PISO
769 834 1000 877 honoratus
1020 837 1047 878 t.
1070 834 1354 889 Pcryaiiieno:
1383 837 1404 877 ὁ
1427 837 1551 891 δῆμος
1581 835 1775 890 [Λε]ύκιον
1805 835 1911 879 Καλ-

189 901 370 956 πούρνιον
405 901 566 944 Πίσωνα
607 902 705 957 [τ]ὸν
738 903 800 945 διὰ
831 902 1034 959 προγόνων
1066 903 1274 960 εὐεργέτην
1304 908 1373 959 τῆς
1403 903 1560 950 πόλεως
1587 903 1798 954 Ενᾶηλᾞῐ,
1838 905 1912 946 In-

186 968 390 1021 schriften
418 983 498 1012 von
527 969 766 1023 Perqamon
794 985 835 1014 n.
857 973 954 1013 425.
1013 970 1217 1013 Fortasse
1257 971 1315 1013 ad
1353 971 1525 1013 eundem
1563 971 1810 1025 referendus
1851 975 1912 1014 est

190 1038 218 1079 t.
250 1036 542 1080 Stratoniceam
570 1041 779 1092 repertus:
815 1039 979 1081 Λεύκιον
1014 1038 1283 1095 Καλπούρνιον
1324 1039 1487 1082 Πίσωνα
1525 1041 1590 1082 τὸν
1628 1042 1815 1096 πάτρωνα
1846 1043 1910 1083 καὶ

190 1104 400 1161 εὐεργέτην
439 1106 501 1148 διὰ
540 1106 744 1163 προγόνων
785 1111 855 1162 τῆς
893 1107 1050 1154 πόλεως
1086 1110 1200 1163 ἡμῶν
1241 1107 1432 1150 Bulletin
1467 1108 1516 1150 de
1555 1109 1911 1163 correspondancc

189 1171 438 1226 Hellc'nique
463 1174 504 1216 V
517 1174 658 1229 (1881)
680 1189 728 1228 p.
750 1177 846 1225 183,
869 1189 1122 1229 quamquam
1146 1175 1257 1218 hunc
1275 1176 1444 1218 titulum
1467 1177 1541 1230 qui
1561 1176 1691 1218 edidit
1712 1177 1771 1219 ad
1787 1178 1913 1232 finem

191 1239 351 1283 liberae
378 1242 445 1284 rei
472 1242 676 1295 publicae
705 1243 922 1296 pertinere
962 1244 1160 1297 opinatus
1199 1247 1270 1286 est.
1333 1244 1528 1299 Coyitari
1556 1247 1699 1298 potest
1728 1245 1777 1287 de
1807 1259 1911 1300 pro-

192 1309 359 1351 consule
388 1310 567 1363 quodam
597 1310 731 1353 Asiae
763 1312 916 1353 aetatis
946 1313 1247 1366 imperatoriae
1274 1313 1470 1354 incuntis.

105 1377 186 1419 235
220 1384 264 1419 L.
297 1378 644 1433 (CALPVRNIVS)
676 1385 797 1433 PISO,
830 1386 952 1435 pater
974 1379 1235 1435 Calpurniae
1256 1381 1441 1433 (uxoris)
1462 1380 1729 1436 Asprenatis,
1761 1395 1911 1424 memo-

188 1448 314 1487 ratur
342 1446 386 1488 in
418 1449 447 1488 t.
477 1446 595 1501 filiae
625 1446 693 1489 VI
711 1450 832 1490 1371.
895 1448 1090 1490 Maritus
1122 1451 1263 1502 potest
1298 1461 1383 1490 esse
1411 1449 1463 1490 L.
1498 1448 1664 1491 Nonius
1691 1449 1913 1503 Asprenas

190 1513 334 1555 consul
362 1528 402 1557 a.
433 1518 460 1556 6
480 1529 528 1569 p.
556 1515 618 1565 G„
650 1515 699 1558 de
726 1516 776 1560 L.
809 1515 965 1558 Pisone
1002 1516 1111 1558 nihil
1150 1519 1315 1558 constat
1354 1518 1408 1571 cf.
1449 1530 1555 1570 quae
1595 1517 1798 1558 adnotavi
1833 1518 1910 1559 sub

189 1581 241 1622 L.
271 1581 428 1625 Pisone
455 1583 598 1638 Fruqi
626 1597 707 1626 cos.
739 1598 779 1628 a.
805 1587 899 1627 739.

103 1650 187 1691 236
218 1656 264 1693 L.
286 1653 635 1707 (CALPVRNIVS)
657 1659 778 1706 PISO,
800 1652 968 1707 legatus
989 1653 1228 1709 Hispaniae
1248 1653 1470 1695 citerioris
1488 1668 1525 1695 a.
1548 1655 1602 1696 25
1631 1668 1672 1709 p.
1695 1653 1744 1697 C.
1767 1669 1792 1695 a
1811 1668 1913 1708 quo-

189 1717 287 1760 dam
320 1721 479 1773 agresti
509 1721 696 1762 nationis
716 1721 1014 1763 Termestinae
1045 1722 1088 1763 in
1121 1722 1274 1763 itinere
1304 1722 1470 1763 occisus
1495 1728 1561 1763 est
1589 1723 1801 1764 incertum
1825 1737 1912 1778 qua

187 1800 243 1828 ex
273 1801 426 1842 causa3
466 1788 542 1830 sed
573 1789 943 1832 Termestinorum
972 1789 1070 1831 dolo
1102 1804 1252 1831 caesus
1291 1788 1484 1843 habetur,
1517 1791 1620 1846 quia
1650 1791 1856 1846 pecunias
1887 1805 1910 1831 e

188 1854 361 1911 publico
382 1857 644 1913 interceptas
664 1859 817 1911 aerius,
851 1872 981 1914 quam
1007 1865 1055 1900 ut
1078 1857 1312 1900 tolerarent
1332 1857 1519 1912 barbari,
1541 1858 1724 1912 cogebat
1749 1859 1847 1901 Tac.
1871 1873 1910 1899 a.

187 1927 226 1974 4,
247 1927 313 1966 45.
371 1924 528 1967 Consul
556 1926 689 1980 iyitur
716 1925 916 1978 suffectus
947 1940 1058 1968 anno
1087 1926 1247 1968 incerto
1274 1926 1437 1968 saeculi
1460 1927 1600 1980 primi
1627 1927 1822 1970 ineuntis.
1862 1951 1909 1955 -

188 1991 331 2034 Filius
370 1993 556 2039 creditur
594 1994 644 2036 L.
677 1993 849 2036 Pisonis
887 1995 1070 2037 consulis
1105 2009 1145 2037 a.
1179 1998 1260 2037 739
1291 2014 1347 2029 --
1376 1998 1429 2037 15
1459 2009 1499 2037 a.
1532 1995 1590 2045 C„
1620 2009 1730 2037 unus
1759 2010 1810 2037 cx
1836 1994 1912 2037 Pi-

188 2061 370 2111 sonibus‚
402 2075 505 2116 quos
544 2062 774 2116 alloquitur
802 2063 1015 2105 Horatius
1050 2064 1095 2104 in
1125 2063 1233 2105 Arte
1265 2064 1461 2117 poetica,
1500 2067 1546 2105 at
1583 2078 1634 2105 ea
1673 2064 1911 2105 coniectura

185 2129 319 2183 plane
357 2130 519 2172 incerta
559 2134 639 2181 est,
681 2145 774 2173 cum
801 2131 952 2185 plures
982 2132 1138 2173 [suetos
1170 2131 1348 2174 Pisones
1389 2135 1526 2173 aetate
1556 2132 1742 2186 Auyusti
1779 2132 1912 2185 fuisse

189 2201 356 2242 constet.

103 2265 186 2307 237
216 2272 262 2307 L.
285 2272 597 2308 CALPVRNIVS
618 2273 740 2320 PISO,
773 2267 846 2320 qui
873 2270 969 2309 antc
998 2266 1308 2309 damnationem
1330 2268 1477 2322 patris
1497 2273 1574 2311 CN.
1598 2273 1908 2309 CALPVRNIVS

188 2340 310 2389 PISO,
352 2334 502 2376 consul
541 2350 579 2376 a.
612 2335 664 2376 27
695 2349 793 2376 cum
824 2335 883 2379 M.
916 2335 1084 2377 Licinio
1118 2335 1274 2377 Crasso
1306 2336 1457 2390 Frugi.
1498 2360 1550 2366 —
1582 2335 1640 2377 In
1670 2335 1912 2377 consulatu:

188 2402 240 2444 L.
271 2402 531 2458 Calpurnius
569 2403 669 2445 Piso
695 2403 758 2445 II
778 2406 901 2453 2633,
940 2402 982 2445 V
1002 2407 1124 2453 4919,
1172 2403 1240 2445 VI
1261 2406 1358 2454 251,
1401 2404 1450 2447 L.
1483 2403 1762 2459 Calpur[nius
1793 2404 1909 2458 Piso]

187 2470 295 2523 fasti
321 2471 631 2513 Arvalium-1²
654 2486 703 2525 p.
726 2474 777 2512 71
787 2484 800 2522 ;
840 2472 890 2512 L.
923 2470 1185 2527 Calpurnius
1220 2471 1369 2513 tabula
1398 2475 1543 2513 cerata
1571 2471 1835 2525 Pompeiana
1862 2475 1906 2522 2,

194 2539 291 2581 Tac.
314 2553 353 2581 a.
374 2542 413 2589 4,
434 2542 515 2590 62,·
544 2539 595 2581 L.
617 2540 717 2581 Piso
752 2539 928 2588 V4920‚
961 2538 1212 2588 Cassiodor„
1236 2542 1415 2581 ceterum
1436 2540 1536 2581 Piso
1563 2540 1681 2592 fasti.
1707 2565 1758 2570 -
1778 2539 1910 2594 Apud

186 2607 412 2660 scriptores
442 2607 493 2649 L.
525 2607 623 2648 Piso
652 2607 736 2648 sive
768 2610 894 2648 antea
925 2605 1003 2649 Cn.
1036 2607 1149 2649 Piso.

271 2675 324 2717 L:
356 2676 455 2717 Piso
497 2675 730 2717 Plancinae
770 2682 812 2716 et
851 2674 931 2717 Cn.
964 2676 1133 2716 Pisonis
1173 2674 1287 2716 filius
1326 2674 1416 2716 Dio
1443 2678 1510 2725 59,
1541 2679 1602 2718 20
1639 2675 1906 2728 scilicetC'n.

189 2742 418 2798 Calpurnii
441 2743 615 2785 Pisonis
644 2743 826 2785 consulis
857 2757 896 2785 a.
931 2746 1013 2785 747
1035 2763 1092 2778 =
1122 2747 1150 2784 7
1178 2757 1219 2785 a.
1246 2742 1293 2785 0.
1323 2743 1439 2797 filius
1473 2744 1512 2785 is
1550 2745 1623 2797 qui
1662 2748 1758 2786 ante
1792 2745 1906 2786 dam-

187 2813 398 2854 nationem
430 2812 508 2856 Cn.
543 2813 641 2853 Piso
673 2812 809 2853 dictus
838 2815 910 2853 est.
969 2811 1076 2853 Cum
1119 2818 1242 2868 pater
1280 2826 1318 2854 a.
1357 2812 1478 2854 18l19
1508 2811 1723 2866 legatione
1755 2812 1908 2868 Syriae

189 2879 454 2934 fungeretur,
488 2894 612 2921 omne
642 2879 687 2920 id
719 2887 886 2935 tempus
908 2880 1084 2922 Gnaeus
1115 2881 1156 2920 in
1189 2879 1298 2921 urbe
1329 2881 1417 2934 egit
1443 2880 1541 2922 Tac.
1564 2895 1604 2924 a.
1624 2884 1664 2930 3,
1689 2884 1753 2924 16.
1807 2882 1909 2923 Post

188 2963 337 2991 necem
376 2949 512 3004 patris
551 2963 589 2990 a.
620 2949 676 2990 20
716 2955 890 2989 senatus
930 2949 1118 3001 censuit,
1163 2954 1212 2989 ut
1250 2962 1350 3003 pars
1391 2947 1599 2990 bonorum
1630 2956 1906 3005 paternorum

186 3015 266 3058 Cn.
307 3017 454 3058 Pisoni
494 3016 581 3058 filio
620 3012 927 3058 concederetur
967 3017 1089 3071 isque
1133 3022 1393 3071 praenomen
1436 3024 1621 3059 mutaret
1658 3016 1742 3060 ibd.
1770 3019 1810 3065 3,
1841 3020 1906 3058 17.

194 3084 307 3126 Vnde
336 3088 489 3138 postea
528 3085 690 3126 Lucius
730 3084 865 3125 dictus
903 3087 974 3127 est.
1035 3084 1154 3125 Idem
1192 3084 1356 3126 videtur
1386 3084 1486 3126 Piso
1527 3085 1769 3142 praefectus
1809 3084 1906 3125 urbi

188 3153 268 3194 sub
297 3152 424 3194 finem
456 3153 626 3208 imperii
657 3152 834 3206 Tiberii,
867 3153 935 3194 cui
967 3151 1016 3194 C.
1049 3151 1210 3194 Caesar
1239 3167 1465 3194 excessum
1495 3152 1657 3194 Tiberii
1691 3154 1908 3194 nuntiavit

187 3222 351 3275 Ioseph.
384 3225 471 3263 ant.
502 3225 567 3272 18,
590 3225 628 3271 6,
649 3225 688 3264 5.
711 3225 764 3263 10
794 3220 881 3273 (cui
908 3222 983 3262 sub
1023 3222 1136 3262 Gaio
1166 3222 1363 3263 successit
1392 3222 1655 3275 Sanquinius
1686 3222 1908 3263 Maximus

186 3289 273 3331 Dio
302 3293 371 3339 59,
395 3293 478 3346 13).
536 3291 664 3332 Anno
695 3291 750 3332 38
786 3288 1017 3345 proconsul
1049 3289 1245 3341 Africae3
1290 3305 1390 3331 cum
1421 3290 1557 3332 Gaius
1583 3297 1818 3341 vereretur,
1853 3305 1906 3330 ne

189 3372 257 3399 res
287 3373 423 3400 novas
452 3357 690 3408 moliretur,
725 3359 949 3413 imperium
981 3359 1196 3399 exercitus
1218 3357 1412 3400 Africani
1441 3360 1479 3399 ei
1502 3357 1680 3400 abstulit
1700 3365 1742 3399 et
1761 3358 1906 3414 copias
