2216 3762
128 309 314 346 AELIVS
1010 305 1063 347 15
1754 312 1937 349 AELIVS

211 443 314 482 runt
341 439 596 482 decuriones
625 440 841 494 Tiburtes,
871 444 1134 484 memoratur
1164 441 1210 484 in
1240 441 1348 484 actis
1373 440 1600 484 Arvalium
1632 456 1672 485 a.
1692 445 1779 486 213
1808 441 1871 498 (2)
1903 447 1942 486 et

214 522 254 551 a.
281 511 366 552 214
395 507 466 563 (3).
512 509 560 551 P.
582 508 734 551 Aelius
755 508 977 552 Coeranus
999 513 1028 552 t.
1049 513 1088 554 1.
1111 513 1143 553 2
1170 510 1316 552 iunior
1345 510 1518 553 additur
1543 514 1573 553 t.
1591 513 1620 553 3
1649 510 1718 554 VI
1728 512 1877 555 2103b
1899 516 1937 563 9,

214 576 441 632 Quaestor,
472 577 672 620 tribunus
702 576 840 633 plebis
870 577 1149 633 kandidatus,
1183 584 1358 635 praetor
1384 578 1590 635 urbanus,
1623 579 1833 623 iuridicus
1862 595 1941 637 per

213 644 473 687 Flaminiam
503 651 546 687 et
573 645 824 700 Vmbriam,
857 645 1025 701 legatus
1052 645 1135 701 leg.
1164 647 1277 689 VIII
1306 646 1551 702 Augustae,
1583 647 1814 704 proconsul
1843 663 1939 704 pro-

212 714 383 756 vinciae
402 713 696 768 Macedoniae,
730 713 880 756 consul
911 713 1027 770 (suff.
1049 729 1090 757 a.
1112 715 1271 758 incerto
1301 728 1409 760 saec.
1440 716 1531 758 III
1545 716 1746 773 ineuntis)
1772 720 1801 759 t.
1823 720 1863 759 1.
1882 742 1942 748 —-

214 780 401 824 Curator
439 783 680 824 civitatium
707 781 951 825 Antiatium
991 789 1033 825 et
1072 782 1380 840 Aquinatium,
1426 784 1585 827 HHvir
1623 786 1718 827 iure
1750 785 1939 828 dicundo

215 848 420 906 (Tibure),
442 857 648 907 patronus
671 857 714 893 et
733 851 889 893 flamen
910 851 1036 893 dialis
1058 851 1226 894 Tibure
1255 855 1284 896 t.
1306 855 1344 896 1.
1388 853 1546 895 Frater
1563 852 1737 896 Arvalis
1763 857 1790 895 t.
1812 858 1838 896 1
1858 854 1942 896 fuit

213 919 259 960 in
280 918 460 974 collegio
482 934 520 964 a.
533 920 617 962 213
639 925 682 961 et
701 920 787 962 214
808 922 907 962 acta
921 919 1026 962 Arv.
1064 920 1210 963 Filius
1229 921 1395 963 videtur
1421 920 1606 964 Coerani
1624 923 1699 976 qui
1705 922 1940 977 praecedit.

130 986 213 1029 123
244 986 431 1042 Ael(ius)
474 986 710 1042 Constans,
755 995 1010 1044 procurator
1054 988 1278 1031 Commodi
1318 989 1437 1032 intra
1477 1004 1517 1033 a.
1547 990 1732 1034 185l192
1774 990 1944 1033 Daciae

216 1054 517 1098 Porolissensis
542 1059 591 1098 ut
618 1056 795 1107 videtur,
825 1061 1086 1099 memoratur
1115 1058 1162 1099 in
1191 1061 1219 1100 t.
1245 1058 1491 1113 Napocensi
1513 1059 1603 1101 III
1617 1061 1698 1102 865
1728 1059 1783 1102 ob
1813 1059 1942 1102 hono-

118 1181 119 1184 *
215 1138 307 1166 rem
333 1123 638 1167 decurionatus
671 1123 760 1177 (scl.
794 1124 1074 1181 Napocensis)
1097 1127 1240 1181 posito
1266 1127 1527 1181 imperatori.

131 1197 216 1240 124
243 1197 396 1241 Aelius
427 1198 683 1242 Corduenus
710 1200 958 1242 nominatur
987 1201 1034 1243 in
1065 1200 1247 1255 epistula
1275 1201 1378 1256 ficta
1404 1200 1622 1244 Commodi
1650 1203 1721 1245 vit.
1743 1202 1944 1248 Pescenn.

219 1266 346 1322 Niyr.
366 1271 404 1318 4,
425 1271 464 1310 4.

130 1334 216 1390 125
247 1335 296 1380 P.
326 1334 479 1378 Aelius
507 1336 605 1378 Da.
625 1369 635 1379 .
653 1369 663 1379 .
682 1369 691 1378 .
724 1336 871 1392 [proc.]
903 1337 1082 1380 rationis
1114 1370 1124 1380 .
1142 1370 1151 1379 .
1170 1370 1181 1380 .
1199 1370 1209 1380 .
1243 1337 1576 1393 [hereditaJtium
1611 1339 1687 1381 sub
1721 1339 1877 1382 Marco
1907 1343 1946 1382 et

221 1402 328 1447 Vero
356 1407 404 1447 ut
431 1404 597 1447 videtur
625 1404 695 1447 VI
714 1407 836 1448 3757.

132 1461 215 1514 126
243 1479 426 1516 AELIVS
457 1479 639 1515 DECIVS
675 1479 988 1517 TRICCIANVS.
1041 1474 1238 1516 Miliarii
1266 1474 1520 1517 Pannoniae
1548 1476 1770 1529 inferioris
1795 1476 1885 1518 III
1898 1476 1945 1519 S.

216 1544 365 1583 10618.
395 1545 548 1586 10629.
578 1544 726 1584 10635.
756 1545 904 1584 10644.
936 1545 1085 1592 10647,
1125 1543 1202 1584 ubi
1238 1546 1277 1585 et
1309 1543 1507 1585 Macrini
1532 1543 1948 1598 Diadumenianique

215 1610 390 1652 nomina
419 1613 459 1653 et
487 1610 606 1652 Aelii
638 1610 861 1652 Tricciani
899 1624 1025 1653 erasa
1063 1614 1182 1662 sunt,
1220 1625 1370 1654 nomen
1404 1611 1665 1665 ¹‹lentiliciwn
1695 1613 1778 1667 leyi
1804 1614 1949 1668 potuit

217 1678 264 1720 in
292 1678 382 1721 solo
410 1682 557 1721 10644.
611 1678 774 1726 Δέκκιος
813 1677 1041 1736 Τρικκιανός
1069 1678 1157 1722 Dio
1191 1682 1257 1731 78,
1291 1683 1357 1731 13,
1386 1683 1414 1722 3
1453 1679 1681 1738 Τρικκιανός
1710 1681 1797 1724 Dio
1827 1682 1946 1732 alibi,

217 1747 432 1789 Recianus
461 1748 532 1790 vit.
562 1747 717 1790 Carae.

302 1815 420 1858 Olim
457 1815 580 1858 miles
620 1817 665 1857 in
704 1817 897 1859 exercitu
936 1816 1186 1859 Pannonico
1228 1823 1270 1859 et
1309 1818 1469 1860 ianitor
1507 1817 1638 1873 legati
1668 1818 1757 1861 Dio
1790 1821 1855 1869 78,
1880 1821 1946 1861 13.

213 1882 480 1926 Caracallam
520 1885 565 1927 in
596 1884 747 1927 Asiam
786 1886 1019 1927 comitatur
1053 1885 1296 1941 praefectus
1328 1885 1510 1941 legionis
1539 1887 1586 1929 H
1616 1887 1847 1929 Parthicae
1876 1888 1947 1929 vit.

190 2004 202 2006 -
218 1951 373 1995 Carae.
384 1956 422 2004 6,
437 1957 466 1996 7
473 1973 525 1988 z
539 1954 676 2011 ἄρχων
692 1958 761 1996 τοῦ
779 1952 989 2010 Ἀλβανίου
1006 1943 1272 2012 στρατοπέδου
1286 1954 1376 1997 Dio
1388 1957 1453 2005 78,
1466 1958 1520 1997 13
1536 1956 1588 2009 cf.
1602 1959 1666 2006 79,
1678 1959 1716 1997 4.
1740 1955 1949 1998 Conscius

220 2021 364 2063 caedis
381 2021 631 2064 Caracallae
645 2023 716 2064 vit.
737 2022 890 2065 Carac.
908 2022 936 2064 l.
959 2022 983 2064 l.
1017 2023 1179 2065 Mansit
1199 2024 1442 2080 praefectus
1463 2023 1644 2078 legionis
1661 2025 1703 2066 II
1724 2024 1949 2067 Parthicae

220 2088 490 2146 aliquantum
522 2090 601 2133 sub
631 2091 827 2133 Macrino
857 2090 947 2134 Dio
968 2094 1033 2142 79,
1055 2095 1106 2143 4,·
1134 2091 1291 2134 deinde
1322 2108 1349 2134 a
1377 2092 1573 2134 Macrino
1603 2094 1649 2134 in
1679 2094 1950 2135 Pannoniam

219 2159 376 2201 missus
406 2158 494 2202 Dio
527 2162 592 2211 78,
624 2163 678 2202 13
707 2161 823 2202 rexit
851 2160 1121 2203 Pannoniam
1152 2161 1400 2203 inferiorem
1430 2176 1468 2204 a.
1489 2162 1572 2204 217
1603 2161 1773 2216 legatus
1804 2162 1948 2216 Augg.

220 2241 286 2282 pr.
315 2242 380 2283 pr.
413 2227 532 2270 tituli
542 2242 555 2280 ,·
583 2235 732 2285 postea
750 2228 805 2271 ab
826 2228 979 2271 eodem
1000 2229 1201 2272 dimissus
1223 2231 1269 2272 in
1289 2229 1498 2285 Bithynia
1517 2236 1716 2272 versatur
1736 2229 1794 2274 id.
1819 2233 1883 2281 79,
1904 2234 1951 2281 4;

224 2296 391 2337 occisus
421 2296 476 2338 ab
507 2295 745 2351 Elagabalo
775 2297 861 2339 ibd.
1641 2310 1645 2314 ”

138 2361 220 2404 127
251 2362 302 2404 Τ.
342 2362 492 2406 Aelius
531 2365 797 2420 Decrianus,
851 2371 1104 2421 procurator
1148 2364 1261 2420 Aug.
1308 2365 1609 2408 Mauretaniae
1657 2365 1951 2409 Caesariensis

222 2432 466 2474 nominatur
485 2433 531 2474 in
549 2432 753 2475 miliariis
774 2433 1079 2475 Mauretaniae
1103 2433 1393 2476 Caesariensis
1420 2435 1497 2476 sub
1523 2434 1774 2476 Alexandro
1798 2436 1955 2489 positis

142 2515 145 2516 ’
224 2498 350 2542 VIII
361 2503 511 2544 10432.
534 2504 681 2543 10436.
703 2504 1021 2545 10461-10463.
1043 2505 1190 2545 10465.
1224 2505 1372 2544 10468.
1402 2506 1552 2545 10469.
1592 2503 1705 2558 Epk.
1729 2518 1790 2558 cp.
1815 2507 1948 2554 7,677.

139 2566 220 2625 128
250 2569 470 2624 AEL(1vs)
501 2575 766 2620 DIODOTVS,
799 2569 1062 2612 clarissimus
1092 2571 1161 2611 vir
1189 2571 1281 2613 ΙΙΙ
1300 2573 1409 2614 3571
1436 2571 1731 2625 Aquincensis.

140 2635 222 2678 129
250 2643 434 2679 AELIVS
455 2643 679 2680 DIODOTV
681 2644 719 2693 S,
742 2645 915 2694 praetor
936 2638 1168 2694 (tutelaris)
1190 2639 1271 2681 sub
1289 2639 1450 2682 Severo
1471 2646 1515 2683 et
1533 2639 1758 2683 Caracalla
1773 2639 1950 2694 Fraym.

225 2704 357 2748 Vatia.
379 2708 472 2750 159.
503 2709 590 2750 206
601 2705 678 2762 (ἓ).
708 2709 806 2750 211.
836 2709 934 2750 215.
965 2710 1062 2750 246.

145 2773 225 2815 130
255 2773 500 2830 [AELIVS?]
546 2775 855 2830 [DIO]NYSIVS‚
898 2774 1066 2830 legatus
1104 2775 1220 2830 Aug.
1262 2790 1327 2832 pr.
1370 2791 1434 2832 pr.
1473 2777 1687 2831 (Raetiae)
1727 2777 1816 2819 III
1843 2780 1953 2820 5874

225 2841 443 2885 Baeticus.
501 2844 558 2885 In
588 2847 615 2885 t.
642 2843 792 2886 mutilo
823 2843 872 2886 de
906 2844 1148 2886 nomin-ibus
1185 2844 1458 2899 imperatoris
1495 2845 1605 2887 nihil
1641 2849 1830 2899 superest
1867 2847 1955 2888 nisi

229 2909 448 2965 [Au]REL
479 2912 650 2954 abrasis
660 2909 859 2966 reliquis.

145 2978 222 3021 131
256 2978 305 3022 Ρ.
335 2979 487 3022 Aelius
518 2981 757 3037 Dionysius
799 2982 919 3036 siyno
949 2979 1190 3036 Palladius,
1232 2981 1570 3038 perfectissimus
1601 2983 1685 3037 vir,
1717 2982 1952 3036 rationalis,

228 3053 352 3103 pater
380 3048 603 3091 Vettoriae
636 3049 871 3092 Sabinillae
901 3050 1083 3103 virginis
1113 3049 1301 3092 Vestalis
1334 3050 1402 3093 VI
1414 3053 1535 3093 1587.

144 3114 226 3158 132
257 3114 407 3158 Aelius
428 3117 583 3160 Festus
603 3117 861 3174 Aphtonius,
894 3118 962 3159 vir
991 3117 1340 3174 perfectissimus,
1371 3119 1543 3173 scripsit
1569 3119 1618 3161 cle
1646 3120 1809 3162 metris:
1837 3119 1951 3162 Aelii

227 3183 347 3225 Festi
366 3183 575 3241 Aphtonii
606 3201 647 3230 v,
670 3202 712 3242 p.
734 3186 788 3228 de
818 3187 967 3228 metris
998 3186 1196 3229 omnibus
1217 3187 1398 3243 explicit
1424 3187 1453 3230 l.
1474 3188 1564 3230 1111
1585 3189 1630 3230 in
1649 3188 1954 3242 subscriptione

227 3251 254 3294 l.
267 3252 382 3294 IIII
390 3253 535 3296 Marii
546 3254 764 3306 Victorini,
775 3254 1120 3309 quiAphtonium
1137 3255 1380 3309 epitomavit
1394 3255 1585 3298 Gramm.
1598 3257 1693 3298 Lat.
1710 3256 1778 3298 VI
1780 3260 1873 3307 173,
1881 3260 1952 3300 32.

147 3319 229 3362 133
258 3319 410 3363 Aelius
441 3321 682 3378 Florianus,
714 3324 784 3365 vir
813 3323 1159 3380 perfectissimus,
1192 3324 1436 3380 praefectus
1460 3324 1643 3380 vigilum
1672 3326 1788 3367 intra
1817 3340 1953 3367 annos

233 3388 417 3432 226s244
448 3389 517 3432 VI
527 3393 625 3434 266.
