2202 3730
84 256 282 308 AsniIv‘s'
956 255 1035 308 161
1702 259 1898 310 AsiNivs

89 401 198 446 1015
227 407 426 444 ASINIVS
467 407 684 457 GALLVS,
726 402 782 444 ad
822 417 920 445 eum
957 404 1129 460 scripsit
1166 402 1336 446 Plinius
1377 403 1496 458 epist.
1526 407 1565 455 4,
1595 406 1654 447 17
1678 403 1904 447 secundum

171 470 385 514 lectionem
410 470 638 526 vulyatam,
673 474 719 514 at
747 470 840 514 vide
870 470 1091 514 Clusinius
1122 471 1288 516 Gallus.

89 540 199 583 1016
227 545 427 582 ASINIVS
459 545 652 582 GALLVS
682 539 822 582 nescio
841 540 937 594 quis
955 540 1202 583 nominatur
1219 541 1267 583 in
1292 543 1320 586 t.
1341 554 1485 584 servae
1516 541 1585 585 VI
1595 543 1727 592 2209,
1760 539 1905 583 liberti

173 607 242 651 VI
261 610 382 651 5485.

87 676 196 720 1017
229 682 271 718 C.
311 682 509 719 ASINIVS
548 682 767 732 GALLVS,
811 676 961 719 consul
999 693 1037 722 a.
1069 677 1152 721 746
1180 697 1236 712 =
1265 678 1292 721 8
1331 693 1369 721 a.
1412 677 1462 721 O.
1502 693 1601 720 cum
1641 677 1690 723 C.
1734 678 1900 721 Marcio

171 743 422 790 Censorino.
488 745 646 788 Tituli:
684 745 774 800 ipse
803 747 954 800 posuit
991 746 1135 789 consul
1178 760 1272 788 cum
1319 746 1480 802 colleya
1524 747 1669 802 cippos
1713 747 1902 789 urbanos

173 813 242 857 VI
267 815 381 857 1235
420 814 475 868 cf.
511 813 724 856 Addenda
748 828 798 869 p.
822 816 937 857 3112
970 815 1042 870 (1),
1084 815 1132 857 in
1170 828 1348 868 quorum
1382 814 1601 869 plerisque
1641 816 1814 858 nomina
1855 815 1903 857 in

173 882 306 925 litura
325 883 523 925 restituta
542 886 662 934 sunt;
690 885 950 924 memoratur
973 883 1020 925 in
1041 881 1163 925 titulo
1190 883 1365 925 Teatino
1386 882 1467 925 IX
1482 886 1594 926 3018
1614 883 1691 939 (2),
1722 885 1768 926 in
1797 884 1904 926 actis

173 951 466 994 saecularibus
509 950 582 1007 (3),
624 951 670 993 in
713 954 741 993 t.
782 965 936 1006 yraeco
980 951 1026 993 in
1069 951 1336 1006 Astypalaea
1379 950 1523 994 insula
1565 955 1731 1006 reperto
1775 951 1901 1002 Ross,

169 1020 474 1074 Inscriptiones
513 1033 694 1074 yraecae
735 1019 922 1062 ineditae
960 1019 1049 1062 III
1079 1033 1121 1061 n.
1153 1022 1239 1063 312
1283 1033 1390 1063 corr.
1432 1019 1730 1074 Waddinyton,
1771 1021 1904 1075 fastcs

169 1103 216 1143 p.
239 1090 292 1131 95
317 1088 401 1144 (4);
425 1088 473 1130 in
502 1091 530 1131 t.
551 1091 644 1131 2—4
670 1088 846 1130 nomina
874 1088 1042 1142 inteyra
1072 1090 1218 1130 extant
1225 1101 1241 1140 ;
1267 1088 1511 1130 nominatus
1530 1089 1616 1142 fuit
1639 1089 1686 1131 in
1705 1092 1904 1143 quattuor

172 1156 355 1200 eiusdem
382 1156 499 1199 tituli
526 1156 738 1211 Ephesini
765 1156 965 1211 exemplis
995 1156 1157 1199 duobus
1186 1156 1346 1207 latinis,
1379 1156 1541 1199 duobus
1559 1157 1726 1212 yraecis
1756 1156 1900 1207 Wood,

171 1225 419 1268 discoveries
449 1228 495 1267 at
523 1224 731 1280 Ephesus,
764 1225 1038 1280 inscriptions
1065 1225 1178 1279 from
1208 1225 1275 1267 the
1296 1225 1517 1279 peribolus
1545 1225 1647 1267 wall
1674 1239 1716 1267 n.
1738 1228 1778 1268 1.
1797 1228 1841 1268 2.
1861 1228 1901 1276 3,

171 1295 217 1337 in
251 1308 427 1349 quorum
466 1293 602 1336 tribus
639 1294 815 1336 nomina
846 1293 981 1348 plane
1021 1292 1158 1336 deleta
1192 1295 1304 1344 sunt,
1346 1294 1394 1335 in
1423 1297 1574 1348 quarto
1602 1294 1692 1336 III
1708 1296 1816 1336 6070
1847 1314 1903 1328 Ξ

173 1362 321 1407 IIIS.
345 1365 454 1405 7118
472 1361 531 1418 (5)
551 1365 777 1417 supersunt
795 1360 845 1405 C.
867 1362 1018 1404 Asinio
1042 1395 1165 1405 .....
1218 1361 1409 1404 Nomina
1438 1363 1527 1404 eius
1557 1375 1681 1405 erasa
1709 1362 1904 1404 videntur

173 1433 220 1474 in
256 1434 285 1476 t.
315 1430 584 1486 Ayrippinae
622 1431 770 1473 uxoris
798 1430 950 1473 Laude
978 1429 1186 1485 Pompeia
1224 1434 1392 1484 reperto
1433 1430 1476 1473 V
1493 1433 1623 1482 6359;
1661 1431 1904 1473 nominatus

172 1500 258 1554 suit
286 1500 333 1542 in
362 1503 389 1544 t.
419 1499 586 1542 urbano
616 1498 688 1541 VI
708 1501 815 1542 1353
854 1498 1079 1541 admodum
1117 1499 1287 1549 mutilo,
1330 1499 1404 1553 qui
1440 1499 1644 1553 quomodo
1685 1503 1904 1554 conceptus

173 1568 303 1622 fuerit
327 1582 409 1610 non
441 1567 591 1622 liquet;
618 1567 824 1610 incertum
853 1570 914 1610 est
944 1567 1003 1610 ad
1025 1567 1135 1610 hunc
1163 1581 1220 1610 an
1242 1567 1300 1609 ad
1327 1567 1465 1622 fllium
1495 1568 1780 1622 coynominem
1804 1582 1903 1622 per-

173 1636 307 1679 tineat
337 1639 364 1681 t.
383 1636 555 1678 Atticus
581 1635 688 1679 OIA
706 1636 798 1678 III
813 1638 909 1679 583.
958 1635 1152 1690 Denique
1181 1649 1331 1678 nomen
1360 1639 1478 1678 ea‘tat
1504 1636 1551 1678 in
1581 1639 1608 1680 t.
1639 1636 1784 1678 liberti
1809 1650 1904 1679 con-

173 1705 360 1748 lactanei
386 1703 562 1760 (Asinii)
594 1703 759 1748 Celeris
791 1704 908 1749 Galli
938 1704 967 1748 f.
999 1704 1068 1748 VI
1090 1708 1200 1748 9901
1212 1718 1252 1747 a.

260 1773 438 1817 Nummi
444 1787 458 1816 .·
477 1773 526 1828 I)
548 1775 591 1830 a)
612 1773 660 1815 in
670 1776 801 1828 parte
821 1773 1001 1816 adversa
1020 1774 1218 1828 inscripti
1236 1772 1462 1828 Augustus
1480 1772 1661 1828 (Caesar
1676 1773 1903 1829 Augustus

172 1857 214 1886 n.
235 1845 334 1896 369)
364 1842 566 1885 tribunic.
597 1848 774 1898 potest.‚
816 1842 862 1884 in
902 1855 1052 1884 aversa
1082 1841 1130 1885 O.
1162 1841 1341 1884 Asinius
1374 1841 1526 1886 Gallus
1557 1842 1696 1884 HIvir
1724 1858 1761 1886 a.
1794 1859 1831 1886 a.
1864 1859 1902 1885 a.

173 1911 203 1966 f.
235 1911 263 1954 f.
292 1910 433 1954 Cohen
451 1909 506 1953 12
537 1910 757 1965 Auyustus
789 1924 831 1953 n.
853 1913 950 1953 368.
982 1914 1085 1962 369,·
1115 1911 1157 1968 b)
1187 1911 1234 1953 in
1264 1910 1444 1953 adversa
1475 1910 1528 1952 ob
1558 1912 1665 1952 civis
1699 1918 1904 1966 servatos,

172 1981 220 2023 in
259 1992 409 2022 aversa
438 1977 490 2022 O.
519 1978 698 2021 Asinius
729 1978 778 2023 O.
807 1978 836 2025 f.
879 1978 1033 2022 Gallus
1072 1979 1220 2022 IIIvir
1259 1994 1298 2021 a.
1339 1994 1377 2022 a.
1418 1993 1456 2021 a.
1496 1978 1523 2020 f.
1566 1978 1596 2021 f.
1635 1979 1722 2022 ibd.
1749 1994 1791 2023 n.
1822 1983 1909 2022 367

173 2049 320 2092 melius
339 2047 534 2090 Babelon
553 2047 588 2090 I
601 2060 650 2102 p.
671 2051 778 2091 222.
826 2047 904 2104 ΙΙ)
931 2048 1078 2091 Temni
1092 2047 1270 2090 Aeoliae
1290 2048 1336 2090 in
1356 2047 1535 2090 adversa
1557 2044 1793 2091 exhibentes
1812 2062 1903 2090 cum

174 2118 311 2172 eapite
338 2116 462 2160 Galli
490 2114 648 2163 Ἀσίνιος
677 2117 833 2163 Γάλλος
863 2115 991 2174 ἁγνός,
1022 2117 1069 2159 in
1105 2130 1255 2158 aversa
1286 2113 1478 2163 Ἀπολλᾶς
1508 2118 1674 2159 Φαινίου
1706 2116 1902 2173 Ταμνιτᾶν

171 2187 362 2241 primum
391 2188 589 2228 accurate
619 2184 819 2239 descripti
848 2199 876 2227 a
906 2185 1235 2240 Waddinytonio
1265 2185 1399 2238 fastes
1418 2199 1468 2239 p.
1496 2187 1561 2235 95,
1602 2184 1762 2227 similes
1795 2184 1904 2227 male

175 2254 375 2309 descripti
404 2254 600 2296 Mionnet
629 2253 719 2295 III
731 2267 781 2307 p.
803 2256 875 2304 28,
896 2256 989 2304 166,
1023 2252 1174 2308 Suppl.
1208 2251 1277 2296 VI
1289 2268 1337 2307 p.
1357 2256 1423 2303 41,
1454 2256 1678 2297 260—262.

259 2323 314 2366 In
345 2321 589 2364 consulatu:
618 2320 668 2365 O.
699 2320 878 2363 Asinius
909 2320 1060 2364 Gallus
1090 2320 1179 2363 Dio
1208 2320 1294 2363 ind.
1327 2321 1354 2363 l.
1378 2323 1444 2372 55,
1487 2321 1529 2364 V
1548 2324 1675 2372 4201,
1718 2319 1787 2364 VI
1806 2323 1901 2364 458.

175 2393 296 2442 1235,
327 2391 412 2433 ΧΙ
431 2392 526 2440 844,
565 2388 820 2432 Censorinus
851 2389 900 2432 de
930 2389 997 2432 die
1025 2403 1067 2432 n.
1089 2393 1164 2440 22,
1187 2392 1251 2440 16,
1268 2389 1457 2434 -Sueton
1479 2389 1575 2432 Rel.
1596 2388 1905 2441 Reifferscheid

174 2475 220 2516 p.
241 2462 297 2503 48
305 2473 319 2511 ;
350 2458 399 2502 O.
422 2458 602 2501 Asinius
624 2458 886 2502 Monument.
907 2457 1125 2513 Ancyran.
1150 2457 1221 2500 lat.
1245 2461 1289 2509 2,
1311 2461 1338 2500 6
1355 2478 1412 2493 =
1433 2471 1574 2512 yraec.
1595 2461 1635 2509 4,
1666 2462 1729 2509 17,
1760 2459 1795 2500 Ι
1808 2461 1899 2509 746,

168 2527 425 2580 Cassiodor.‚·
460 2526 638 2570 Asinius
673 2525 826 2569 Gallus
855 2525 944 2569 Dio
973 2529 1039 2578 55,
1069 2529 1108 2577 5,
1141 2526 1506 2571 ceterum-Gallus
1535 2527 1655 2581 fasti.
1713 2527 1770 2569 In
1806 2541 1900 2570 con-

170 2597 313 2640 sulatu
340 2596 515 2639 nomina
544 2608 671 2638 erasa
698 2598 797 2637 sunt
826 2594 934 2637 XII
955 2598 1083 2638 2623.
1117 2620 1153 2624 -
1185 2593 1234 2637 O.
1258 2594 1436 2637 Asinius
1457 2594 1625 2638 Gallus>
1642 2598 1668 2638 t.
1690 2598 1729 2638 1.
1751 2599 1795 2639 2.
1817 2594 1900 2651 [5.]

169 2679 324 2709 numm.
346 2665 380 2707 I
381 2677 395 2716 ‚·
423 2663 601 2706 Asinius
630 2662 784 2706 Gallus
811 2666 840 2706 t.
860 2667 888 2705 3
915 2677 952 2708 υ.
974 2666 1068 2714 107,
1101 2666 1128 2705 t.
1152 2666 1192 2714 4,
1221 2677 1378 2705 numm.
1413 2664 1473 2706 II
1477 2676 1490 2715 ;
1521 2663 1570 2707 O.
1602 2663 1782 2707 Asinius
1813 2667 1841 2707 t.
1871 2668 1900 2706 3

169 2749 207 2777 v.
223 2737 315 2778 151.
337 2758 389 2763 -—
412 2732 462 2776 O.
484 2731 661 2775 Asinius
683 2731 837 2774 Gallus
857 2731 1143 2786 Hieronymus
1166 2731 1225 2774 ad
1243 2746 1284 2775 a.
1303 2731 1412 2775 Abr.
1432 2735 1558 2783 2030,
1582 2729 1763 2775 ceterum
1784 2732 1902 2788 apud

170 2802 397 2856 scriptores
425 2800 605 2844 Asinius
639 2799 793 2845 Gallus
822 2800 886 2843 vel
916 2798 1082 2843 Gallus.

254 2869 304 2913 O.
334 2870 366 2913 f.
397 2872 426 2913 t.
455 2873 504 2920 1,
542 2883 697 2912 numm.
728 2869 762 2912 Ι
766 2869 803 2923 b,
842 2868 932 2911 Dio
969 2868 1057 2913 ind.
1099 2868 1126 2911 l.
1156 2870 1223 2919 55,
1262 2868 1377 2911 filius
1419 2868 1468 2913 O.
1507 2868 1650 2912 Asinii
1691 2869 1899 2913 Pollionis

172 2939 270 2982 Tac.
298 2953 338 2980 a.
363 2941 403 2990 1,
429 2941 500 2990 12,
533 2937 694 2982 Seneca
717 2940 898 2980 controv.
918 2941 946 2980 4
965 2937 1110 2992 praef.
1130 2941 1170 2989 4,
1202 2937 1488 2993 Hieronymus
1519 2937 1546 2980 l.
1579 2937 1632 2990 l.,·
1659 2938 1774 2981 filius
1795 2946 1899 2982 natu

169 3007 386 3050 maximus
426 3007 471 3048 in
517 3005 747 3050 consulatu
785 3007 921 3062 patris
956 3004 1016 3059 (a.
1030 3025 1033 3028 ⁴
1049 3009 1129 3048 714
1157 3026 1214 3041 =
1241 3008 1312 3063 40)
1344 3012 1471 3049 natus
1503 3006 1621 3051 Serv.
1654 3006 1795 3062 Veryil
1824 3007 1896 3050 ecl.

167 3079 207 3127 4,
239 3077 278 3120 1.
337 3075 475 3118 IIIvir
503 3089 603 3118 aere
633 3081 812 3130 argento
843 3089 951 3117 auro
979 3073 1124 3116 flando
1155 3073 1354 3117 feriundo
1384 3089 1540 3117 numm.
1572 3075 1607 3117 I
1619 3078 1722 3130 post
1752 3089 1791 3118 a.
1818 3078 1898 3119 739

169 3163 227 3179 =
246 3145 299 3187 15
329 3144 384 3197 cf.
407 3144 656 3195 Mommsen,
686 3142 933 3186 Ro'misches
954 3143 1224 3186 Munzwesen
1244 3157 1294 3197 p.
1316 3146 1420 3195 744,·
1450 3143 1601 3186 consul
1629 3159 1667 3188 a.
1691 3144 1773 3187 746
1795 3164 1850 3179 =
1870 3145 1896 3186 8

168 3226 206 3255 v.
235 3225 370 3267 supra
380 3225 395 3264 ;
419 3212 652 3269 proconsul
679 3211 812 3255 Asiae
843 3215 871 3254 t.
897 3215 937 3256 4.
966 3214 1006 3262 5,
1036 3225 1191 3254 numm.
1213 3212 1280 3262 II,
1312 3226 1349 3254 a.
1373 3209 1454 3255 748
1482 3215 1510 3256 t.
1539 3214 1580 3263 5,
1609 3227 1647 3255 a.
1679 3213 1762 3255 749
1798 3216 1825 3256 t.
1856 3216 1896 3263 4,

171 3294 283 3323 anno
313 3295 410 3336 cryo
431 3280 737 3348 proconsulari
764 3280 943 3323 7481‘749
973 3299 1030 3315 =
1059 3279 1127 3323 6l5
1155 3294 1195 3323 a.
1227 3279 1274 3324 Ο.
1292 3304 1350 3310 -
1380 3280 1539 3323 XVvir
1569 3281 1703 3323 sacris
1733 3280 1896 3323 faciun-

169 3348 237 3391 dis
267 3364 306 3393 a.
329 3349 412 3392 737
442 3369 498 3384 =
529 3349 583 3393 l'l
614 3352 644 3393 t.
672 3352 714 3393 3.

154 3419 439 3457 Prosopographia
456 3422 539 3458 Imp.
557 3421 647 3449 Rom.
684 3422 711 3449 Ι.
1581 3416 1621 3451 ll
