2202 3730
288 302 522 338 CAEDICIA
1147 291 1230 333 258
1875 299 2085 334 CAELIVS

286 431 340 472 88
373 435 610 472 CAEDICIA
641 427 847 481 (traditur
876 426 1083 481 Cadicia),
1115 426 1258 468 Flavii
1286 426 1486 469 Scaevini
1517 442 1628 470 uxor
1658 443 1714 470 ex
1742 428 1869 471 Italia
1898 428 2088 483 relegata

372 514 409 540 a.
434 498 487 539 65
517 510 635 538 ream
665 495 798 537 fuisse
828 510 874 537 se
894 495 1223 550 (coniurationis
1244 495 1520 550 Pisonianae)
1543 502 1709 538 tantum
1740 511 1879 552 poena
1909 502 2088 552 experta

377 565 474 607 Tac.
507 579 546 608 a.
578 567 642 614 15,
676 566 740 605 71.

287 635 341 676 89
372 633 576 675 Caedicia
601 632 696 674 Luc
714 664 723 673 .
743 664 751 673 .
771 663 781 673 .
800 663 835 685 .,
878 631 928 672 L.
960 630 1003 686 f.‚
1035 634 1293 673 memoratur
1321 631 1367 673 in
1395 631 1634 685 fraymento
1664 634 1692 673 t.
1723 631 1971 675 Salonitani
1998 632 2087 674 III

370 703 480 743 1988
499 700 635 754 positi
660 698 900 755 Respe[cto]
932 698 1197 753 [cla]1·issimo
1229 699 1388 754 iuveni,
1420 713 1594 752 quocum
1623 699 1923 742 necessitudine
1949 701 2087 743 neseio

368 783 452 823 qua
481 768 703 810 coniuncta
734 767 864 820 fuisse
892 766 1068 811 videtur.

287 838 341 879 90
373 836 652 890 Caelestinus,
686 842 735 877 ut
764 849 909 877 rerum
939 836 1125 891 scriptor
1151 835 1205 877 de
1225 835 1456 879 Valeriano
1487 835 1653 878 iuniore
1682 837 1839 878 citatur
1867 836 1938 881 vit.
1958 836 2085 879 ‘Vale-

371 905 491 947 riani
517 907 557 955 8,
583 908 623 946 1.

286 998 343 1002 -
371 978 660 1014 PVLLAIENA
692 976 961 1013 OAELIANA.

287 1054 336 1095 91
373 1051 624 1105 Caelianus,
666 1050 774 1093 Afer
814 1050 1031 1106 quondam
1071 1051 1236 1107 rhetor,
1277 1054 1482 1108 magister
1520 1052 1596 1106 (M.
1635 1051 1812 1108 Opellii)
1852 1051 2089 1094 Diadume-

373 1121 528 1175 (nia)ni
557 1121 629 1163 vit.
659 1118 916 1162 Diadumen.
946 1122 986 1170 8,
1019 1122 1058 1162 9.
1092 1134 1095 1138 ·

287 1213 345 1219 —-
372 1189 431 1231 Μ.
464 1188 726 1245 Calpurnius
757 1187 1000 1231 Caelianus.

287 1282 344 1287 —
371 1264 433 1300 TI.
468 1263 714 1299 CLAVDIVS
748 1262 999 1298 SAETHIDA
1031 1263 1328 1299 OAELIANVS.

287 1350 344 1355 -
373 1332 417 1368 L.
450 1331 617 1367 IVNIVS
649 1330 948 1367 VICTORINVS
979 1324 1266 1381 [F)L(AVIVS)
1300 1331 1594 1373 CAELIANVS.

288 1418 344 1423 —
375 1393 652 1450 Sempronius
684 1393 927 1436 Caelianus.

289 1473 342 1516 92
375 1472 568 1527 Caelius,
600 1472 710 1515 latro
742 1472 932 1515 famosus
962 1478 1103 1515 aetate
1133 1473 1306 1515 Horatii
1337 1472 1489 1517 Horat.
1513 1476 1593 1515 sat.
1620 1477 1657 1524 1,
1687 1477 1727 1524 4,
1758 1476 1812 1516 69
1842 1487 1935 1515 euin
1963 1472 2090 1517 schol.

289 1553 343 1595 93
373 1560 418 1597 L.
451 1552 718 1608 CAEL1[VS]‚
752 1553 798 1595 in
817 1567 938 1596 versu
966 1553 1113 1595 ultimo
1145 1556 1173 1595 t.
1202 1551 1353 1608 Cyprii
1381 1552 1524 1595 mutili
1541 1553 1630 1595 III
1652 1555 1759 1596 6051
1789 1586 1799 1596 .
1817 1585 1827 1595 .
1847 1554 1945 1595 ,ino
1977 1559 2020 1595 et
2039 1553 2090 1597 L.

374 1620 520 1664 Caeli.
539 1653 549 1664 .
569 1654 577 1663 .
597 1653 606 1663 .
637 1621 854 1663 nominari
880 1621 1074 1664 videntur
1105 1621 1291 1664 consules
1321 1621 1427 1664 anni
1453 1621 1616 1665 incerti.

289 1701 344 1743 94
374 1700 555 1756 Apicius
588 1699 799 1743 *Caelius
861 1700 950 1744 Sub
988 1700 1054 1743 his
1092 1701 1331 1743 nominibus
1370 1701 1507 1754 fertur
1547 1700 1724 1751 libellus,
1768 1701 1841 1755 qui
1860 1703 2093 1755 praecepta

375 1769 624 1823 coquinaria
645 1770 837 1811 continet.
872 1769 987 1811 Num
1008 1769 1065 1811 ad
1084 1769 1255 1812 eundem
1273 1769 1402 1811 verba
1423 1772 1623 1823 corrupta
1651 1770 1723 1811 vit.
1745 1768 1864 1811 Aelii
1892 1768 2091 1811 Caesaris

375 1839 415 1887 5,
447 1839 472 1879 9
513 1837 605 1891 (ubi
642 1837 829 1879 traditur
867 1837 981 1879 idem
1022 1837 1170 1880 Ovidii
1211 1837 1265 1879 ab
1304 1837 1398 1880 aliis
1444 1837 1579 1879 relata
1618 1837 1733 1879 idem
1774 1836 1918 1893 Apicii
1957 1836 2092 1878 libros

376 1919 568 1947 amorum
596 1911 670 1956 BP,
713 1905 857 1961 Apicii
888 1905 1025 1948 Caelii
1056 1905 1191 1947 relata
1225 1906 1393 1960 scripsit
1423 1905 1563 1960 Peter)
1585 1905 1842 1959 pertineant,
1868 1905 2000 1960 plane
2029 1906 2094 1947 in-

378 1976 534 2015 certum
579 1976 650 2015 est.
722 1973 888 2016 Titulus
932 1973 1065 2016 libelli
1101 1987 1187 2016 non
1225 1987 1356 2016 sanus
1394 1973 1571 2024 videtur,
1613 1973 1698 2026 fuit
1737 1973 1918 2027 fortasse
1957 1972 2093 2016 Caelii

375 2040 556 2098 Apicius
602 2042 656 2095 cf.
703 2041 1127 2093 Teuffel-Schwabe,
1171 2041 1415 2084 Geschichte
1460 2041 1533 2084 der
1577 2041 1831 2083 Ro'niischen
1873 2042 2094 2084 Literatur

375 2110 407 2164 ἕ
436 2112 536 2160 233,
567 2110 641 2152 2⁵.
2027 2119 2029 2121 ·

292 2190 346 2232 95
380 2195 590 2231 CAELIVS
718 2196 953 2232 ILLIANVS
1000 2196 1254 2245 MAXIMVS,
1303 2189 1511 2246 [curator]
1557 2189 1728 2232 aedium
1772 2204 1992 2232 sacrarum
2037 2190 2095 2245 [et

378 2257 571 2313 operum]
602 2257 874 2313 publicorum
903 2272 1014 2300 anno
1049 2258 1130 2300 159
1161 2258 1230 2301 VI
1250 2260 1376 2301 8570.

293 2337 348 2379 96
380 2343 590 2378 CAELIVS
630 2343 905 2392 ATTIANVS,
949 2337 1123 2381 Caelius
1162 2337 1365 2381 Attianus
1403 2339 1474 2380 vit.
1506 2338 1723 2382 Hadrian.
1754 2342 1791 2389 1,
1823 2341 1850 2380 4
1880 2337 2094 2392 (Caelium

377 2405 607 2447 Tatianum
637 2405 726 2447 cod.
757 2405 916 2456 Palat„
949 2405 1117 2449 Celium
1142 2407 1381 2449 Taeianum
1403 2405 1663 2460 Bambery.)‚
1687 2409 1867 2449 ceterum
1887 2405 2091 2448 Attianus

379 2473 590 2527 (corrupte
612 2473 798 2516 traditur
816 2475 888 2516 vit.
911 2475 1127 2519 Hadrian.
1149 2477 1189 2525 8,
1213 2478 1241 2516 7
1259 2474 1499 2528 Atutinum,
1523 2474 1683 2517 Zonar.
1706 2478 1772 2525 11,
1794 2477 1853 2518 23
1873 2473 2093 2528 Τατιανός).

464 2542 608 2596 Eques
654 2543 871 2584 Romanus
915 2544 987 2585 vit.
1034 2543 1248 2587 Hadrian.
1288 2546 1326 2594 1,
1366 2546 1416 2594 4;
1458 2546 1497 2593 4,
1537 2546 1580 2593 ,2,
1624 2543 1847 2599 municeps
1891 2543 1941 2585 P.
1982 2541 2097 2585 Aelii

379 2608 591 2651 Hadriani
619 2609 707 2651 Dio
726 2613 791 2660 69,
816 2614 840 2652 1
870 2611 917 2652 id
946 2614 1005 2653 est
1035 2610 1239 2653 oriundus
1270 2625 1320 2653 ex
1345 2611 1449 2653 urbe
1472 2610 1645 2653 Italica.
1694 2610 1832 2653 Tutor
1863 2616 1905 2652 et
1933 2611 2097 2653 amicus

380 2676 591 2719 Hadriani
615 2678 685 2721 vit.
707 2678 938 2730 Hadrian,
969 2679 1057 2722 Dio
1079 2679 1104 2723 l.
1128 2679 1153 2722 l.
1200 2679 1387 2721 Traiano
1418 2685 1588 2721 mortuo
1620 2693 1717 2721 cum
1745 2678 1917 2721 Plotina
1937 2678 2097 2720 dicitur

380 2744 650 2787 Hadrianum
681 2745 735 2787 ad
767 2747 994 2802 imperium
1025 2748 1290 2803 promovisse
1319 2747 1407 2789 Dio
1434 2748 1459 2789 l.
1483 2747 1509 2789 l.
1541 2747 1716 2802 (Zonar.
1737 2751 1801 2799 11,
1832 2746 1909 2801 23)
1940 2747 1994 2800 cf.
2023 2746 2095 2788 vit.

381 2813 598 2855 Hadrian.
632 2817 671 2864 9,
703 2817 740 2856 6.
803 2814 894 2857 Sub
932 2817 1083 2872 primis
1123 2816 1290 2871 imperii
1331 2815 1482 2858 diebus
1511 2815 1781 2857 Hadrianum
1818 2815 2006 2869 monuit,
2049 2820 2099 2856 ut

384 2881 654 2923 adversarios
696 2897 718 2923 e
757 2883 896 2925 medio
935 2883 1103 2926 tolleret
1137 2884 1208 2926 vit.
1240 2883 1457 2926 Hadrian.
1487 2886 1526 2934 5,
1557 2886 1595 2926 5.
1662 2883 1884 2939 Reliquias
1918 2883 2097 2925 Traiani

383 2964 469 2991 una
499 2963 597 2991 cum
630 2949 800 2992 Plotina
829 2957 871 2993 et
898 2951 1081 2994 Matidia
1110 2966 1166 2993 ex
1186 2951 1293 2994 Asia
1312 2951 1491 2993 Romam
1520 2950 1675 2993 detulit
1703 2951 1788 2995 ibd.
1809 2954 1849 3002 5,
1871 2954 1910 2995 9.
1965 2951 2095 2993 Prae-

382 3018 517 3059 fectus
548 3019 759 3072 praetorio
790 3019 1004 3061 Hadriani
1044 3020 1149 3074 (sine
1189 3020 1314 3062 dubio
1353 3020 1440 3061 iam
1472 3020 1548 3061 sub
1585 3020 1773 3061 Traiano
1803 3018 2099 3074 praetorianis

377 3086 619 3140 praefuit);
650 3100 745 3127 cum
772 3087 1021 3130 Hadrianus
1051 3089 1287 3144 potentiam
1318 3089 1408 3129 eius
1439 3087 1551 3129 ferre
1581 3102 1668 3129 non
1698 3093 1851 3143 posset,
1883 3088 2001 3129 nisus
2032 3093 2098 3129 est

382 3168 479 3195 eum
517 3152 795 3206 obtruncare,
837 3155 912 3197 sed
952 3162 1178 3198 revocatus
1209 3162 1284 3209 est,
1325 3156 1426 3211 quia
1455 3156 1541 3197 iam
1572 3161 1776 3211 quattuor
1805 3153 2095 3197 consularium

382 3221 619 3262 occisorum
651 3221 722 3275 (cf.
752 3222 822 3264 vit.
855 3223 1072 3266 Hadrian.
1105 3227 1142 3274 7,
1173 3226 1235 3280 2),
1267 3238 1449 3279 quorum
1481 3222 1654 3279 quidem
1685 3237 1833 3265 necem
1862 3223 1906 3264 in
1927 3221 2094 3265 Attiani

382 3288 559 3330 consilia
588 3288 866 3345 refundebat,
909 3291 1185 3347 premebatur
1225 3291 1409 3346 invidia3
1441 3292 1510 3333 cui
1541 3306 1640 3333 cum
1671 3305 1961 3333 successorem
1991 3289 2095 3333 dare

383 3370 468 3397 non
499 3362 662 3412 posset,
695 3357 797 3413 quia
825 3373 911 3400 non
941 3359 1134 3415 petebat,
1171 3359 1216 3401 id
1247 3359 1354 3414 egit,
1387 3365 1435 3402 ut
1462 3364 1647 3416 peteret,
1684 3365 1816 3415 atque
1845 3373 1944 3401 eum
1972 3373 2094 3416 prae-
