2202 3730
122 289 344 326 ArnomA
985 280 1062 323 121
1741 283 1928 329 AQmA

208 418 385 462 consule
403 419 578 462 Africae
609 419 797 461 militans
828 418 1013 473 (vixdum
1035 417 1270 472 pueritiam
1290 427 1490 470 eyressus,
1510 417 1559 456 ut
1577 428 1628 456 ex
1647 415 1711 457 tit.
1734 414 1928 468 afflaret)

209 495 359 530 contra
379 487 696 530 Tacfarinatem
717 502 922 544 prospere
943 486 1154 542 pugnavit
1173 500 1210 528 a.
1228 485 1282 526 20
1304 484 1401 527 Tae.
1420 498 1460 525 a.
1482 486 1522 532 3,
1544 485 1616 533 28,
1639 481 1754 524 unde
1772 482 1930 524 VIIvir

209 555 440 612 epulonum
469 556 610 598 factus
631 556 792 598 Veneri
814 555 1031 611 Erycinae
1060 555 1172 595 inter
1201 552 1287 595 alia
1316 551 1500 594 ‘felicem
1529 550 1739 605 gladium'
1773 557 1816 592 et
1843 566 1930 592 una

209 638 307 666 cum
336 630 460 680 patre
490 624 679 678 effigiem
709 623 872 665 Tiberii
904 621 1100 664 versibus
1128 620 1347 663 dedicavit
1377 620 1440 663 tit.
1498 619 1627 662 Anno
1658 620 1713 662 32
1743 625 1926 675 praetor,

209 707 308 734 cum
331 692 501 735 Seiano
532 691 801 734 familiariter
831 707 932 733 usus
965 697 1078 733 esset
1117 696 1159 731 et
1188 688 1353 731 Tiberii
1384 687 1602 730 calvitiem
1630 686 1806 744 publice
1835 687 1929 728 irri-

210 760 346 814 sisset,
379 766 522 802 tamen
553 775 579 802 a
608 760 783 802 Tiberio
814 765 1083 815 contemptus
1114 758 1252 799 evasit
1279 756 1368 799 Dio
1397 759 1464 806 58,
1495 759 1564 798 19.
1624 755 1784 798 Consul
1814 771 1851 798 a.
1874 756 1928 798 39

208 828 326 881 fasti.
359 854 411 858 —
442 828 518 871 Ad
545 842 638 872 eum
660 829 875 883 pertinere
903 827 1110 877 violentur,
1142 840 1248 880 quae
1277 826 1410 879 refert
1431 824 1605 867 Plinius
1632 838 1674 866 n.
1701 824 1741 868 h.
1763 827 1829 874 11,
1849 826 1931 866 313

209 896 260 940 L.
291 896 460 953 Aproni
501 896 738 939 consularis
778 896 861 938 viri
901 895 989 938 filio
1031 895 1245 937 detractas
1285 893 1432 949 adipes
1469 892 1746 948 levatumque
1774 907 1931 948 corpus

209 964 404 1007 inmobili
436 979 579 1008 onere.

135 1056 194 1063 —
236 1039 280 1078 L.
311 1039 478 1075 IVLIVS
507 1039 756 1076 APRONIVS
787 1038 1012 1074 MAENIVS
1041 1037 1327 1074 AVITIANVS.

136 1125 193 1130 —
237 1107 282 1143 L.
314 1107 479 1143 IVLIVS
509 1107 758 1144 APRONIVS
789 1106 1016 1142 MAENIVS
1047 1105 1174 1141 PIVS.

138 1193 192 1198 —
238 1175 282 1213 L.
312 1169 517 1223 IVL(IVS)
546 1175 795 1212 APRONIVS
826 1174 1052 1210 MAENIVS
1082 1173 1193 1208 PIVS
1226 1171 1662 1208 SALAMALLIANVS.

136 1261 194 1266 —
237 1243 282 1280 L.
329 1243 624 1279 STERTINIVS
671 1242 1028 1288 QVINTILIANVS
1073 1240 1271 1276 ACILIVS
1318 1239 1509 1275 STRABO
1556 1239 1600 1283 Q.
1648 1238 1929 1274 CORNELIVS

209 1311 449 1347 RVSTICVS
478 1311 728 1347 APRONIVS
760 1310 975 1347 SENECIO
1006 1308 1278 1345 PROCVLVS.

124 1373 208 1416 789
237 1379 478 1428 APRONIA,
510 1374 561 1418 L.
592 1373 775 1430 Apronii
805 1372 834 1414 f.
867 1373 938 1426 (ef.
967 1385 1010 1416 n.
1033 1373 1145 1428 7879,
1176 1370 1236 1413 M.
1270 1370 1428 1413 Plautii
1461 1369 1627 1412 Silvani
1661 1385 1773 1412 uxor
1806 1384 1843 1412 a.
1876 1370 1932 1412 24

211 1457 236 1483 a
265 1444 423 1484 marito
454 1443 596 1484 occisa
631 1442 729 1485 Tae.
753 1456 792 1485 a.
812 1444 852 1491 4,
874 1444 949 1484 22.

124 1509 208 1552 790
235 1509 433 1567 Apronia
461 1511 508 1552 in
537 1513 566 1555 t.
595 1523 739 1552 servae
770 1510 838 1552 VI
854 1512 974 1553 9849.

137 1602 196 1608 ·—
238 1585 283 1621 L.
297 1578 356 1633 (i')
386 1585 526 1620 IVLIA
554 1583 779 1620 APRONIA
807 1582 1013 1619 ALFENA
1042 1581 1327 1619 AGRIPPINA.

135 1671 192 1676 -—
235 1653 281 1690 L.
311 1653 452 1688 IVLIA
480 1651 704 1688 APRONIA
731 1651 932 1687 MAENIA
964 1650 1329 1687 SALAMALLIAS.

137 1740 196 1746 --
237 1721 442 1758 LVCILIA
471 1721 719 1756 APRVLLA.

125 1784 203 1827 791
237 1783 437 1840 Apsaeus
468 1782 684 1842 (Ἀψαῖος),
715 1782 1012 1839 Palmyrenus,
1044 1788 1273 1838 postquam
1302 1779 1566 1823 Aurelianus
1597 1779 1789 1822 Zenobia
1819 1780 1934 1821 victa

209 1853 448 1894 exercitum
469 1853 514 1893 in
534 1852 755 1908 Europam
774 1851 960 1904 reduxit,
992 1857 1144 1892 auctor
1174 1849 1396 1892 seditionis
1427 1849 1572 1890 extitit
1591 1848 1786 1891 Zosimus
1806 1851 1845 1898 1,
1868 1851 1932 1890 60.

208 1921 403 1963 Eundem
431 1921 661 1963 memorari
689 1921 890 1974 opinatur
920 1919 1206 1974 Waddv'nyton
1234 1919 1279 1960 in
1308 1921 1337 1963 t.
1359 1917 1614 1972 Palmyreno
1635 1917 1793 1959 Lebas-
1805 1915 1935 1959 Wad-

189 1988 384 2044 amyton
412 1992 551 2032 2582:
583 1988 821 2045 Σεπτ[ι’μιον]
845 1987 1010 2046 Ἀψαῖον
1040 1989 1106 2030 τὸν
1135 1988 1319 2045 πολείτην
1349 1988 1414 2030 καὶ
1443 1988 1664 2043 προστάτην
1694 1987 1721 2042 ἡ
1752 1986 1875 2032 πόλις.

126 2057 209 2100 ’792
239 2063 453 2100 APVDIVS
482 2057 571 2100 Dio
600 2061 665 2108 53,
697 2061 756 2100 20
788 2057 882 2099 vide
913 2057 1015 2100 Sex.
1047 2057 1266 2099 Pacuvius
1295 2057 1479 2098 Taurus.

137 2149 198 2156 —-
237 2125 449 2182 Apuleius
478 2126 572 2168 vide
601 2125 857 2183 Appuleius.

127 2194 210 2236 793
239 2193 412 2250 Aquila,
428 2194 693 2237 Maecenatis
713 2193 893 2236 libertus
910 2193 998 2235 Dio
1012 2195 1076 2244 55,
1092 2196 1131 2243 7,
1156 2193 1329 2236 Sueton.
1346 2191 1441 2234 Rel.
1459 2189 1770 2242 Reifferscheid
1780 2205 1828 2244 p.
1841 2193 1933 2232 136.

128 2262 212 2305 794
242 2261 404 2319 Aquila
428 2264 540 2304 inter
564 2277 840 2319 percussores
866 2262 1138 2318 imperatoris
1169 2261 1254 2305 Gai
1284 2260 1450 2315 Ioseph.
1473 2263 1560 2302 ant.
1580 2262 1648 2309 19,
1678 2262 1716 2309 1,
1744 2262 1830 2312 14„

141 2355 199 2360 —
241 2330 405 2387 Aquila
435 2330 569 2373 Fidus
597 2344 635 2373 v.
665 2330 803 2373 Iulius
834 2330 970 2373 Fidus
1001 2329 1174 2386 Aquila.

129 2399 211 2442 795
241 2398 404 2456 Aquila
419 2399 651 2450 Romanus,
675 2398 822 2441 rhetor
842 2399 983 2441 Iulius
1001 2398 1263 2453 Rufinianus
1275 2398 1489 2452 prinev'p.;
1519 2397 1691 2452 scripsit
1711 2396 1765 2438 de
1784 2396 1935 2451 figuris

214 2469 526 2511 sententiarum
557 2474 600 2510 et
629 2467 881 2510 elocutionis
912 2467 1116 2521 libellum,
1149 2468 1223 2523 qui
1255 2473 1397 2520 extat3
1428 2466 1586 2507 citatur
1612 2464 1804 2507 Gramm.
1835 2465 1934 2506 Lat.

212 2536 292 2580 IV
301 2540 368 2588 19,
388 2540 471 2589 32‚·
500 2537 596 2579 VII
606 2540 705 2587 209,
725 2539 790 2587 18,
812 2537 996 2590 fortasse
1015 2537 1061 2578 in
1081 2535 1353 2589 inseripu'one
1369 2534 1493 2576 Artis
1511 2534 1746 2576 rhetoricae
1767 2533 1813 2577 O.
1829 2533 1939 2575 Iulii

214 2605 394 2648 Victoris
415 2619 462 2660 p.
483 2608 565 2647 371
593 2605 728 2648 Halm
757 2605 850 2658 (ubi
878 2604 1065 2647 traditur
1094 2603 1244 2660 Aquili
1258 2616 1350 2661 *pro
1382 2602 1598 2659 Aquilae).

129 2673 212 2717 796
241 2680 295 2716 Μ.
324 2680 525 2725 AQVILA.
583 2674 640 2716 In
669 2674 907 2728 fraqmento
949 2673 1160 2726 fastorum
1190 2670 1357 2725 eolleyii
1385 2670 1566 2713 alieuius
1597 2669 1664 2712 VI
1685 2670 1829 2712 1028&
1846 2671 1938 2710 118

215 2744 361 2784 extant
388 2741 516 2784 haec:
544 2741 604 2784 M.
636 2740 799 2798 Aquila
827 2741 877 2783 P.
907 2740 949 2782 N
970 2772 1090 2785 .....
1107 2772 1118 2794 ,
1156 2739 1232 2781 ubi
1261 2753 1345 2793 per
1380 2738 1568 2781 eonsules
1598 2750 1735 2780 annus
1764 2737 1936 2791 quidam

213 2809 403 2852 indicari
428 2809 605 2854 udatur.
651 2809 739 2852 Sed
768 2823 860 2851 cum
881 2808 1016 2869 plane
1045 2808 1250 2850 incertum
1278 2808 1346 2858 sit,
1377 2821 1480 2849 num
1506 2807 1566 2848 M.
1597 2805 1807 2848 Arruntio
1840 2838 1849 2847 .
1868 2838 1878 2848 .
1897 2838 1907 2847 .
1925 2837 1935 2847 .

216 2877 379 2920 consuli
401 2876 576 2929 suffecto
606 2877 691 2920 kal.
710 2877 795 2919 Iul.
818 2891 857 2921 a.
879 2880 932 2920 66
962 2876 1128 2919 omnino
1158 2876 1291 2929 fuerit
1311 2889 1533 2930 coynomen
1552 2874 1752 2931 Aquilae,
1782 2874 1938 2916 rectius

216 2960 342 3000 quam
372 2946 422 2989 de
451 2946 540 2997 illo,
572 2946 621 2988 de
649 2960 729 3000 quo
760 2946 958 3000 eoyitave't
978 2945 1227 2995 Mommsen,
1258 2945 1440 2999 eoyitari
1459 2945 1599 2998 possit
1627 2943 1676 2985 cle
1695 2943 1756 2985 M.
1777 2942 1938 2999 Aquila

216 3013 384 3057 Iuliano
414 3015 462 3057 P.
492 3014 634 3057 Nonio
665 3014 909 3070 Asprenate
940 3028 1026 3056 cos.
1057 3027 1097 3055 a.
1118 3015 1186 3055 38.

133 3082 215 3126 797
245 3089 300 3125 Μ.
329 3089 519 3133 AQVILA
547 3087 798 3136 IVLIANVS,
830 3081 980 3124 consul
1010 3096 1049 3123 a.
1080 3081 1134 3123 38
1175 3094 1273 3122 cum
1311 3081 1362 3123 P.
1393 3079 1534 3122 Nonio
1564 3079 1822 3136 Asprenate.
1882 3079 1938 3121 In

217 3150 459 3194 consulatu:
487 3151 548 3193 M.
580 3150 742 3207 Aquila
771 3150 965 3192 Iulianus
998 3149 1066 3192 VI
1086 3151 1181 3199 811,
1211 3148 1411 3191 Frontin.
1433 3148 1483 3190 de
1503 3149 1624 3202 aquis
1643 3152 1709 3198 13,
1741 3147 1828 3190 Dio
1850 3147 1936 3191 ind.

219 3218 247 3262 l.
275 3221 351 3269 59,
389 3218 450 3261 M.
491 3218 623 3275 Aqila
652 3219 746 3275 (sic)
786 3219 809 3261 I
826 3251 948 3264 .....
994 3217 1042 3260 Χ
1069 3219 1177 3260 6638
1214 3217 1323 3270 fasti
1359 3217 1602 3267 Antiatini,
1644 3217 1703 3260 M.
1744 3216 1938 3258 Iulianus

216 3287 305 3330 Dio
333 3289 400 3338 59,
431 3290 472 3338 9,
502 3287 663 3344 Aquila
692 3287 888 3330 Iulianus
917 3286 1116 3330 Frontin.
1148 3285 1198 3328 cle
1228 3286 1350 3340 aquis
1379 3289 1487 3336 102,
1529 3289 1708 3328 ceterum
1744 3283 1937 3328 Iulianus

217 3356 336 3410 fasti.
356 3380 415 3386 —
443 3355 492 3400 G.
522 3355 553 3400 f.
583 3355 672 3398 Dio
700 3355 789 3398 ind.
822 3355 848 3400 l.
873 3358 941 3400 59.
962 3379 1019 3384 ——
1045 3354 1114 3408 Cf.
1144 3368 1186 3396 n.
1213 3357 1306 3397 796.
