2202 3730
282 311 575 351 CLEOPATRA
1134 305 1218 347 414
1865 311 2076 349 CLODIVS

359 447 518 500 patrae
539 457 622 486 esse
641 443 790 484 statuit
806 441 980 491 Mulier,
1004 440 1170 495 negavit
1186 440 1422 483 Mommsen
1437 440 1613 496 them.
1626 445 1724 496 ep.1
1731 457 1778 497 p.
1790 446 1888 494 277,
1912 443 2078 486 Omnino

362 526 445 555 non
473 511 559 554 nisi
585 513 775 553 mortuae
809 510 1032 563 imayinem
1060 522 1256 551 revocare
1277 511 1418 563 potest
1446 510 1500 563 ef.
1525 509 1688 553 Muller
1715 510 1862 565 Suppl.
1885 525 1934 565 p.
1957 512 2020 554 75.

276 581 360 622 898
391 579 631 634 Cleopatra,
662 578 931 633 imperatoris
963 576 1132 620 Claudii
1162 576 1316 633 paelex
1341 577 1439 620 Tae.
1461 591 1500 620 a.
1521 581 1587 628 11,
1607 581 1675 622 30.

276 648 359 690 899
390 647 639 703 Cleopatra,
673 645 813 688 Gessii
844 644 961 686 Flori
994 659 1125 699 uxor,
1157 645 1295 687 amica
1324 645 1551 702 Poppaeae
1580 646 1764 688 Neronis
1794 645 1957 700 Ioseph.
1990 649 2076 691 ant.

360 718 431 765 20,
463 718 526 764 11,
554 717 593 758 1.

294 809 345 814 --
389 783 455 826 Ti.
489 780 733 836 Cl(audius)
764 780 989 824 Clitianus.

275 852 358 893 900
389 849 588 892 Cloatilla
617 849 694 904 (sie
732 852 841 891 reete
881 848 1068 890 traditur
1105 848 1227 890 libris
1257 849 1425 903 optimis
1450 848 1720 902 Quintiliani,
1749 848 1838 890 nisi
1863 847 1974 902 quod
1993 861 2078 891 uno

357 919 443 961 loeo
475 921 515 968 8,
545 920 584 967 5,
615 921 668 960 16
707 916 834 959 codex
863 916 1176 958 Ambrosianus
1218 920 1362 971 aperto
1401 931 1543 960 errore
1573 916 1736 959 exhibet
1765 915 2001 971 Domitilla,
2031 919 2080 959 ut

360 989 485 1028 antea
516 999 744 1040 perperam
775 985 941 1027 omnino
972 984 1040 1027 edi
1064 984 1252 1040 solebat),
1294 984 1449 1027 mulier
1478 1001 1505 1027 a
1533 984 1655 1039 filiis,
1695 985 1848 1039 fratre,
1889 985 2078 1041 paternis

359 1055 506 1096 amicis
537 1060 755 1108 accusata,
797 1052 912 1109 quod
943 1053 1106 1107 virum,
1149 1054 1222 1109 qui
1264 1054 1376 1095 inter
1410 1053 1665 1096 rebellantes
1702 1053 1844 1096 fuerat
1880 1053 2078 1109 (fortasse

354 1123 573 1177 particeps
601 1125 736 1164 motus
755 1121 1056 1176 Scriboniani),
1077 1121 1321 1178 sepelisset,
1353 1137 1379 1164 a
1403 1122 1596 1164 Domitio
1616 1121 1724 1164 Afro
1745 1121 1920 1163 defensa
1949 1127 1993 1164 et
2021 1121 2077 1164 ab

359 1192 615 1247 imperatore
647 1190 827 1233 Claudio
859 1189 1056 1232 absoluta
1080 1196 1144 1232 est
1169 1190 1420 1244 Quintilian.
1447 1191 1625 1233 institut.
1645 1192 1686 1241 8,
1705 1192 1745 1241 5,
1766 1192 1820 1233 16
1828 1202 1843 1242 ,·
1871 1192 1910 1241 9,
1930 1193 1973 1241 2,
1996 1192 2080 1242 20,-

359 1264 397 1310 9,
418 1263 456 1310 3,
479 1263 555 1311 66,·
585 1263 623 1310 9,
646 1263 684 1310 4,
706 1262 774 1301 31.
1760 1259 1763 1262 “

273 1328 352 1370 901
389 1327 580 1370 Cloatius
619 1328 785 1378 Verus,
830 1326 1136 1381 grammaticus
1176 1327 1350 1383 scripsit
1388 1326 1523 1369 libros
1562 1325 1794 1369 verborum
1833 1341 1860 1368 a
1899 1325 2079 1370 Graecis

359 1402 591 1438 tractorum
622 1395 786 1438 Gellius
815 1399 880 1445 16,
911 1398 983 1446 12,
1017 1395 1213 1439 Maerob.
1238 1398 1318 1440 sat.
1339 1398 1379 1446 3,
1402 1398 1468 1446 18,
1489 1399 1540 1447 4;
1570 1394 1879 1437 Ordinatorum
1906 1407 2078 1448 graeco-

358 1479 455 1505 rum
476 1463 575 1506 libri
597 1465 784 1506 citantur
806 1463 1002 1505 Maerob.
1023 1466 1062 1514 3,
1090 1466 1150 1514 19,
1171 1466 1220 1516 6,·
1248 1466 1287 1514 3,
1309 1467 1380 1515 20,
1401 1467 1441 1514 1,
1466 1462 1579 1506 liber
1597 1462 1812 1505 secundus
1834 1461 1893 1504 id.
1911 1465 1951 1512 3,
1973 1465 2011 1512 6,
2032 1464 2078 1513 2,

358 1539 537 1588 quartus
566 1536 604 1583 3,
627 1535 692 1583 18,
712 1535 763 1583 8;
796 1536 836 1583 3,
858 1535 924 1582 19,
946 1535 989 1575 2.
1035 1531 1155 1574 Idem
1183 1531 1349 1575 videtur
1378 1531 1581 1586 Cloatius,
1615 1545 1665 1574 ex
1695 1531 1813 1574 euius
1842 1529 1928 1572 alio
1959 1543 2080 1584 opere

355 1601 493 1643 neseio
522 1615 600 1655 quo
630 1600 836 1654 quaedam
867 1599 1107 1652 afferuntur
1127 1599 1242 1643 Fest.
1265 1615 1313 1654 p.
1338 1603 1413 1642 141
1444 1614 1472 1642 a
1500 1602 1570 1651 25,
1601 1602 1683 1642 189
1714 1612 1742 1641 α
1769 1601 1840 1649 25,
1869 1601 1951 1641 193
1980 1611 2009 1640 a
2036 1600 2076 1648 4,
2114 1625 2117 1628 -

355 1672 440 1712 213
468 1684 496 1711 α
525 1672 593 1720 29,
624 1672 705 1711 309
738 1683 765 1711 a
791 1672 860 1719 26,
891 1671 973 1710 318
1004 1683 1031 1711 α
1059 1670 1129 1712 24.

271 1737 353 1779 902
385 1736 632 1791 Clodianus,
651 1736 972 1791 cornicularius,
990 1738 1205 1793 particeps
1221 1737 1528 1779 coniurationis
1544 1736 1588 1777 in
1600 1735 1897 1778 Domitianum
1906 1732 2074 1777 Sueton.

354 1805 514 1849 Domit.
535 1808 599 1856 1¹7,
621 1804 768 1861 (Viet.)
788 1805 906 1860 qua.
927 1808 991 1856 11,
1016 1805 1093 1847 ubi
1111 1804 1296 1847 traditur
1316 1804 1548 1846 Parthenio
1570 1828 1619 1833 -
1643 1826 1696 1833 —
1711 1795 1764 1845 vet
1789 1801 2008 1858 Stephano
2031 1805 2074 1843 et

356 1879 445 1916 tum
472 1873 525 1915 ob
546 1873 742 1916 fraudem
762 1874 1025 1929 interceptae
1044 1873 1252 1929 pecuniae
1273 1873 1531 1929 supplicium
1551 1878 1823 1929 suspectante
1844 1869 2074 1924 Clodianor,

355 1955 447 1983 eum
484 1942 586 1984 haee
624 1942 753 1984 verba
792 1941 883 1996 (‘ob
923 1941 1134 1984 fraudem’
1169 1941 1262 1996 ete.)
1303 1941 1419 1996 apud
1453 1940 1719 1991 Suetonium,
1758 1939 1868 1982 unde
1906 1940 2074 1993 sumpta

314 2047 320 2054 .
354 2012 472 2060 sunt,
511 2009 569 2052 ad
596 2009 853 2064 Stephanum
884 2010 1032 2064 potius
1063 2010 1329 2064 pertineant,
1373 2012 1447 2051 aut
1485 2023 1605 2052 error
1634 2009 1820 2051 auctoris
1847 2007 2074 2062 Epitomae

351 2078 613 2133 neyleyenter
644 2078 845 2122 Suetonio
885 2079 955 2120 usi
990 2078 1130 2120 subest
1167 2080 1242 2120 aut
1271 2077 1449 2120 alterum
1485 2084 1526 2119 et
1556 2080 1653 2120 ante
1682 2076 1891 2120 Clodiano
1914 2087 2073 2130 ponen-

356 2145 454 2188 dum
484 2149 555 2189 est.
2025 2145 2027 2147 ’

282 2238 339 2244 --
384 2215 445 2257 M.
475 2214 688 2257 Aemilius
720 2214 969 2259 Clodianus.

280 2308 338 2312 -—
378 2290 432 2326 Μ.
461 2289 697 2325 ANNAEVS
729 2289 1041 2325 SATVRNINVS
1073 2288 1355 2325 CLODIANVS
1385 2288 1651 2326 AELIANVS.

281 2376 337 2380 —
379 2358 422 2403 Q.
453 2359 669 2394 MAEsws
702 2358 985 2394 FRONTINVS
1019 2341 1314 2394 CLODIANVS.

281 2443 339 2449 —
379 2420 430 2463 L.
461 2420 647 2462 Titinius
679 2420 927 2464 Clodianus

280 2512 337 2516 —
380 2488 432 2530 L.
464 2488 651 2530 Titinius
681 2488 900 2530 Maximus
931 2487 1178 2531 Clodianus.

267 2556 349 2598 903
382 2562 591 2598 CLODIVS
625 2589 777 2599 ......
794 2589 804 2611 ,
846 2556 1083 2599 consularis
1122 2556 1294 2599 aedium
1335 2570 1555 2598 sacrarum
1594 2569 1703 2596 anno
1737 2554 1821 2596 280
1856 2552 1967 2596 IGI
1987 2555 2071 2596 993

351 2628 379 2667 t.
410 2626 612 2669 urbanus,

266 2694 349 2735 904
378 2700 550 2735 APPIVS
582 2700 792 2736 CLODIVS
821 2695 961 2737 neseio
979 2696 1073 2749 quis
1092 2698 1348 2738 memoratur
1367 2695 1412 2736 in
1442 2697 1470 2736 t.
1490 2694 1655 2736 urbano
1677 2692 1821 2735 liberti
1835 2689 2069 2733 Bullettino

351 2761 565 2804 eomunale
595 2765 702 2804 1886
724 2778 772 2817 p.
792 2765 878 2805 387
903 2777 944 2805 n.
965 2766 1089 2806 1592.

265 2830 347 2872 905
380 2836 567 2872 SEXTVS
592 2836 803 2872 CLODIVS
832 2863 842 2873 .
863 2864 872 2873 .
890 2864 899 2874 .
918 2865 927 2873 .
944 2838 1143 2886 NIANVS,
1165 2830 1397 2888 proconsul
1418 2830 1553 2886 Cypri
1574 2829 1655 2872 sub
1678 2828 1884 2884 Septimio
1906 2825 2068 2869 Severo

347 2897 418 2939 vel
446 2897 546 2939 filiis
577 2899 667 2939 eius
693 2903 949 2941 memoratur
969 2900 1015 2941 in
1035 2903 1063 2943 t.
1083 2913 1233 2954 9raeee
1252 2900 1408 2953 scripto
1431 2897 1584 2953 Cyprio
1604 2893 2068 2948 Lebas-Waddinqton

347 2968 465 3008 2728
495 2966 684 3008 dedicato
714 2967 855 3009 Iuliae
884 2967 1091 3010 Domnae.

264 3033 347 3075 906
381 3039 421 3075 C.
445 3040 654 3075 CLODIVS
677 3042 910 3090 ADIVTOR,
945 3036 994 3078 C.
1017 3036 1058 3089 f.,
1083 3035 1200 3078 tribu
1223 3035 1417 3089 Quirina,
1451 3040 1663 3091 quaestor,
1697 3033 1894 3075 tribunus
1914 3029 2064 3087 plebis,

347 3108 519 3156 praetor
544 3102 592 3144 X
607 3105 715 3145 3851
746 3106 774 3145 t.
807 3103 1047 3158 Campanus
1067 3105 1234 3158 positus
1268 3103 1402 3160 ‘quod
1432 3119 1487 3145 ex
1516 3102 1660 3144 reditu
1690 3108 1768 3147 HS
1797 3101 1838 3143 ᾗ.
1868 3099 2009 3153 legato
2040 3113 2067 3140 a

318 3195 320 3197 >
349 3168 497 3211 Clodis
527 3171 588 3210 rei
620 3170 819 3226 publicae
851 3172 1168 3228 Campanorum
1197 3173 1293 3214 viae
1323 3171 1457 3214 tutela
1486 3176 1764 3227 praestatur';
1806 3169 1908 3210 haee
1937 3167 2066 3210 verba

347 3237 457 3287 item,
490 3252 741 3291 quamquam
770 3239 891 3281 hodie
919 3240 1083 3291 mutila,
1114 3243 1359 3294 repetuntur
1388 3241 1434 3282 in
1463 3243 1491 3281 t.
1511 3253 1600 3281 una
1624 3252 1716 3280 cum
1733 3238 1882 3292 priore
1899 3237 2064 3290 reperto

351 3304 541 3347 dedicato
573 3338 582 3348 .
603 3338 612 3348 .
645 3305 827 3361 [Clodio]
859 3308 907 3349 P.
939 3308 967 3350 f.
1000 3340 1010 3350 .
1028 3340 1038 3350 .
1057 3340 1067 3350 .
1098 3307 1328 3364 [Capi]toni
1358 3308 1406 3350 X
1431 3310 1566 3358 3852;
1604 3309 1703 3349 arta
1730 3306 1863 3360 iyitur
1890 3303 2064 3347 necessi-

347 3374 432 3415 tate
459 3372 506 3415 hi
535 3371 679 3417 Clodii
706 3374 917 3417 coniuncti
943 3376 1074 3430 fuisse
1104 3375 1309 3418 videntur.
