2202 3730
109 281 394 318 ARRVNTIVS
974 276 1056 318 145
1631 282 1918 318 ARRVNTIVS

109 413 193 456 933
223 412 463 455 Arruntius
511 411 674 468 Aquila
727 412 1042 456 medicamento
1086 412 1275 469 quodam
1328 420 1503 455 sanatus
1555 412 1746 457 Galenus
1790 413 1925 456 XIII

191 496 240 536 p.
270 483 378 523 1036
404 481 465 523 K.

109 550 195 593 934
224 556 276 592 Μ.
306 555 590 592 ARRVNTIVS
621 556 832 605 AQV1LA,
873 550 933 592 M.
964 549 1006 603 f.,
1038 549 1158 592 tribu
1188 551 1413 605 Teretina,
1446 551 1583 594 Invir
1613 566 1712 593 aere
1743 557 1922 606 argento

194 633 299 662 auro
338 617 482 660 flando
519 618 739 673 feriando,
784 625 986 675 quaestor
1025 617 1246 673 Caesaris,
1290 619 1492 662 tribunus
1533 619 1692 676 plebis,
1734 626 1919 676 praetor,

199 686 359 739 consul,
401 686 562 730 XVvir
600 688 733 729 saeris
773 687 987 729 faciundis
1028 686 1070 730 V
1087 689 1203 730 2819
1233 690 1262 729 t.
1293 686 1543 730 Patavinus.
1603 688 1723 730 Idem
1760 688 1925 730 videtur

196 755 256 798 M.
278 755 516 798 Arruntius
538 755 700 810 Aquila
729 756 881 798 consul
912 755 1048 810 (suff.)
1078 770 1177 798 eum
1204 756 1273 809 (L.
1296 756 1501 812 Pompeio
1523 757 1730 813 Vopisco)
1763 756 1810 800 C.
1841 757 1924 799 Ar-

198 825 343 866 runtio
365 823 548 867 Catellio
570 823 722 867 Celere
747 825 839 867 1111
868 824 966 866 idus
997 823 1172 867 Octobr.
1204 825 1443 880 imperante
1463 825 1730 882 Vespasiano
1751 825 1800 868 X
1815 827 1926 867 8038

198 896 226 935 t.
254 892 522 935 Corsicanus.
579 891 780 935 Consules
808 906 877 935 eos
905 893 1038 946 fuisse
1067 907 1106 937 a.
1130 895 1184 934 78
1211 892 1275 935 vel
1305 896 1357 935 79
1377 893 1557 936 Hubner
1589 894 1646 936 ad
1671 894 1733 936 II
1746 894 1792 937 S.
1812 897 1925 936 5264

181 961 294 1003 ‘inde
328 962 498 1011 statuit,
540 961 652 1015 quod
680 976 718 1004 a.
751 964 806 1003 77
843 960 965 1004 Celer
1005 961 1167 1016 leqatus
1198 961 1471 1003 Lusitaniam
1507 963 1629 1006 remit.
1691 962 1779 1005 Sed
1814 962 1924 1012 inde,

120 1014 134 1025 ⁸
197 1029 308 1084 quod
336 1030 430 1083 quis
457 1029 532 1071 illo
564 1044 675 1072 anno
697 1031 967 1084 provinciam
987 1030 1257 1083 praetoriam
1287 1030 1622 1080 administravit,
1662 1044 1925 1084 nequaquam

199 1098 442 1140 concludere
470 1098 565 1140 licet
585 1098 831 1153 praesidem
862 1098 988 1141 talem
1017 1113 1102 1141 non
1122 1099 1314 1152 potuisse
1337 1102 1464 1141 antea
1486 1099 1705 1142 consulatu
1734 1100 1926 1153 functum

198 1180 283 1209 esse
311 1167 365 1221 cf.
389 1166 638 1217 Mommsen,
672 1166 939 1210 Staatsrecht
968 1167 1050 1209 11³
1073 1181 1121 1221 p.
1142 1169 1241 1217 250,
1262 1171 1302 1209 1.
1354 1167 1489 1209 Immo
1518 1167 1576 1209 ad
1595 1168 1767 1221 priores
1793 1180 1927 1210 annos

196 1236 368 1289 imperii
395 1235 647 1290 Vespasiani
675 1238 703 1279 t.
733 1234 990 1278 Corsicanus
1018 1235 1110 1278 ideo
1136 1235 1242 1277 mihi
1260 1236 1505 1290 referendus
1523 1236 1701 1288 videtur,
1732 1236 1844 1290 quod
1865 1237 1929 1278 ibi

197 1303 407 1347 beneficia
451 1303 614 1346 tributa
651 1304 888 1346 Vanacinis
929 1319 955 1346 a.
994 1304 1262 1359 Vespasiano
1303 1304 1631 1359 confirmantur,
1674 1304 1832 1361 quibus
1872 1304 1926 1346 ab

198 1388 236 1416 a.
270 1372 351 1415 727
383 1373 427 1413 in
458 1378 654 1429 tempora
683 1371 851 1415 Galbae
882 1372 948 1414 usi
981 1379 1116 1416 erant.

113 1442 197 1484 935
227 1440 287 1482 Μ.
318 1439 586 1495 Ar[ru]ntius
615 1439 828 1496 Aqu[il]a,
875 1447 1132 1497 procurator
1160 1440 1445 1498 Pamphyliae
1475 1457 1511 1485 a.
1544 1443 1599 1484 50
1629 1442 1720 1484 III
1743 1441 1789 1485 S.
1819 1444 1930 1484 6737

198 1509 246 1551 in
272 1508 462 1551 miliario
493 1507 786 1563 Pamphyliae.

113 1577 198 1620 936
227 1584 273 1620 L.
303 1583 589 1619 ARRVNTIVS
632 1583 884 1620 CAMILLVS
925 1584 1290 1620 SORIBONIANVS
1329 1578 1414 1621 sive
1453 1584 1633 1621 FVRIVS
1676 1584 1927 1621 CAMILLVS

201 1651 591 1697 SCRIBONIANVS,
632 1645 782 1688 consul
823 1661 862 1688 a.
892 1647 947 1689 32
978 1662 1020 1703 p.
1054 1646 1102 1691 C.
1143 1661 1241 1689 cum
1278 1646 1357 1689 Cn.
1398 1646 1590 1689 Domitio
1621 1646 1928 1690 Ahenobarbo.

199 1714 299 1769 Ipse
319 1715 469 1769 posuit
497 1715 543 1757 in
565 1714 772 1769 leqatione
802 1715 969 1770 cippum
992 1715 1255 1758 terminalem
1273 1715 1567 1758 Dalmaticum
1586 1716 1676 1759 III
1690 1716 1736 1759 S.
1760 1719 1868 1759 9864
1889 1730 1928 1759 a.

198 1783 255 1825 In
274 1782 517 1825 consulatu:
548 1782 756 1825 Camillus
775 1782 1042 1839 Arrun[tius]
1065 1784 1174 1838 fasti
1189 1783 1430 1834 Arvalium,
1460 1783 1670 1827 Camillus
1690 1785 1929 1827 Arruntius

198 1851 247 1893 X
271 1854 378 1902 899,
415 1850 584 1895 Camill.
616 1851 852 1894 Arruntius
882 1852 931 1894 X
956 1855 1067 1895 4847
1096 1853 1188 1908 (ubi
1222 1867 1372 1895 nomen
1402 1853 1583 1908 colleqae
1614 1854 1811 1895 omissum
1840 1852 1928 1907 est),

167 1970 179 1973 q
201 1919 322 1964 Cam.
352 1919 454 1965 Arr.
485 1920 519 1962 I
543 1923 622 1963 769
649 1921 695 1962 in
708 1916 897 1971 ⁴tessera,
941 1920 1148 1964 Camillus
1179 1921 1492 1964 Scribonianus
1529 1922 1627 1966 Tac.
1650 1936 1690 1964 a.
1713 1925 1750 1973 6,
1772 1926 1810 1972 1,
1842 1921 1931 1964 Dio

199 1990 266 2038 58,
287 1992 342 2031 17
350 2001 364 2040 ,·
403 1988 610 2031 Camillus
640 1988 877 2031 Arruntius
908 1989 1081 2033 Sueton.
1122 1990 1228 2034 Otho
1258 1994 1315 2043 2;
1351 1991 1526 2033 nomina
1568 1991 1722 2033 omissa
1760 1994 1858 2033 sunt
1887 1991 1931 2032 in

200 2057 329 2110 fastis
361 2056 548 2099 Nolanis
575 2057 624 2099 X
649 2060 772 2108 1233,
810 2071 936 2100 erasa
963 2059 1010 2100 in
1042 2062 1068 2102 t.
1100 2059 1393 2102 Interamnate
1422 2059 1502 2102 XI
1524 2062 1657 2110 4170;
1696 2058 1932 2101 Arruntius

206 2124 543 2179 Chronoyraph„
575 2124 739 2179 Hydat.

290 2193 342 2235 L.
363 2192 600 2236 Arruntius
624 2192 865 2249 Camilss]us
886 2194 1260 2250 Scrib[o]nia[n]us
1291 2196 1379 2247 tit.;
1407 2196 1566 2238 Furius
1590 2194 1796 2238 Camillus
1819 2194 1930 2237 Scri-

204 2260 418 2304 bonianus
450 2261 620 2304 Sueton.
659 2261 816 2305 Claud.
847 2266 901 2305 13
943 2261 1058 2315 (inde
1095 2263 1214 2306 Oros.
1248 2267 1285 2314 7,
1317 2260 1356 2314 6,
1389 2264 1444 2318 6),
1485 2263 1575 2306 Dio
1605 2267 1670 2314 60,
1702 2267 1755 2306 15
1765 2277 1778 2315 ;
1818 2263 1932 2306 Scri-

203 2329 416 2372 bonianus
447 2329 656 2373 Camillus
687 2330 836 2385 (Vict.)
865 2331 1064 2385 Epitome
1091 2335 1131 2382 4,
1155 2336 1205 2383 4;
1235 2330 1443 2374 Camillus
1470 2332 1568 2374 Tac.
1596 2347 1635 2376 a.
1663 2335 1733 2382 12,
1755 2334 1814 2375 52
1844 2332 1935 2386 (ubi

202 2398 466 2452 praecedunt
505 2399 680 2440 nomina
719 2398 805 2453 filii
831 2399 956 2441 Furii
988 2399 1294 2454 Scriboniani),
1337 2400 1509 2444 Sueton.
1548 2400 1708 2443 Claud.
1739 2403 1791 2443 35
1802 2413 1816 2452 ,·
1845 2399 1932 2442 Dio

201 2468 266 2516 55,
298 2469 380 2519 23,·
410 2465 720 2509 Scribonianus
756 2467 854 2509 Tae.
886 2467 927 2509 h.
958 2471 996 2518 1,
1017 2470 1096 2519 89,·
1124 2471 1168 2519 2,
1192 2470 1255 2518 75,
1288 2468 1411 2510 Plin.
1443 2469 1561 2523 epist.
1591 2471 1630 2518 3,
1652 2472 1718 2519 16,
1743 2472 1779 2520 7,
1811 2468 1930 2512 Oros.

207 2538 243 2584 7,
265 2537 305 2585 8,
328 2538 370 2578 2.
415 2534 599 2589 Duplice
628 2549 719 2577 eum
745 2537 911 2578 nomine
928 2536 1144 2590 qentilicio
1167 2550 1293 2579 usum
1310 2550 1395 2579 esse
1416 2551 1509 2579 cum
1538 2541 1577 2579 et
1606 2551 1657 2580 ex
1686 2538 1934 2580 testimoniis

206 2602 403 2646 Suetonii
429 2602 666 2657 Dionisque
701 2607 739 2646 et
779 2619 830 2647 ea·
867 2605 1034 2647 nomine
1066 2604 1152 2660 tilii
1183 2606 1274 2647 veri
1305 2605 1442 2648 simile
1474 2605 1690 2656 videatur,
1732 2606 1934 2660 quomodo

203 2671 498 2725 eoeplieandum
530 2671 586 2713 sit
611 2686 773 2726 parum
809 2672 948 2726 liquet.
1007 2673 1124 2715 Nam
1152 2674 1238 2716 sive
1267 2673 1404 2729 filium
1432 2674 1675 2716 naturalem
1706 2674 1772 2718 M.
1801 2674 1936 2716 Furii

208 2739 384 2782 Camilli
412 2741 595 2783 consulis
626 2742 654 2781 8
674 2755 724 2794 p.
752 2739 799 2783 C.
830 2740 1078 2795 adoptatum
1107 2756 1135 2783 a
1164 2742 1215 2784 L.
1246 2741 1458 2784 Arruntio
1493 2742 1660 2785 consule
1690 2757 1730 2785 a.
1762 2746 1789 2784 6
1809 2757 1856 2797 p.
1887 2742 1933 2784 C.

203 2808 414 2862 ponimus,
445 2809 530 2851 sive
558 2808 684 2851 huius
713 2808 849 2863 filium
878 2809 1119 2852 naturalem·
1147 2811 1372 2865 sumpsisse
1401 2811 1575 2853 nomina
1603 2810 1738 2853 Furii
1762 2810 1938 2853 Camilli

206 2877 253 2918 in
290 2876 488 2919 honorem
529 2877 747 2919 cuiusdam
783 2892 834 2920 ex
874 2878 1110 2920 maioribus
1146 2880 1371 2930 maternis,
1423 2881 1469 2922 in
1513 2883 1693 2934 utraque
1741 2880 1935 2934 opinione

205 2945 417 2987 nominum
448 2946 562 2987 ratio
593 2960 755 3000 parum
796 2947 984 2988 convenit
1022 2947 1121 2989 usui
1149 2948 1303 2990 aetatis
1338 2948 1605 2991 Tiberianae.
1674 2949 1936 3002 Quamquam

206 3017 330 3055 notus
358 3017 419 3056 est
448 3014 499 3056 P.
522 3014 740 3069 Sulpicius
765 3015 985 3068 Quirinius
1015 3016 1159 3058 consul
1188 3031 1226 3058 α.
1250 3019 1335 3060 742
1354 3037 1410 3052 =
1429 3020 1501 3060 12.
1524 3031 1564 3059 a.
1593 3016 1640 3061 C.
1706 3016 1860 3059 Restat
1889 3019 1937 3057 ut

209 3081 539 3125 Scribonianum
576 3086 680 3138 post
729 3083 994 3138 adoptionem
1041 3098 1191 3126 nomen
1233 3084 1367 3127 Furii
1412 3100 1459 3127 re
1508 3099 1609 3128 vera
1654 3086 1854 3128 abiecisse
1898 3088 1937 3126 et

209 3149 457 3192 Suetonium
478 3165 529 3193 ac
553 3150 737 3194 Dionem
761 3152 900 3193 minus
931 3155 1128 3194 accurate
1157 3167 1203 3195 eo
1233 3166 1331 3195 usos
1360 3167 1446 3196 esse
1475 3157 1725 3204 statuamuS,
1754 3153 1802 3195 id
1829 3152 1939 3207 quod

209 3217 497 3261 commendare
527 3219 692 3261 videtur
723 3219 880 3261 titulus.
947 3219 1065 3272 Quae
1104 3221 1313 3262 sententia
1345 3222 1528 3264 maxime
1562 3222 1684 3264 nobis
1715 3221 1934 3274 arrideret,

207 3286 295 3327 nisi
322 3285 455 3328 Furii
481 3301 632 3330 nomen
663 3289 707 3330 in
736 3288 828 3342 filio
857 3291 1104 3331 recurreret.
1179 3289 1331 3342 Itaque
1359 3303 1428 3332 res
1449 3304 1536 3344 pro
1566 3293 1676 3332 certo
1708 3290 1940 3332 diiudicari

206 3355 351 3406 nequit
378 3368 508 3408 neque
526 3357 676 3411 maqis,
708 3371 759 3398 ex
785 3370 871 3410 qua
890 3356 1118 3410 parentela
1149 3357 1428 3400 Scriboniani
1452 3372 1675 3413 coqnomen
1695 3348 1936 3400 deduxerit.

192 3425 474 3463 Prosopographin
500 3427 583 3463 Imp.
602 3428 693 3458 Rom.
730 3429 759 3458 I.
1622 3427 1663 3461 10
