2202 3730
244 308 448 344 COTTIVS
1097 301 1180 342 476
1892 309 2046 345 COTYS

246 451 355 492 1264
384 458 431 491 A.
454 455 670 502 COTTIVS,
702 447 934 504 proconsul
966 448 1206 504 Hispaniae
1226 448 1331 503 (scil.
1352 448 1598 503 ulterioris),
1629 451 1809 492 maritus
1832 450 2046 505 Pacullae,

328 523 450 572 pater
460 516 513 558 A.
528 516 642 558 Cotti
660 523 702 558 et
713 515 881 558 Cottiae
893 515 1057 571 Gallae,
1071 531 1183 572 quae
1194 517 1337 572 posuit
1353 517 1604 572 parentibus
1620 523 1663 560 et
1677 517 1801 560 fratri
1815 521 1842 561 t.
1856 518 1927 561 VI
1927 522 2048 562 1396.

248 586 353 627 1265
384 593 429 627 Α.
449 591 664 639 COTTIVS‚
687 584 740 626 A.
758 583 874 626 Cotti
893 591 934 626 et
948 584 1152 627 Pacullae
1167 583 1293 639 filius,
1313 584 1481 628 Cottiae
1498 584 1651 628 Gallae
1666 585 1811 641 frater,
1832 593 2048 643 quaestor,

301 653 450 695 aedilis
480 652 617 709 plebis
649 652 717 695 VI
737 655 857 694 1396.

276 746 333 750 -
362 721 421 763 M.
453 716 591 763 Iulius
622 720 803 765 Cottius.

274 813 332 817 -
362 787 720 843 (VESTRICIVSP)
750 794 971 830 OOTTIVS.

248 857 356 898 1266
388 862 588 910 COTTIA,
630 871 742 897 uxor
782 857 984 898 Vestricii
1027 856 1293 912 Spurinnae3
1334 857 1390 899 ad
1429 859 1634 911 coniuges
1675 857 1842 900 Plinius
1878 857 2052 914 scripsit

330 925 447 981 epist.
468 928 507 974 3,
529 928 607 975 10;
637 928 895 966 memoratur
928 931 1055 966 ‘uxor
1085 924 1315 979 singularis
1347 924 1550 981 exempli'
1579 925 1665 970 ibd.
1686 928 1726 976 3,
1747 928 1785 980 1,
1806 928 1846 968 5.

247 993 354 1035 1267
388 998 566 1034 COTTIA
596 999 773 1047 GALLA,
805 992 859 1036 A.
883 992 997 1035 Cotti
1030 999 1072 1034 et
1101 992 1304 1035 Pacullae
1333 993 1434 1048 filia,
1461 993 1692 1035 Memmiae
1713 992 1866 1038 Gallae
1896 994 2050 1050 neptis,

331 1060 386 1103 A.
419 1060 533 1103 Cotti
564 1076 685 1103 soror
716 1061 783 1104 VI
804 1064 925 1104 1396.
1084 1098 1086 1100 .

248 1130 355 1171 1268
387 1128 534 1185 Cotys,
556 1145 635 1172 rex
655 1130 880 1172 Thraciae.
912 1130 1010 1184 Ipse
1024 1130 1172 1183 posuit
1191 1130 1237 1172 in
1258 1130 1411 1184 oppido
1432 1130 1644 1173 Thraciae
1656 1130 1788 1186 Bizye
1799 1132 2054 1185 parentibus

332 1199 358 1238 t.
378 1211 527 1251 yraece
549 1198 752 1251 scriptum
771 1197 993 1252 Ranyabe',
1020 1195 1262 1251 Antiquites
1282 1197 1553 1252 Helle'niqucs
1568 1198 1630 1241 II
1632 1213 1681 1253 p.
1696 1201 1776 1241 784
1794 1213 1836 1241 n.
1852 1202 1965 1242 1236
1979 1199 2053 1254 (1).

329 1264 523 1307 Eundem
559 1267 789 1308 memorari
825 1266 872 1307 in
911 1269 939 1308 t.
969 1265 1114 1307 Attico
1146 1264 1250 1308 GIA
1285 1266 1374 1308 III
1394 1267 1479 1309 552
1507 1285 1562 1300 =
1592 1267 1755 1321 Loewy,
1795 1266 2055 1320 Inschriften

328 1333 609 1386 yriechischer
647 1333 886 1376 Bildkauer
917 1349 965 1388 p.
994 1337 1083 1377 226
1111 1347 1152 1376 n.
1183 1336 1262 1376 315
1275 1348 1325 1375 a:
1366 1334 1529 1391 βασιλέα
1561 1333 1862 1391 Ῥαισκοῦποριν
1901 1333 2053 1382 Κότυος

332 1402 472 1457 ἀρετῆς
510 1403 643 1445 ἕνεκεν
683 1407 752 1458 τῆς
792 1403 847 1449 εἰς
887 1403 1041 1445 ἑαυτόν.
1103 1400 1350 1459 Ἀντίγνωτος
1389 1403 1605 1460 ἐποίησε[ν]
1638 1404 1791 1445 statuit
1816 1403 2053 1446 Mommsen

331 1469 506 1523 Epheni.
540 1485 600 1524 ep.
629 1473 662 1514 2
682 1485 730 1525 p.
751 1474 836 1514 253
867 1471 965 1513 adn.
998 1474 1046 1521 6,·
1087 1474 1133 1512 at
1165 1474 1274 1513 recte
1303 1470 1602 1526 Dittenberyer
1633 1472 1783 1515 obiecit
1812 1471 1871 1514 ad
1896 1485 1939 1514 n.
1968 1473 2055 1514 552

331 1537 441 1579 hunc
481 1539 648 1581 titulum
687 1540 885 1593 separari
921 1553 1005 1581 non
1036 1552 1161 1593 posse
1198 1540 1250 1581 ab
1283 1539 1418 1581 altero
1445 1542 1537 1589 553,
1577 1540 1654 1582 ubi
1680 1539 1791 1582 idern
1817 1540 2054 1582 statuarius

332 1610 610 1649 memoratur:
640 1606 687 1651 ‘O
711 1609 834 1664 δῆμος
865 1608 1029 1665 βασιλέα
1049 1606 1202 1650 Κοῦτυν
1235 1608 1415 1664 βασιλέος
1446 1606 1791 1664 Ῥαισκουπόριδος
1818 1610 1886 1652 ὑὸν
1914 1610 2055 1665 ἀρετῆς

333 1676 465 1718 ἕνεκεν
495 1678 559 1719 καὶ
590 1677 743 1723 εὐνοίας
772 1681 842 1732 τῆς
871 1677 925 1723 εἰς
955 1676 1108 1719 ἑαυτόν.
1155 1674 1400 1732 Ἀντίγνωτος
1425 1678 1621 1734 ἐποίησεν.
1661 1676 1731 1719 Ab
1754 1677 1893 1719 altera
1916 1679 2055 1719 autem

331 1747 460 1797 parte
481 1744 662 1786 eiusdem
683 1744 840 1799 lapidis
855 1745 912 1799 (n.
928 1744 1022 1798 553)
1042 1745 1225 1798 scriptus
1245 1748 1306 1786 est
1324 1745 1472 1787 titulus
1492 1745 1745 1787 honorarius
1760 1744 1911 1787 Paulli
1921 1744 2058 1787 Fabii

336 1812 527 1854 Maximi
560 1813 741 1855 consulis
771 1827 811 1854 a.
837 1816 891 1855 11
921 1827 959 1854 a.
989 1812 1050 1863 C„
1081 1813 1144 1854 ita
1173 1816 1220 1855 ut
1247 1813 1346 1855 illos
1374 1826 1491 1867 reyes
1519 1812 1595 1855 hoc
1616 1813 1817 1867 pluribus
1848 1813 2057 1856 decenniis

335 1881 594 1934 antiquiores
610 1895 694 1923 esse
703 1881 1002 1935 Dittenberyer
1015 1884 1125 1923 recte
1139 1881 1347 1923 iudicasse
1357 1881 1563 1923 videatur.
1585 1882 1736 1935 Itaque
1753 1882 1881 1924 etiam
1894 1882 2057 1924 nummi

342 1949 388 1989 in
417 1949 596 1991 adversa
625 1950 822 2004 inscripti
852 1951 1032 2007 βασιλεὺς
1062 1948 1202 2002 Κότυς,
1228 1950 1275 1991 in
1305 1963 1455 1992 aversa
1491 1949 1685 2006 βασιλέως
1711 1949 2056 2007 Ῥαισκουπόριδος

332 2016 494 2059 Eckhel
527 2018 588 2059 II
612 2032 660 2072 p.
689 2021 756 2068 59,
798 2018 1015 2072 cataloyus
1051 2019 1184 2060 musei
1216 2017 1467 2060 Britannici
1500 2018 1690 2060 Thracia
1723 2033 1768 2072 p.
1795 2022 1893 2069 209,
1924 2018 2057 2060 musei

333 2084 622 2128 Berolinensis
650 2087 684 2128 I
707 2101 756 2140 p.
785 2089 864 2129 335
905 2086 964 2128 ad
999 2086 1110 2128 idem
1148 2085 1256 2127 illud
1290 2100 1382 2139 par
1418 2100 1562 2140 reyum
1602 2087 1756 2128 aetatis
1795 2086 1954 2130 liberae
1990 2087 2057 2128 rei

330 2153 530 2206 publicae
559 2154 664 2196 mihi
691 2154 904 2208 referendi
931 2155 1137 2197 videntur.
1180 2154 1296 2196 Nam
1325 2168 1431 2207 quae
1451 2153 1507 2197 A.
1529 2167 1608 2196 von
1629 2154 1768 2197 Sallet
1797 2154 1846 2197 de
1876 2155 1931 2197 iis
1949 2156 2052 2208 pro-

331 2222 479 2275 posuit
498 2225 578 2264 cat.
599 2224 733 2265 musei
750 2222 894 2265 Berol.
919 2223 952 2265 I
964 2238 1012 2277 p.
1034 2226 1126 2273 334,
1157 2222 1410 2276 refelluntur
1439 2222 1561 2265 titulo
1584 2222 1729 2265 Attico
1760 2222 1905 2274 altero,
1935 2237 2055 2277 quem

333 2289 405 2332 ille
435 2293 474 2332 et
503 2292 591 2344 ipse
619 2291 813 2345 neqlexit.

418 2358 556 2401 Filius
584 2359 767 2402 Sadalae
799 2366 841 2401 et
869 2359 1209 2402 Polemocratiae
1242 2362 1270 2401 t.
1293 2362 1332 2411 1,
1361 2359 1472 2401 unde
1502 2362 1682 2413 apparet
1700 2358 1883 2402 Dionem
1909 2362 1977 2410 47,
1998 2362 2057 2403 25

337 2440 510 2481 errasse,
553 2441 644 2469 cum
684 2428 883 2470 scriberet
916 2428 976 2470 M.
1009 2428 1193 2469 Brutum
1233 2442 1346 2469 anno
1379 2427 1461 2469 712
1491 2447 1547 2462 =
1576 2429 1631 2470 42
1669 2442 1706 2470 a.
1737 2427 1785 2471 O.
1824 2442 2055 2483 occupasse

336 2508 514 2549 regnum
546 2495 741 2550 Sadalae,
773 2497 889 2543 ἅπαις
918 2496 991 2553 γὰρ
1022 2500 1218 2539 τελευτῶν
1248 2499 1328 2542 τοῖς
1358 2494 1574 2552 Ῥωμαίοις
1603 2497 1724 2557 αὐτὴν
1757 2495 1864 2550 (scil.
1896 2497 2054 2552 χώραν)

335 2564 532 2607 κατέλιπε.
573 2565 748 2607 Rectius
768 2566 884 2620 apud
901 2566 1152 2620 Appianum
1183 2565 1274 2609 bell.
1297 2566 1372 2607 civ.
1393 2568 1433 2615 4,
1458 2567 1509 2607 75
1539 2564 1726 2607 traditur
1755 2564 2055 2620 Πολεμοκρατία

334 2636 431 2689 γυνή
461 2650 564 2680 τινος
592 2639 670 2676 τῶν
703 2636 937 2692 βασιλίσκων
970 2635 1074 2690 (scil.
1105 2633 1311 2688 Sadalae)
1352 2634 1626 2690 ἀναιρεθέντος
1664 2626 1767 2690 αὐτῇ
1805 2636 1874 2675 τοῦ
1913 2634 2054 2688 ἀνδρὸς

336 2699 400 2742 ὑπ’
424 2703 582 2758 ἐχθρῶν
606 2704 770 2745 δείσασα
790 2706 877 2760 περὶ
898 2707 958 2760 τῷ
976 2705 1082 2745 παιδὶ
1104 2702 1158 2745 ἔτι
1179 2704 1323 2760 παιδίῳ
1349 2704 1444 2758 ἧκεν
1471 2703 1588 2745 αὐτὸν
1613 2702 1790 2758 φέρουσα
1819 2703 1883 2744 καὶ
1909 2702 2056 2757 ἐνεχεί-

335 2784 440 2825 ρισεν
471 2768 649 2828 Βρούτῳ,
682 2772 897 2828 ἐνεχείρισε
935 2773 980 2814 δὲ
1009 2773 1072 2814 καὶ
1103 2772 1192 2817 τοὺς
1221 2774 1289 2813 τοῦ
1320 2772 1461 2827 ἀνδρὸς
1489 2770 1727 2827 θησαυρούς.
1765 2771 1785 2812 ὃ
1813 2770 1857 2812 δὲ
1882 2771 1949 2812 τὸν
1981 2771 2052 2826 μὲν

335 2839 456 2879 παῖδα
486 2837 716 2896 Κυζικηνοῖς
744 2841 975 2896 ἀνατρέφειν
1007 2840 1218 2896 παρέδωκε
1246 2842 1331 2881 κτλ.

429 2905 554 2960 Cotys
593 2907 661 2949 liic
701 2908 867 2961 quando
906 2922 1080 2963 reynum
1111 2910 1343 2962 paternum
1381 2906 1690 2961 recuperaverit
1725 2920 1812 2948 non
1854 2905 2053 2956 traditur,

336 2987 602 3028 recuperasse
623 2977 787 3018 omnino
809 2980 989 3030 apparet
1010 2991 1060 3019 ex
1079 2977 1144 3018 tit.
1164 2980 1202 3019 1.
1233 2974 1413 3018 Obierat
1432 2990 1470 3017 a.
1487 2975 1568 3017 738
1585 2994 1641 3009 =
1659 2975 1723 3028 16,
1742 2988 1827 3029 quo
1849 2973 2056 3016 Rhoeme-

338 3041 470 3083 talces
513 3050 691 3099 patruus
737 3051 778 3086 et
822 3051 938 3087 tutor
981 3044 1215 3086 liberorum
1256 3043 1406 3100 Cotyis
1445 3048 1707 3085 memoratur
1746 3041 1834 3084 Dio
1863 3044 1939 3092 54,
1971 3045 2055 3094 20,-

339 3110 629 3167 Rhescuporis
660 3112 773 3154 filius
805 3114 895 3155 eius
925 3113 981 3157 id.
1012 3116 1077 3163 54,
1107 3116 1173 3155 34.

256 3179 364 3220 1269
396 3178 550 3234 Cotys,
592 3195 670 3222 rex
700 3180 923 3223 Thraciae.
990 3181 1145 3224 Tituli:
1182 3183 1439 3222 memoratur
1466 3180 1513 3221 in
1552 3179 1728 3221 decretis
1754 3177 1969 3232 Cyzicenis
2007 3179 2054 3221 in

336 3247 532 3289 honorem
551 3247 765 3290 Antoniae
800 3249 1044 3303 Tryphenae
1073 3249 1205 3303 factis
1232 3247 1592 3290 Monatsberichte
1622 3247 1696 3289 der
1718 3245 1917 3289 Berliner
1935 3246 2054 3288 Aka-

340 3315 469 3357 demie
488 3318 596 3358 1874
607 3331 655 3370 p.
672 3319 727 3358 17
746 3317 817 3371 (1),
839 3316 1091 3359 Athenisclie
1113 3316 1439 3370 Mittheilunyen
1456 3315 1581 3358 XVI
1594 3314 1735 3370 (1891)
1748 3329 1795 3369 p.
1810 3317 1890 3356 141
1905 3313 1981 3370 (2).
1997 3338 2054 3344 -

338 3383 406 3426 De
433 3385 614 3426 nummis
645 3385 684 3426 ci
710 3384 822 3438 falso
854 3386 1022 3427 tributis
1053 3385 1108 3439 cf.
1137 3398 1180 3427 n.
1210 3387 1335 3428 1268.
