2202 3730
105 316 358 353 ANTONIVS
970 310 1052 353 103
1660 313 1913 350 ANTONIVS

195 446 271 489 ubi
311 447 403 489 eius
443 446 657 489 maiorum
697 461 870 503 quoque
909 445 1108 503 sepulcra
1147 452 1270 489 erant
1312 446 1369 489 iol.
1400 446 1433 501 §⁴
1468 448 1538 490 26.
1570 448 1641 489 27.
1685 469 1736 476 ——
1775 444 1914 488 Filius

192 514 259 569 (P.
292 514 519 568 Claudius)
549 513 723 556 Attalus
753 514 811 556 id.
832 517 871 564 3,
894 517 965 559 25.
990 518 1033 558 2.

276 582 627 626 Declamationes
658 583 751 624 eius
781 582 906 624 affert
934 582 992 624 id.
1013 586 1052 633 1,
1074 585 1143 633 25,
1165 585 1338 634 24-25,·
1368 582 1417 625 de
1446 582 1616 637 scriptis
1635 596 1741 636 quae
1771 584 1917 624 extant

193 651 248 705 cf.
277 650 436 702 Christ,
458 650 703 694 Geschichte
725 650 764 692 d.
782 650 1068 704 yriechischen
1086 651 1327 693 Isitteratur
1347 650 1409 693 ed.
1430 651 1492 693 II
1505 665 1553 705 Ρ.
1576 653 1668 693 606.
1699 649 1916 692 Iudicium

190 720 242 763 L.
264 720 371 763 Veri
401 719 456 761 de
477 718 722 761 Polemonis
754 717 998 775 eloquentia
1027 718 1158 761 Verus
1188 719 1247 761 ad
1271 718 1533 762 Frontonem
1554 734 1604 774 Ρ.
1624 721 1682 762 29
1703 718 1761 762 Ν.
1803 718 1916 761 Cum

192 787 460 842 Quintiliano
501 788 773 843 componitur
807 787 1054 841 Hieronym.
1085 791 1297 830 comment.
1329 788 1377 830 in
1405 787 1551 832 Galat.
1584 787 1610 830 l.
1642 787 1724 830 III
1745 787 1917 841 praef.;

191 856 463 912 Phrynichus
492 871 540 910 Ρ.
569 859 654 899 421
683 856 849 898 Lobeck
887 869 1142 909 quamquam
1180 870 1273 898 eum
1303 859 1484 910 propter
1523 856 1672 898 vitium
1706 855 1916 909 quoddam

192 925 399 968 orationis
418 925 641 978 vituperat,
665 924 786 966 addit
815 924 913 966 ὅπου
945 941 991 980 γε
1023 926 1071 981 δὴ
1101 926 1166 967 καὶ
1194 925 1242 967 τὰ
1273 924 1375 981 ἄκρα
1399 930 1477 967 τῶν
1504 923 1708 982 Ἑλλήνων
1730 925 1916 966 πταίοντα

191 996 340 1051 ὁρᾶται.
370 1017 427 1022 -
459 992 728 1035 Memoratur
748 992 916 1046 passim
945 991 1061 1046 apud
1087 992 1412 1034 Philostratum.

105 1063 189 1106 686
218 1062 434 1105 Antonius
455 1060 630 1103 Polemo
663 1061 710 1103 in
737 1060 918 1102 nummis
942 1060 1090 1103 Mileti
1114 1061 1191 1103 sub
1219 1060 1445 1103 Valeriano
1476 1062 1585 1103 cusis
1615 1060 1914 1115 Waddinyton,

190 1130 334 1173 Revue
361 1129 686 1182 numismatique
714 1131 823 1171 1866
842 1143 891 1183 Ρ.
912 1132 1006 1171 441.

105 1199 188 1243 687
219 1198 280 1242 Μ.
310 1197 526 1240 Antonius
555 1196 746 1241 Polemo.
790 1197 969 1239 Nummi
995 1196 1237 1240 Olbensium
1266 1196 1565 1251 Waddinqton,
1596 1196 1739 1238 Revue
1758 1197 1916 1239 numis-

190 1267 376 1322 matique
404 1269 512 1309 1866
534 1280 582 1320 Ρ.
603 1268 688 1308 429
709 1279 791 1319 seq.
821 1265 1021 1319 inscripti
1048 1265 1102 1307 ab
1132 1279 1221 1307 una
1241 1268 1371 1319 parte
1398 1264 1453 1308 M.
1488 1263 1696 1307 Ἀντωνίου
1727 1265 1917 1322 Πολέμω-

191 1353 256 1383 νος
285 1335 514 1393 ἀρχιερέως,
548 1334 602 1376 ab
634 1333 773 1376 altera
803 1335 992 1376 δυνάστου
1016 1332 1207 1391 Ὀλβιέων
1228 1338 1297 1390 τῆς
1317 1336 1426 1390 ἱερῆς
1446 1334 1657 1376 Κεννατῶν
1677 1335 1742 1376 καὶ
1762 1334 1917 1377 Λαλασ-

191 1406 293 1448 σέων
316 1403 464 1458 ἔ(τους)
487 1401 511 1446 ι’
531 1401 596 1445 vel
615 1400 682 1445 ια’.
728 1402 840 1455 Quos
867 1415 1059 1444 nummos
1088 1415 1182 1444 eum
1214 1401 1501 1456 Waddinyton
1522 1401 1580 1443 ad
1598 1401 1866 1444 Polemonem
1885 1402 1920 1444 I

190 1486 327 1528 reyem
356 1471 498 1521 Ponti,
531 1471 601 1513 cui
623 1469 839 1512 Antonius
858 1473 1032 1524 partem
1059 1469 1236 1513 Ciliciae
1265 1469 1436 1512 dederat
1454 1469 1645 1524 Appian.
1670 1470 1707 1511 b.
1733 1483 1766 1512 e.
1788 1472 1827 1520 5,
1851 1473 1915 1520 75,

191 1541 304 1596 falso
342 1539 590 1590 rettulisset,
631 1538 690 1581 ad
728 1538 952 1593 dynastam
981 1537 1189 1592 quendam
1217 1537 1341 1581 Olbes
1371 1538 1587 1592 pertinere
1618 1538 1919 1580 demonstravit

191 1609 429 1653 Mommsen
453 1607 630 1662 Ephem.
653 1621 716 1661 ep.
736 1610 762 1649 1
783 1622 831 1661 Ρ.
854 1609 952 1651 275.
994 1606 1094 1649 Veri
1121 1606 1258 1648 simile
1289 1609 1350 1648 est
1370 1613 1471 1649 ‘eum
1500 1607 1631 1659 fuisse
1661 1620 1711 1648 ex
1730 1606 1918 1660 posteris

190 1677 430 1721 Polemonis
458 1676 532 1726 II,
574 1676 647 1730 qui
682 1674 820 1718 Ponto
855 1674 1154 1717 Polemoniaco
1193 1675 1239 1717 in
1268 1675 1539 1729 provinciam
1577 1674 1748 1717 redacto
1787 1673 1917 1727 (anno

189 1748 279 1802 fere
308 1745 376 1801 63)
407 1745 734 1788 dominationem
762 1743 980 1788 Olbensem
1007 1743 1186 1786 retinuit
1212 1743 1265 1797 cf.
1297 1742 1475 1798 Ephem.
1498 1757 1559 1798 ep.
1581 1746 1612 1786 2
1626 1757 1674 1797 Ρ.
1694 1746 1792 1787 260.

105 1816 190 1859 688
220 1822 274 1858 Μ.
294 1819 547 1856 ANTONIVS
573 1818 772 1855 PRIMVS.
818 1812 960 1855 Plena
987 1812 1162 1854 nomina
1192 1811 1357 1854 exhibet
1384 1811 1613 1854 Martialis
1637 1815 1704 1862 10,
1725 1814 1796 1862 32,
1817 1814 1857 1854 3.
1877 1815 1916 1862 4,

192 1896 455 1939 praenomen
484 1881 540 1926 id.
562 1884 602 1932 9,
632 1884 699 1931 99,
726 1884 765 1925 1.
794 1883 845 1933 3,·
874 1884 940 1932 10,
973 1883 1037 1932 73,
1066 1883 1094 1923 8
1104 1894 1118 1932 ;
1147 1881 1193 1922 in
1218 1880 1406 1936 pueritia
1436 1894 1676 1935 cognomen
1707 1881 1746 1921 ei
1775 1880 1916 1922 Becco

181 1953 275 1998 fuit
299 1952 472 1996 Sueton.
503 1949 639 1994 Vitell.
668 1952 739 1992 18.

275 2020 458 2064 Tolosae
487 2025 614 2061 natus
635 2018 807 2075 Sueton.
834 2018 861 2060 l.
884 2017 925 2068 l„
958 2017 1160 2060 Martial.
1184 2021 1223 2068 9,
1248 2020 1313 2068 99,
1333 2020 1384 2069 3;
1414 2032 1451 2059 a.
1474 2017 1524 2059 61
1559 2015 1658 2059 falsi
1688 2016 1917 2059 damnatus

196 2090 296 2133 Tac.
328 2103 368 2131 a.
398 2092 464 2139 14,
495 2091 563 2138 40,
594 2087 634 2129 h.
664 2090 709 2137 2,
739 2089 805 2137 86,
836 2085 925 2128 Dio
955 2089 1020 2137 65,
1051 2089 1102 2138 9,·
1134 2085 1246 2129 bello
1277 2085 1397 2127 civili
1428 2086 1693 2127 senatorium
1724 2085 1917 2127 ordinem

191 2157 451 2215 reciperavit
481 2162 526 2198 et
554 2171 581 2198 a
609 2154 753 2199 Galba
779 2154 938 2209 legioni
967 2154 1057 2197 VII
1087 2153 1327 2198 Galbianae
1357 2154 1628 2210 praepositus
1660 2160 1724 2195 est
1749 2154 1848 2196 Tac.
1875 2153 1915 2196 h.

190 2231 234 2278 2,
255 2229 323 2277 86,
353 2225 443 2268 Dio
469 2224 495 2269 l.
521 2224 548 2266 l.
593 2223 852 2279 Vespasiani
880 2228 1025 2279 partes
1059 2229 1231 2264 secutus
1266 2223 1365 2266 Tac.
1386 2222 1426 2266 h.
1451 2225 1495 2272 2,
1516 2224 1595 2273 86,·
1623 2224 1663 2272 3,
1684 2225 1716 2265 2
1725 2236 1738 2274 ;
1767 2237 1835 2264 res
1862 2222 1917 2264 ab

192 2310 242 2337 eo
274 2300 425 2336 contra
453 2291 711 2335 Vitellianos
741 2306 780 2336 a.
811 2291 866 2334 69
895 2297 1042 2346 gestae
1077 2291 1175 2333 Tac.
1207 2290 1247 2333 h.
1271 2293 1311 2342 3,
1332 2294 1375 2334 2.
1398 2293 1435 2332 6.
1460 2293 1495 2332 7.
1518 2293 1650 2333 9-32.
1671 2293 1737 2332 34.
1758 2293 1823 2333 49.
1844 2294 1916 2334 52.

189 2366 256 2407 53.
275 2365 341 2406 59.
364 2365 430 2404 60.
451 2364 515 2405 63.
538 2363 698 2410 78-82,
721 2359 810 2402 Dio
829 2361 894 2409 65,
917 2362 1045 2402 9—15.
1066 2362 1226 2408 17-20,
1249 2358 1415 2412 Ioseph.
1434 2358 1527 2402 bell.
1542 2362 1581 2409 4,
1604 2361 1642 2402 9.
1664 2363 1728 2403 11.
1779 2359 1917 2401 Roma

191 2437 319 2489 capta
347 2430 513 2485 (mense
540 2428 776 2471 Decembri
806 2443 845 2470 a.
866 2427 940 2482 69)
970 2441 1138 2469 summa
1166 2427 1385 2484 potentiae
1414 2441 1546 2483 penes
1579 2441 1676 2468 eum
1707 2426 1790 2469 fuit
1816 2428 1914 2470 Tac.

191 2500 232 2546 h.
260 2503 300 2551 4,
326 2502 370 2550 2,
401 2497 645 2540 consularia
674 2497 861 2552 insignia
887 2497 925 2538 ei
955 2495 1129 2538 decreta
1157 2495 1244 2538 ibd.
1277 2499 1316 2545 4,
1346 2498 1397 2546 4,·
1434 2496 1626 2551 potentia
1650 2491 1682 2536 'a
1710 2494 1914 2538 Muciano

190 2568 328 2610 fracta
354 2566 439 2609 ibd.
469 2569 509 2617 4,
537 2569 591 2608 11
601 2579 615 2617 ;
656 2566 759 2622 quia
797 2563 1021 2621 propalam
1060 2564 1244 2620 opprimi
1274 2563 1503 2619 nequibat,
1541 2564 1664 2605 vanis
1695 2564 1915 2619 promissis

191 2635 246 2679 ab
276 2650 325 2677 eo
357 2633 502 2676 elusus
531 2632 617 2677 ibd.
636 2637 675 2682 4,
696 2635 765 2675 39.
807 2631 916 2674 Inde
937 2631 992 2674 ad
1012 2632 1329 2688 Vespasianum
1359 2646 1404 2673 se
1434 2630 1626 2686 contulit,
1659 2646 1684 2673 a
1714 2646 1799 2688 quo
1828 2646 1915 2674 non

190 2718 269 2762 pro
300 2718 376 2760 spe
406 2708 614 2758 exceptus
645 2707 709 2743 est
738 2700 823 2743 ibd.
846 2704 884 2751 4,
906 2703 974 2743 80.
1065 2753 1069 2756 ,

276 2771 404 2814 Anno
434 2774 488 2814 94
526 2769 740 2813 Martialis
779 2769 835 2811 ad
875 2783 973 2811 eum
1013 2769 1280 2825 epigramma
1309 2769 1482 2825 scripsit
1509 2771 1549 2819 9,
1583 2771 1661 2820 99,·
1700 2783 1739 2811 a.
1770 2771 1825 2812 95
1852 2768 1917 2811 vel

190 2842 310 2884 intra
349 2855 389 2882 a.
419 2841 545 2882 95198
583 2838 694 2891 (cum
730 2838 967 2881 nesciamus
1006 2838 1201 2879 carmina
1239 2837 1298 2879 ad
1325 2838 1518 2892 priorem
1558 2851 1614 2879 an
1650 2836 1708 2878 acl
1736 2836 1916 2879 alteram

192 2910 412 2953 editionem
442 2908 543 2950 libri
563 2907 713 2950 decimi
727 2907 974 2962 pertineant
994 2906 1048 2960 cf.
1070 2905 1358 2948 Friedlander
1378 2905 1439 2948 ed.
1465 2905 1664 2949 Martial.
1678 2919 1727 2959 Ρ.
1745 2909 1797 2948 64
1811 2906 1915 2961 sqq.)

191 2979 499 3034 epiqrammata
533 2979 600 3026 10,
633 2979 703 3019 23.
733 2979 804 3019 32.
836 2978 901 3018 73.
955 2975 1065 3017 ‘Iam
1103 2980 1303 3016 numerat
1340 2973 1509 3030 placido
1549 2973 1658 3015 felix
1697 2973 1915 3015 Antonius

187 3060 296 3089 aevo
333 3045 585 3102 quindecies
624 3051 741 3086 actas
782 3045 954 3086 Primus
996 3042 1293 3099 Olympiadas'
1327 3042 1386 3084 id.
1417 3046 1484 3093 10,
1515 3045 1585 3092 23,
1616 3045 1720 3096 1-2,
1758 3042 1917 3084 scilicet

192 3116 308 3158 circa
337 3129 377 3157 a.
397 3116 450 3157 95
479 3113 653 3156 Primus
681 3113 1032 3168 septuagesimum
1061 3112 1250 3165 quintum
1278 3111 1369 3165 fere
1398 3124 1556 3153 annum
1586 3111 1670 3165 eyit
1687 3110 1740 3164 cf.
1763 3109 1914 3151 Fried-

192 3183 343 3226 lander
373 3182 430 3224 ad
457 3181 657 3224 Martial.
687 3185 728 3232 4,
757 3184 823 3231 45,
854 3183 893 3222 3.
933 3205 991 3241 7—
1029 3180 1261 3234 Ingenium
1299 3194 1351 3221 ac
1390 3193 1531 3221 mores
1568 3179 1666 3222 Tac.
1698 3178 1737 3222 h.
1768 3181 1811 3229 2,
1846 3180 1912 3228 86,

190 3252 437 3295 nominatur
465 3251 551 3293 ibd.
581 3254 621 3302 3,
642 3252 707 3293 54.
731 3253 796 3292 64.
818 3252 871 3291 66
880 3262 893 3300 ,·
920 3252 959 3304 4,
980 3251 1051 3299 24,
1072 3251 1139 3292 31.
1160 3250 1242 3299 32,·
1269 3250 1308 3299 5,
1329 3251 1396 3298 19,
1417 3250 1489 3291 26.

107 3320 191 3363 689
219 3326 272 3362 Μ.
312 3318 602 3375 ANTONIV[S]
643 3316 898 3374 [PR1M?]VS
939 3323 1030 3359 PR.
1051 3322 1188 3370 ..VS‚
1231 3331 1343 3358 unus
1382 3330 1438 3357 ex
1476 3316 1622 3371 pueris
1667 3321 1913 3357 senatorum

191 3387 303 3444 filiis,
335 3387 411 3443 qui
442 3386 679 3430 Arvalibus
709 3387 1010 3428 ministrarunt
1038 3400 1077 3429 a.
1111 3385 1192 3427 118
1223 3384 1292 3427 VI
1313 3387 1429 3428 2078
1460 3387 1557 3426 acta
1586 3383 1826 3426 Arvalium.
