2216 3762
333 297 515 333 AELIVS
1209 294 1260 335 16
1950 302 2133 339 AELIVS

337 430 419 472 134
447 434 629 471 AELIVS
662 435 868 471 GALLVS.
917 428 1156 484 Pomponio
1188 428 1386 472 Secundo
1417 429 1716 473 obiectabatur
1744 429 1859 473 Aelii
1888 431 2004 475 Galli
2033 434 2134 475 ami-

417 499 528 552 citia,
560 498 634 554 qui
654 498 804 554 punito
828 496 983 539 Seiano
1013 498 1058 538 in
1090 496 1234 539 hortos
1261 498 1488 554 Pomponii
1518 499 1640 555 quasi
1670 498 1925 542 fidissimum
1951 500 2006 542 ad
2036 499 2135 543 sub-

415 566 575 608 sidium
617 565 879 622 perfugisset
913 565 1011 608 Tac.
1045 579 1083 607 a.
1110 568 1148 616 5,
1180 568 1219 608 8.
1268 565 1397 608 Rcctc
1426 566 1523 610 iride
1553 566 1717 609 collatis
1746 567 1831 611 ibd.
1852 571 1891 619 4,
1921 571 1949 610 3
1979 571 2019 611 ct
2045 570 2084 619 5,
2108 572 2134 612 9

416 635 580 688 collegit
613 633 825 688 Boryhesi
864 633 1039 677 Gallum
1080 634 1231 678 Seiani
1273 635 1410 690 filium
1447 638 1554 678 natu
1590 635 1822 678 maximum
1861 636 2004 690 fuisse,
2035 639 2138 691 post

414 717 553 746 necem
582 703 728 757 patris
758 706 798 745 et
824 703 962 757 ipsum
991 703 1295 758 interemptum.
1344 704 1472 745 Iussu
1501 702 1666 746 Tiberii
1693 703 1877 746 Lentulo
1909 704 2134 748 Gaetulico

410 786 544 826 gener
573 771 812 813 destinatus
842 771 986 814 fuerat
1015 771 1101 813 ibd.
1133 774 1171 822 6,
1201 774 1280 823 30;
1307 787 1333 813 a
1362 771 1538 814 Tiberio
1569 772 1808 814 sacerdotio
1841 778 2017 815 ornatus
2046 771 2135 815 Dio

409 842 475 890 58,
499 843 527 882 7
555 839 746 895 (utroque
774 838 862 881 loco
892 839 1130 881 nominibus
1159 839 1352 895 omissis).

330 910 410 952 135
442 907 563 963 O.(?)
595 906 744 949 Aelius
776 905 940 949 GalluS.
991 906 1257 950 Praenomcn
1285 906 1450 950 exhibet
1479 910 1507 949 t.
1537 906 1642 950 OIA
1666 907 1755 950 III
1774 909 1866 962 577,
1899 908 1939 950 si
1971 907 2136 962 quidem

412 977 470 1019 ad
496 976 606 1018 himo
635 974 881 1029 referendus
910 975 975 1017 sit.
1032 975 1102 1017 Ex
1138 976 1324 1031 equestri
1356 975 1505 1017 ordine
1536 975 1654 1018 Ptin.
1683 989 1726 1017 n.
1757 975 1797 1018 h.
1829 978 1867 1026 6,
1889 979 1982 1028 160,
2013 990 2135 1032 prae·

412 1046 548 1087 fectus
571 1044 758 1100 Aegypti
781 1043 939 1086 Strabo
960 1047 1002 1094 2,
1025 1046 1131 1096 118,·
1158 1047 1224 1095 17,
1246 1047 1329 1086 806
1358 1058 1470 1086 anno
1499 1044 1589 1098 fere
1610 1046 1696 1087 727
1714 1063 1770 1078 =
1791 1046 1853 1087 27
1868 1047 2136 1099 nwncupatass

413 1113 729 1170 expeditionem
771 1113 961 1168 suscepit
1000 1113 1044 1153 in
1074 1112 1283 1155 Arabiam
1323 1127 1435 1169 quae
1475 1112 1718 1169 appellatur
1754 1112 1992 1155 eudaemon
2023 1125 2135 1156 anno

415 1184 638 1226 729-730
666 1200 723 1216 =
754 1183 927 1224 25-24
953 1181 1110 1224 Strabo
1146 1184 1211 1232 16,
1236 1184 1480 1233 780-782,·
1517 1184 1583 1232 17,
1612 1183 1851 1231 819-820,
1883 1181 1998 1225 Ptin.
2033 1180 2061 1224 l.
2091 1179 2134 1231 l„

414 1250 502 1293 Dio
525 1253 591 1301 53,
612 1253 670 1293 29
694 1249 870 1302 (Zonar.
893 1253 958 1301 10,
979 1252 1067 1306 32),
1099 1250 1263 1305 Ioseph.
1286 1253 1372 1293 ant.
1395 1253 1459 1301 15,
1482 1253 1520 1301 9,
1541 1253 1580 1301 3,
1609 1249 1761 1293 Galeri.
1781 1249 1907 1292 XIV
1927 1251 2022 1292 189.
2050 1251 2137 1293 203

413 1320 466 1373 cf.
497 1319 619 1361 More.
640 1318 801 1373 Ancyr.
822 1321 860 1370 5,
891 1321 957 1363 18.
979 1343 1037 1349 —
1058 1318 1236 1361 Amicus
1267 1318 1494 1362 Strabonis
1524 1322 1566 1369 2,
1594 1321 1698 1370 118,·
1726 1321 1792 1369 17,
1825 1320 1920 1362 806.
1969 1317 2137 1359 Filium

410 1388 462 1430 L.
495 1387 590 1430 Seii
618 1386 846 1430 Strabonis
883 1386 1105 1442 adoptasse
1134 1387 1310 1438 videtur,
1352 1388 1424 1442 qui
1454 1390 1555 1442 post
1594 1386 1857 1442 adoptionem
1894 1387 1946 1429 L.
1983 1385 2134 1428 Aelius

414 1456 596 1499 Seianus
636 1455 771 1498 dictus
801 1459 872 1498 cst.
905 1481 957 1485 —
988 1456 1305 1499 Medicamenta
1342 1457 1432 1499 eius
1470 1455 1620 1500 Galeri.
1647 1455 1755 1498 XII
1777 1457 1872 1499 625.
1904 1456 1996 1497 738.
2029 1455 2136 1506 784,-

410 1525 545 1567 XIII
566 1526 639 1568 28.
669 1526 740 1567 29.
763 1527 830 1566 77.
861 1526 955 1566 138.
980 1528 1082 1568 202.
1106 1527 1200 1567 310.
1231 1528 1329 1568 472.
1359 1527 1453 1568 550.
1482 1527 1574 1567 556.
1605 1526 1699 1568 838.
1729 1523 1867 1575 885.9,·
1895 1521 2021 1566 XIV
2039 1524 2134 1564 114.

411 1596 503 1637 158.
535 1595 628 1635 159.
659 1595 752 1634 161.
783 1595 877 1635 170.
906 1595 1000 1635 189.
1031 1596 1129 1637 203.
1163 1596 1254 1635 730.

329 1662 409 1704 136
439 1668 480 1705 Ρ.
511 1667 694 1703 AELIVS
727 1660 1042 1716 GEMEL[1.]vs,
1071 1662 1141 1702 vir
1172 1660 1432 1702 clarissimus
1462 1660 1550 1703 ΙΙΙ
1567 1663 1677 1703 1006
1705 1658 1947 1715 Apulensis.

332 1730 411 1773 137
445 1729 653 1771 *AELIVS
677 1734 977 1783 GORDIANVS,
1011 1729 1221 1773 Gordiani
1243 1730 1513 1785 imperatoris
1543 1728 1656 1771 filius
1688 1728 1726 1783 (?
1739 1726 2009 1784 imperatoris
2039 1727 2134 1782 ipsa

413 1812 481 1839 res
501 1798 585 1839 viri
608 1801 802 1852 corrupte
825 1797 936 1848 libri,
961 1797 1234 1854 imperatoris
1254 1812 1409 1854 parens
1431 1797 1698 1852 Mommsen),
1721 1797 1791 1838 vir
1819 1795 1999 1838 scientia
2027 1794 2132 1836 iuris

413 1866 607 1921 insignis,
640 1865 724 1909 fuit
744 1867 790 1908 in
812 1865 989 1909 consilio
1009 1865 1252 1909 Alexandri
1279 1867 1548 1923 imperatoris
1568 1866 1640 1908 vit.
1657 1865 1782 1908 Alex.
1803 1867 1868 1915 68,
1890 1867 1929 1908 1.
1968 1862 2133 1906 Auctor

411 1936 525 1978 vitae
555 1937 594 1977 ct
618 1935 707 1989 ipsc
732 1934 796 1977 vel
824 1934 870 1977 in
898 1934 1066 1977 wominc
1093 1933 1157 1978 vel
1185 1935 1231 1977 in
1263 1935 1427 1977 homine
1457 1948 1640 1977 errorem
1671 1933 1855 1976 admisit.

330 2004 410 2046 138
441 2009 623 2045 AELIVS
657 2009 898 2059 GRACILIS,
931 2003 1098 2058 legatus
1126 2003 1329 2058 Belgicae
1359 2018 1397 2049 a.
1419 2004 1473 2046 58
1510 2003 1608 2046 Tac.
1633 2016 1672 2046 a.
1693 2004 1758 2052 13,
1779 2003 1845 2044 53.

339 2096 397 2103 -
442 2070 491 2114 C.
523 2072 755 2128 Pompeius
785 2070 1018 2114 Homullus
1046 2071 1198 2115 Aelius
1230 2071 1416 2116 Gracilis
1447 2071 1679 2115 Cassianus
1709 2070 1945 2124 Longinus

331 2141 412 2184 139
443 2139 592 2182 Aelius
608 2139 873 2191 Hadrianus,
891 2146 1071 2195 patruus
1086 2154 1268 2195 magnus
1285 2140 1499 2182 Hadriani
1516 2139 1784 2196 imperatoris
1799 2138 1871 2179 vit.
1883 2135 2024 2179 Haobr.
2035 2121 2074 2187 1,
2085 2138 2130 2180 2.

330 2210 410 2252 140
440 2215 482 2251 Ρ.
522 2215 704 2250 AELIVS
744 2215 1037 2250 HADRIANVS
1078 2228 1134 2243 =
1170 2215 1271 2252 IMP.
1313 2214 1508 2251 CAESAR
1547 2213 1799 2249 TRAIANVS
1837 2209 2130 2247 HADRIANVS

411 2283 525 2321 AVG.
598 2277 763 2319 Titulus
803 2278 842 2319 ei
872 2277 1044 2332 publice
1073 2277 1242 2332 positus
1283 2291 1322 2321 a.
1352 2280 1437 2320 112
1476 2277 1529 2319 ab
1569 2274 1895 2318 Atheniensibus
1937 2271 2134 2315 archonti

414 2347 502 2389 III
523 2348 616 2388 550.
677 2347 726 2388 P.
758 2345 801 2397 f.‚
833 2345 950 2387 tribu
981 2346 1133 2400 Sergia
1165 2348 1192 2390 t.
1222 2345 1335 2387 filius
1372 2344 1536 2387 scilicet
1563 2345 1613 2387 P.
1644 2342 1758 2386 Aelii
1787 2341 2002 2385 Hadriani
2029 2339 2129 2384 Afri

412 2414 651 2456 Italicensis
678 2420 720 2456 et
749 2414 967 2456 Domitiae
997 2413 1205 2456 Paulinae
1236 2414 1478 2457 Gaditanae
1508 2414 1578 2458 vit.
1601 2411 1741 2456 Hadr.
1762 2414 1802 2462 1,
1820 2414 1864 2455 2.
1908 2410 2045 2452 Natus
2066 2414 2130 2451 est

413 2483 454 2525 d.
486 2483 540 2525 24
569 2498 624 2526 m.
657 2483 748 2525 Ian.
779 2497 816 2526 a.
841 2483 893 2525 75
925 2483 995 2524 vit.
1016 2486 1054 2533 1,
1076 2486 1104 2524 3
1133 2482 1308 2525 Italicae
1329 2482 1518 2537 Appiam.
1541 2482 1660 2524 Iber.
1686 2482 1754 2531 38,
1783 2478 1891 2522 Gell.
1911 2481 1978 2530 16,
1998 2480 2067 2529 13,
2086 2480 2127 2527 4,

412 2551 592 2605 Eutrop.
618 2553 659 2601 8,
691 2553 729 2601 6,
759 2553 785 2592 1
815 2550 912 2593 inde
942 2551 1186 2606 Hieronym.
1210 2551 1351 2593 chron.
1379 2553 1492 2594 2133
1521 2549 1645 2605 (male
1670 2550 1833 2591 Romae
1860 2547 1933 2589 vit.
1954 2549 1992 2598 1,
2012 2548 2052 2597 3,
2083 2547 2132 2588 at

412 2620 467 2673 cf.
497 2623 540 2670 2,
562 2622 610 2670 1,·
640 2622 706 2670 19,
728 2621 783 2675 1).
825 2618 1004 2661 Decimo
1035 2620 1186 2661 aetatis
1216 2633 1329 2661 anno
1349 2625 1472 2675 patre
1493 2618 1667 2661 orbatus
1690 2616 1865 2673 leium
1893 2614 2130 2657 Traianum

412 2688 676 2744 praetorium
702 2693 805 2729 tunc
835 2687 1139 2730 consobrinum
1160 2702 1284 2729 suum
1306 2688 1377 2742 (cf.
1399 2687 1445 2729 in
1457 2689 1601 2742 patre)
1624 2692 1666 2728 et
1685 2684 1880 2728 Caelium
1901 2682 2129 2726 Attianum

413 2757 601 2812 equitem
629 2756 870 2798 Romanum
901 2762 1062 2798 tutores
1090 2755 1240 2798 habuit
1260 2756 1332 2798 vit.
1353 2759 1392 2807 1,
1413 2759 1453 2798 4.
1486 2755 1662 2805 Romae,
1693 2757 1740 2796 ut
1767 2752 1944 2802 videtur,
1975 2749 2129 2793 studiis

412 2825 653 2867 litterarum
683 2823 872 2866 imbutus
895 2825 1044 2881 quinto
1066 2824 1230 2867 decimo
1259 2838 1372 2866 anno
1403 2824 1459 2866 ad
1488 2823 1671 2880 patriam
1692 2821 1831 2876 rediit,
1854 2819 1970 2863 unde
1999 2817 2128 2876 paulo

412 2900 510 2950 post
529 2909 556 2935 a
575 2893 763 2935 Traiano
784 2893 996 2935 abductus
1016 2893 1070 2935 ad
1092 2908 1181 2935 rem
1205 2892 1424 2949 publicam
1445 2892 1626 2935 accessit
1643 2891 1715 2935 vit.
1731 2894 1770 2942 1,
1790 2893 1816 2933 5
1835 2902 1917 2944 seq.
1947 2888 2129 2932 Decem-

413 2963 482 3003 vir
512 2959 702 3004 stlitibus
741 2960 984 3004 iudicandis
1015 2965 1042 3004 t.
1073 2962 1145 3004 vit.
1176 2965 1218 3013 2,
1250 2965 1288 3012 1,
1330 2962 1445 3003 sevir
1481 2966 1650 3003 turmae
1679 2974 1744 3016 eq.
1775 2959 1848 3013 R„
1884 2955 2128 3013 praefectus

412 3030 616 3072 feriarum
647 3029 902 3072 Latinarum
933 3033 960 3074 t.
993 3030 1109 3072 circa
1139 3045 1178 3072 a.
1209 3033 1349 3074 92s93.
1406 3028 1514 3072 Inde
1553 3028 1751 3071 tribunus
1788 3026 1872 3082 leg.
1909 3026 1954 3068 II
1991 3023 2128 3067 Adiu-

413 3099 530 3140 tricis
560 3113 600 3153 p.
633 3097 661 3141 f.
692 3098 764 3139 vit.
785 3100 823 3148 1,
845 3101 876 3141 2
897 3101 948 3149 t.‚·
978 3104 1075 3154 post
1104 3097 1186 3140 hoc
1216 3099 1259 3139 in
1291 3097 1538 3139 inferiorem
1558 3097 1766 3139 Moesiam
1795 3092 2026 3137 translatus
2055 3106 2127 3134 ex-

413 3166 557 3208 tremis
589 3165 673 3207 iam
702 3165 940 3207 Domitiani
970 3165 1234 3222 temporibus
1261 3167 1317 3222 (a.
1340 3165 1479 3222 95l96)
1508 3165 1580 3207 vit.
1612 3168 1655 3215 2,
1685 3167 1713 3206 3
1743 3162 1943 3206 tribunus
1970 3159 2055 3215 leg.
2087 3158 2127 3202 V

412 3233 717 3275 Macedonicae
738 3236 765 3277 t.
814 3234 1001 3276 Traiano
1023 3250 1049 3276 a
1065 3235 1212 3277 Nerva
1241 3234 1442 3290 adoptato
1464 3233 1533 3289 (m.
1553 3232 1727 3276 Octobri
1745 3245 1784 3274 a.
1807 3229 1876 3285 97)
1897 3229 1952 3272 ad
1979 3235 2125 3284 gratu·

413 3302 614 3344 lationem
645 3302 860 3344 exercitus
888 3302 943 3344 ad
964 3302 1199 3345 Traianum
1226 3302 1432 3357 (legatum
1462 3308 1564 3344 tunc
1585 3300 1844 3344 Germaniae
1874 3297 2125 3354 superioris)

416 3371 460 3412 in
482 3369 760 3413 Germaniam
780 3371 1046 3427 superiorem
1076 3371 1307 3414 translatus
1336 3377 1399 3414 est
1427 3371 1498 3412 vit.
1519 3373 1562 3421 2,
1584 3373 1610 3414 5
1639 3369 1786 3426 ibique
1815 3367 1897 3410 fuit
1926 3364 2124 3408 tribunus
