2202 3730
129 322 342 359 CLODIVS
988 320 1069 361 421
1717 322 1928 382 CLODIV-S

207 452 271 495 At
297 452 418 495 valde
446 453 603 504 dubito,
634 468 735 496 num
763 454 874 495 idem
902 454 1033 508 fuerit
1053 454 1134 504 hic,
1163 456 1280 497 cuius
1302 455 1458 509 lepores
1478 458 1518 497 et
1542 454 1653 496 sales
1683 453 1926 503 laudantur,

208 524 330 575 atque
365 521 504 563 malus
542 521 614 564 ille
652 522 794 565 rhetor
834 523 988 565 aetatis
1025 522 1222 577 Auqusti,
1264 524 1383 566 cuius
1418 523 1741 566 declamationes
1779 522 1932 564 irrisui

203 589 379 643 publico
409 593 542 633 erant.

122 667 205 710 935
236 674 446 711 CLODIVS
479 676 804 724 SATVRNINVS,
837 669 1004 725 legatus
1036 669 1335 726 Cappadociae
1355 671 1444 713 III
1463 671 1510 714 S.
1532 673 1675 714 12213
1705 673 1733 715 έ.
1753 669 1929 712 mutilus

206 737 389 779 miliarii
418 737 476 779 ad
505 738 655 792 Tyana
683 739 852 792 reperti.

122 817 205 859 936
235 823 298 859 TI.
330 823 539 859 CLODIVS
568 824 894 872 SATVRNINVS,
927 818 1187 860 clarissimus
1217 819 1288 860 vir
1306 818 1356 860 X
1371 821 1493 869 8059,
1515 823 1600 863 120
1620 820 1666 862 in
1694 818 1926 874 siynaculo.

121 894 203 937 937
236 901 283 936 Ι).
317 902 527 938 CLODIVS
561 903 824 939 SEPTIMIVS
855 903 1071 939 ALBINVS
1103 903 1299 939 CAESAR
1322 918 1375 932 Ξ
1396 905 1497 940 ΙΜΡ.
1521 904 1717 940 CAESAR
1742 904 1789 940 D.
1813 904 1926 940 CLO—

207 969 321 1004 DIVS
342 970 604 1007 SEPTIMIVS
625 971 840 1006 ALBINVS
861 971 1133 1007 AVGVSTVS.
1170 965 1303 1008 Tituli
1314 980 1400 1020 pro
1420 965 1556 1008 salute
1578 965 1723 1009 Severi
1741 966 1929 1021 Auyusti

207 1033 247 1072 et
260 1030 416 1074 Albini
431 1032 631 1075 Caesaris
641 1034 796 1088 positi:
816 1033 897 1075 XI
901 1033 976 1076 V6
999 1033 1215 1084 Ostiensis,
1236 1034 1313 1076 ubi
1329 1035 1503 1076 nomina
1513 1037 1691 1088 praeter
1712 1034 1924 1091 Septi[mi]

207 1112 332 1141 erasa
360 1104 479 1150 sunt,
522 1100 644 1143 VIII
665 1104 771 1144 1549
801 1101 982 1155 Africae
1001 1101 1327 1156 proconsularis
1351 1102 1536 1152 mutilus,
1567 1103 1644 1145 ubi
1665 1116 1926 1156 praenomen

202 1168 360 1221 periit,·
394 1168 517 1210 VIII
539 1169 584 1211 S.
608 1172 749 1212 17726
781 1169 1034 1220 Numidiae,
1064 1170 1142 1211 ubi
1168 1170 1342 1212 nomina
1371 1183 1497 1212 erasa
1525 1174 1624 1212 sunt
1651 1171 1738 1221 ita,
1766 1174 1815 1212 ut
1845 1171 1926 1225 leyi

201 1236 383 1289 possint.
420 1236 561 1278 Plena
579 1238 753 1279 nomina
773 1237 967 1279 exhibent
986 1238 1148 1279 nummi
1172 1236 1370 1280 Caesaris
1391 1241 1431 1280 et
1448 1238 1636 1293 Auyusti
1653 1238 1815 1281 Echhel
1836 1239 1933 1281 VII

202 1317 251 1357 p.
271 1307 357 1346 162
375 1317 475 1358 sqq„
507 1303 647 1347 Gohen
665 1305 754 1347 III
760 1306 776 1330 2
798 1319 848 1359 p.
867 1308 949 1348 415
966 1319 1051 1359 sqq.
1102 1304 1281 1348 Clodius
1302 1305 1488 1348 Albinus
1507 1306 1572 1348 vel
1590 1305 1780 1349 Albinus
1811 1307 1928 1362 apud

205 1372 440 1426 scriptores.
498 1373 693 1427 Septimii
710 1371 870 1416 'nomen
897 1374 1072 1427 fuerunt
1099 1374 1172 1427 qui
1210 1375 1446 1417 conicerent
1472 1375 1679 1417 Albinum
1719 1376 1925 1430 accepisse

199 1453 283 1493 per
313 1440 579 1495 adoptionem
597 1442 650 1486 L.
671 1442 865 1496 Septimii
891 1441 1046 1492 Severi,
1079 1442 1129 1484 de
1156 1456 1242 1496 qua
1270 1446 1409 1485 tacent
1436 1444 1674 1498 scriptores.
1724 1443 1788 1485 At
1813 1447 1924 1486 recte

205 1507 439 1550 observavit
455 1509 616 1551 Echhel
634 1524 684 1564 p.
706 1513 786 1552 166
814 1509 862 1552 id
889 1511 1026 1564 ipsum
1054 1524 1206 1552 nomen
1234 1510 1319 1565 leyi
1347 1510 1484 1553 adhuc
1508 1513 1556 1554 in
1573 1512 1754 1554 nummis
1772 1512 1928 1555 Albini

202 1575 390 1631 Auyusti
423 1591 554 1631 neque
591 1579 682 1620 veri
717 1579 854 1621 simile
893 1592 978 1621 esse
1015 1578 1221 1621 Albinum
1261 1593 1307 1621 eo
1345 1582 1548 1633 tempore,
1589 1593 1668 1633 quo
1698 1579 1854 1622 hostem
1883 1593 1927 1622 se

204 1643 351 1687 Severi
383 1645 605 1699 professus
645 1649 727 1697 est,
773 1659 946 1688 usurum
986 1646 1119 1700 fuisse
1160 1647 1350 1697 nomine,
1396 1646 1507 1700 quod
1538 1661 1622 1701 per
1661 1647 1926 1702 adoptionem

205 1714 441 1767 accepisset.
1159 1726 1161 1728 ’

289 1793 392 1835 Fuit
421 1793 583 1836 familia
611 1793 745 1836 nobili
774 1795 865 1836 vita
894 1797 932 1845 1,
964 1797 1012 1844 3,
1053 1794 1287 1836 Herodian.
1318 1797 1362 1844 2,
1394 1796 1458 1845 15,
1491 1797 1539 1844 1,
1581 1795 1925 1837 Hadrumetinus

205 1867 348 1903 tamen
380 1876 436 1903 ex
465 1862 616 1904 Africa
644 1863 733 1904 vita
759 1866 798 1912 1,
828 1866 877 1918 33
906 1866 1027 1914 4,<1‚·
1057 1866 1126 1913 12,
1161 1865 1214 1914 8,·
1253 1863 1464 1917 originem
1500 1864 1635 1905 traxit
1664 1879 1690 1905 a
1720 1865 1926 1906 Romanis

205 1928 378 1972 familiis
408 1930 729 1973 Postumiorum
760 1938 802 1972 et
830 1930 1088 1974 Albinorum
1119 1937 1162 1973 et
1191 1931 1466 1974 Ceioniorum
1503 1932 1594 1973 vita
1622 1935 1661 1982 4,
1692 1936 1732 1974 1.
1789 1933 1926 1975 Natus

135 2019 147 2021 <
205 1996 297 2040 lare
339 1998 530 2054 modico,
579 2000 836 2056 patrimonio
880 2001 1078 2056 pertenui
1114 1999 1258 2053 (aliter
1292 2000 1529 2044 Herodian.
1562 2000 1588 2042 l.
1618 2000 1645 2043 l.
1685 2002 1727 2043 ἐν
1769 2003 1927 2060 πλούτῳ

203 2068 268 2109 καὶ
308 2073 439 2124 τρυφῇ
482 2069 527 2111 ἐκ
570 2067 752 2124 πατέρων
799 2069 1070 2125 ἀνατραφείς),
1116 2075 1239 2124 patre
1285 2067 1463 2110 Ceionio
1508 2069 1738 2124 Postumo,
1790 2077 1928 2111 matre

206 2134 388 2178 Aurelia
415 2136 650 2178 Messalina
677 2137 840 2192 primus
872 2138 960 2179 suis
990 2136 1245 2193 parentibus
1274 2136 1358 2179 fuit
1386 2138 1476 2178 vita
1503 2140 1542 2187 4,
1573 2140 1613 2182 3.
1671 2138 1810 2180 Natus
1838 2139 1927 2181 VII

207 2202 295 2246 kal.
316 2204 579 2247 Decembres
598 2205 687 2246 vita
705 2208 744 2255 4,
766 2208 792 2247 6
812 2206 858 2247 in
886 2205 1080 2259 epistula.
1141 2205 1193 2247 Vt
1219 2205 1323 2247 haec
1354 2205 1403 2247 de
1429 2206 1662 2260 oriyinibus
1690 2207 1754 2248 ita
1786 2208 1927 2249 omnia

204 2286 471 2326 quaecunque
492 2273 541 2315 de
559 2273 684 2315 rebus
703 2272 859 2315 Albini
874 2273 1053 2315 hominis
1069 2274 1236 2327 privati
1257 2274 1304 2315 in
1322 2274 1411 2315 vita
1441 2277 1711 2326 enarrantur,
1742 2275 1928 2317 sublesta

206 2344 304 2382 sunt
322 2341 417 2396 fide.
449 2341 632 2384 Omnem
652 2342 882 2397 pueritiam
904 2342 950 2382 in
970 2341 1121 2383 Africa
1140 2342 1350 2396 transegit
1370 2341 1564 2384 eruditus
1584 2341 1738 2385 litteris
1759 2346 1926 2398 graecis

208 2423 259 2450 ac
287 2409 433 2452 latinis
462 2409 736 2452 mediocriter
764 2410 854 2451 vita
882 2412 921 2460 5,
953 2413 991 2452 1.
1051 2409 1320 2452 Adulescens
1361 2411 1505 2452 statim
1546 2425 1591 2452 se
1632 2411 1687 2453 ad
1726 2411 1926 2455 militiam

209 2478 390 2520 contulit
418 2485 548 2535 atque
567 2478 799 2521 Antoninis
816 2480 902 2535 ‘per
921 2478 1107 2520 Lollium
1129 2478 1338 2521 Serenum
1361 2487 1403 2520 et
1422 2479 1633 2521 Baebium
1653 2480 1927 2523 Maecianum

210 2545 497 2606 etCeionium
520 2547 850 2589 Postumianum
872 2562 970 2589 suos
992 2547 1156 2589 adfines
1177 2548 1387 2601 innotuit3
1418 2549 1507 2602 egit
1535 2548 1735 2591 tribunus
1761 2551 1927 2605 equites

208 2614 445 2670 Dalmatas,
479 2616 568 2670 egit
596 2622 638 2657 et
667 2615 881 2670 legionem
911 2622 1219 2672 quartanorum
1252 2622 1294 2657 et
1323 2617 1618 2671 Primanorum
1645 2618 1736 2659 vita
1762 2620 1799 2672 6,
1822 2621 1924 2662 1-2.

213 2683 326 2727 Ordo
364 2698 583 2726 munerum
620 2684 873 2726 militarium
911 2687 951 2726 et
988 2683 1174 2725 civilium
1211 2697 1319 2737 quae
1353 2687 1582 2738 sequuntur
1608 2685 1656 2727 in
1683 2686 1773 2728 vita
1792 2686 1928 2740 plane

210 2753 409 2806 confusus
429 2752 521 2794 est:'
537 2759 793 2807 quaesturae
813 2753 954 2807 gratia
983 2753 1021 2793 ei
1051 2751 1165 2794 facta
1195 2758 1282 2806 est3
1310 2767 1397 2808 qua
1426 2767 1630 2795 concessa
1659 2753 1811 2796 aedilis
1840 2769 1927 2797 non

208 2820 392 2877 amplius
422 2835 552 2876 quam
581 2820 730 2862 decem
759 2820 911 2863 diebus
941 2819 1043 2875 fuit,
1087 2819 1203 2876 quod
1234 2820 1290 2862 ad
1321 2821 1559 2863 exercitum
1588 2821 1742 2864 festino
1772 2824 1927 2865 missus

211 2895 299 2943 est3
330 2895 578 2945 praeturam
609 2889 698 2943 egit
727 2888 808 2931 sub
830 2888 1065 2931 Commodo
1095 2887 1434 2943 famosissimam,
1463 2904 1565 2931 nam
1595 2890 1788 2932 eiusdem
1814 2891 1928 2934 ludis

213 2956 475 3000 Commodus
515 2963 559 2998 et
597 2958 643 2998 in
683 2957 776 2999 foro
816 2963 858 2999 et
894 2957 939 2998 in
978 2955 1145 2999 theatro
1185 2970 1352 3012 pugnas
1390 2957 1638 3000 exhibuisse
1676 2959 1929 3015 perhibetur

210 3026 299 3067 vita
320 3028 357 3075 6,
378 3028 490 3076 6-7;
518 3025 770 3082 Bithynicos
798 3026 1013 3067 exercitus
1042 3040 1091 3067 eo
1122 3031 1325 3081 tempore,
1358 3040 1443 3082 quo
1473 3025 1660 3068 Avidius
1690 3027 1929 3070 rebellabat

213 3093 271 3148 (a.
301 3093 412 3148 175),
442 3093 628 3136 fideliter
652 3095 792 3136 tenuit
820 3094 910 3135 vita
939 3097 977 3144 6,
1007 3096 1051 3144 2,
1084 3093 1243 3148 leyatus
1270 3094 1403 3148 iyitur
1420 3094 1656 3150 Bithyniae
1676 3100 1777 3150 post
1798 3111 1928 3151 prae-

214 3164 354 3203 turam
372 3164 420 3203 ut
437 3161 621 3213 videtur,¹
639 3161 750 3216 quod
767 3162 806 3204 si
823 3164 932 3204 recte
953 3161 1158 3203 traditum
1177 3164 1248 3212 est,
1261 3165 1475 3216 praetura
1493 3177 1655 3206 necesse
1675 3167 1736 3206 est
1758 3165 1929 3218 functus

213 3230 271 3273 sit
306 3230 383 3272 sub
415 3229 480 3273 M.
510 3229 749 3280 Antonino,
788 3244 873 3272 non
911 3230 987 3272 sub
1019 3228 1254 3272 Commodo.
1314 3230 1405 3274 Sub
1437 3230 1672 3274 Commodo
1713 3247 1799 3274 una
1829 3247 1928 3274 cum

211 3298 448 3340 Pescennio
473 3298 609 3353 Nigro
631 3297 816 3353 gloriose
836 3299 882 3340 in
900 3298 1040 3340 Dacia
1060 3299 1271 3354 pugnavit
1285 3298 1374 3341 Dio
1395 3303 1464 3350 72,
1484 3303 1526 3342 8.
1556 3299 1710 3343 Consul
1728 3299 1929 3352 suffectus

214 3379 327 3408 anno
355 3361 525 3417 incerto,
554 3370 602 3408 ut
631 3381 682 3409 ex
709 3367 890 3408 nummis
910 3369 949 3408 et
970 3366 1174 3421 leyatione
1191 3366 1452 3410 Britanniae
1472 3372 1674 3423 apparet;
1702 3370 1778 3411 sub
1806 3369 1930 3411 Gom-
