2202 3730
270 316 534 354 ARISTIDES
1136 309 1218 352 132
1806 306 2071 352 ARISTIDES

354 458 446 493 tum
466 449 601 492 Arist.
625 450 733 489 orat.
751 448 807 488 48
835 446 896 488 ΙΙ
909 459 957 499 Ρ.
978 448 1072 495 437,
1105 444 1380 496 Philostrat.,·
1410 445 1511 487 dein
1538 446 1719 488 Romam
1748 446 1835 488 ibd.
1863 417 1898 488 Ι
1910 461 1959 501 Ρ.
1981 449 2074 491 466.

353 522 446 562 481.
477 520 574 560 482.
605 518 696 557 511.
757 515 809 556 In
851 528 899 555 eo
937 513 1091 555 itinere
1131 514 1389 568 gravissimo
1431 514 1579 556 morbo
1621 521 1844 571 correptus
1885 529 1963 571 per
1992 521 2074 557 tre·
2148 573 2150 575 K

354 587 492 628 decim
536 597 691 638 annos,
739 587 889 638 postea
932 596 1010 637 per
1054 587 1259 637 quattuor
1303 587 1424 638 peste
1467 581 1684 624 laboravit
1726 582 1813 625 ibd.
1844 584 1878 625 I
1901 598 1949 638 Ρ.
1979 587 2074 628 470.

351 656 560 696 474-476.

437 720 507 763 Ab
548 721 806 775 imperatore
846 718 1024 773 eiusque
1054 716 1142 759 filio
1175 717 1349 773 (scilicet
1377 718 1459 760 Pio
1490 721 1530 760 et
1560 718 1732 775 Marco)
1762 720 2075 762 immunitatem

350 790 516 845 aceepit
545 788 682 830 Arist.
713 788 747 829 I
760 801 808 841 Ρ.
831 789 928 830 524.
989 785 1275 828 Prooonsules
1306 786 1438 828 Asiae
1467 786 1661 829 Iulianus
1690 787 1828 830 Arist.
1859 789 1893 830 I
1910 803 1960 843 Ρ.
1980 791 2073 839 534,

351 857 534 900 Glabrio
556 856 590 898 I
602 870 649 909 Ρ.
671 858 764 897 530.
790 857 882 905 531,
916 854 1104 897 Severus
1125 854 1159 895 I
1172 869 1221 908 Ρ.
1241 857 1336 897 505.
1358 856 1455 905 523,
1479 854 1729 907 Quadratus
1750 856 1785 898 I
1798 870 1845 910 Ρ.
1867 860 1960 899 116.
1980 859 2073 899 451.

348 929 447 969 521.
477 927 572 968 523.
603 926 683 966 531
713 922 948 964 honorifice
979 937 1077 964 eum
1108 928 1418 965 tractaverunt.
1484 923 1677 966 Litterae
1707 923 1893 979 (Avidii)
1924 924 2072 967 Helio-

349 994 442 1036 dori
481 992 687 1048 praefecti
718 991 909 1047 Aegypti
950 991 1006 1033 ad
1046 1006 1145 1032 eum
1185 991 1312 1034 datae
1342 992 1376 1033 I
1399 1006 1447 1045 Ρ.
1468 994 1566 1035 524.
1625 993 1869 1048 Imperator
1897 993 2072 1035 Marcus

349 1077 447 1104 cum
478 1060 712 1104 Commodo
752 1059 840 1102 filio
876 1060 934 1114 (a.
969 1060 1068 1114 176)
1111 1074 1209 1104 eum
1242 1059 1454 1115 Smyrnae
1493 1060 1662 1102 audivit
1690 1060 1940 1105 Philostrat.
1972 1060 1999 1103 l.
2031 1060 2072 1107 l.,
2125 1095 2128 1099 .

348 1130 516 1184 Prolcq.
539 1144 587 1183 Ρ.
612 1131 692 1171 738
721 1128 775 1182 cf.
807 1127 943 1170 Arist.
977 1131 1083 1171 orat.
1105 1131 1168 1171 22
1197 1128 1231 1170 Ι
1245 1142 1292 1182 Ρ.
1314 1131 1409 1170 439.
1439 1131 1535 1171 440.
1596 1128 1705 1170 Cum
1740 1129 1929 1185 Smyrna
1968 1129 2072 1172 urbs

347 1215 386 1242 a.
420 1199 499 1241 178
541 1208 680 1240 terrae
718 1203 836 1239 motu
874 1197 1068 1251 graviter
1107 1195 1308 1252 perculsa
1351 1203 1474 1251 esset,
1517 1196 1732 1239 Aristides
1777 1198 1972 1240 oratione
2016 1197 2073 1240 ad

347 1269 625 1323 imperatores
669 1266 801 1307 missa
845 1264 971 1317 (orat.
1015 1268 1069 1307 41
1108 1265 1142 1307 Ι
1164 1279 1212 1319 Ρ.
1246 1265 1344 1319 762)
1390 1265 1551 1320 effecit,
1602 1272 1651 1308 ut
1698 1266 1872 1308 Marcus
1917 1265 2071 1308 urbem

347 1334 673 1378 restaurandam
703 1339 899 1388 ouraret3
939 1333 1085 1375 multis
1122 1333 1223 1375 inde
1254 1333 1488 1376 honoribus
1518 1333 1733 1376 Aristides
1763 1349 1790 1375 a
1821 1333 2071 1390 Smyrnaeis

345 1405 526 1447 affectus
563 1410 628 1446 est
666 1402 917 1445 Philostrat.
951 1402 975 1443 l.
1010 1401 1036 1444 l.
1078 1402 1133 1455 cf.
1168 1401 1379 1444 Aristidis
1418 1404 1527 1444 orat.
1556 1405 1628 1446 20.
1659 1405 1717 1445 21
1747 1403 1781 1444 Ι
1803 1417 1851 1457 Ρ.
1881 1405 1966 1446 424
1985 1415 2071 1457 sqq.

346 1473 494 1516 Vitam
523 1486 659 1528 usque
690 1471 745 1513 ad
768 1470 991 1514 Commodi
1023 1483 1205 1525 regnum
1230 1469 1437 1526 produxit
1459 1470 1633 1514 Suidas.
1683 1470 1755 1513 Ad
1774 1470 2070 1526 Commodum,

346 1556 444 1583 oum
483 1540 599 1582 solus
639 1540 868 1595 imperium
910 1545 1097 1594 teneret,
1138 1539 1258 1581 misit
1296 1539 1536 1581 orationem
1572 1537 1650 1591 (22
1679 1539 1714 1581 Ι
1739 1554 1784 1594 Ρ.
1814 1538 1924 1594 439),
1961 1554 2073 1596 quae

347 1609 552 1664 inscripta
583 1614 646 1650 est
672 1607 1005 1664 Προςφωνητικὸς
1025 1607 1248 1663 Σμυρναῖος
1277 1606 1332 1648 de
1359 1608 1632 1650 restitutione
1661 1607 1794 1653 urbis.
1842 1605 2070 1652 Ἀποθανεῖν
2104 1663 2107 1669 Χ

344 1680 388 1721 δὲ
415 1679 483 1721 τὸν
516 1675 746 1734 Ἀριστείδην
780 1679 814 1719 οἱ
854 1677 925 1733 μὲν
958 1676 1056 1719 οἴκοι
1084 1678 1314 1733 γράφουσιν,
1355 1678 1390 1718 οἱ
1425 1677 1467 1718 δὲ
1498 1676 1540 1719 ἐν
1573 1675 1717 1733 Ἰωνίᾳ,
1760 1675 1825 1733 ἔτη
1859 1678 2070 1735 βιώσαντα,
2121 1715 2125 1720 .

346 1749 381 1788 οἱ
415 1748 485 1803 μὲν
517 1747 708 1802 ἑξήκοντά
739 1759 870 1802 φασιν,
903 1747 939 1787 οἱ
974 1747 1017 1787 δὲ
1048 1746 1176 1801 ἀγχοῦ
1204 1749 1282 1788 τῶν
1315 1746 1590 1802 ἑβδομήκοντα
1618 1744 1869 1788 Philostrat.
1900 1745 1927 1787 l.
1960 1745 1987 1788 l.

431 1815 715 1857 Praedicatur
741 1814 804 1855 vel
832 1817 1089 1855 memoratur
1117 1813 1369 1857 Philostrat.
1395 1814 1465 1854 vit.
1487 1813 1659 1867 sophist.
1680 1816 1723 1863 2,
1746 1816 1818 1864 23,
1839 1817 1882 1864 2,
1914 1814 2068 1857 Liban.

346 1885 443 1940 πρὸς
475 1881 704 1939 Ἀριστείδην
733 1884 830 1939 ὑπὲρ
860 1886 937 1925 τῶν
974 1883 1181 1938 ὀρχηστῶν
1223 1881 1285 1924 ed.
1315 1881 1469 1923 Reiske
1499 1882 1587 1923 III
1610 1896 1657 1936 Ρ.
1690 1885 1777 1924 347
1801 1895 1910 1935 sqq„
1951 1883 2070 1937 epist,

345 1954 441 1994 530.
471 1954 565 1994 546.
595 1954 690 1994 884.
721 1954 841 1993 1348.
872 1953 978 1993 1351
1010 1950 1071 1992 ed.
1104 1949 1232 2004 Wolf,
1263 1950 1437 2004 Eunap.
1466 1950 1538 1993 vit.
1578 1949 1751 2004 sophist.
1783 1964 1831 2004 Ρ.
1862 1952 1956 1994 488.
1992 1953 2072 1993 494

346 2019 407 2064 ed.
439 2020 500 2062 II
521 2019 799 2069 Boissonadc,
833 2018 979 2073 Synes.
1002 2018 1092 2060 Dio
1113 2033 1160 2072 Ρ.
1182 2021 1236 2060 40
1264 2017 1325 2060 ed.
1357 2017 1517 2069 Petav„
1550 2018 1668 2072 epist.
1699 2021 1780 2060 101
1809 2018 2070 2074 Epistoloyr.

343 2102 484 2142 qraee.
526 2087 588 2132 ed.
628 2087 820 2130 Hercker
840 2102 888 2141 Ρ.
910 2090 1004 2138 699,
1041 2086 1211 2130 Aeneas
1239 2101 1301 2141 ep.
1323 2089 1378 2129 18
1406 2086 1494 2128 ibd.
1517 2101 1565 2141 Ρ.
1586 2089 1658 2137 29,
1691 2086 1872 2141 Procop.
1899 2101 1961 2142 ep.
1991 2090 2071 2130 116

345 2156 430 2199 ibd.
452 2171 501 2211 Ρ.
521 2159 616 2207 578,
649 2156 775 2198 Phot.
800 2156 898 2198 bibl.
922 2155 1010 2198 cod.
1034 2158 1115 2198 158
1135 2170 1184 2210 Ρ.
1206 2159 1287 2198 101
1318 2154 1380 2197 ed.
1402 2155 1565 2197 Becker
1595 2155 1687 2210 (ubi
1711 2155 1914 2197 iudicium
1934 2155 2071 2211 Phry·
2142 2203 2145 2205 ,

344 2224 462 2266 nicki
487 2224 720 2279 repetitur),
752 2224 839 2267 cod.
870 2227 1077 2267 246-248
1098 2238 1146 2278 Ρ.
1167 2227 1249 2266 400
1279 2237 1377 2278 sqq„
1421 2223 1509 2266 cod.
1540 2226 1623 2266 265
1644 2238 1692 2278 Ρ.
1713 2227 1807 2268 491.
1836 2227 1947 2276 492,·
1986 2225 2072 2279 epi-

340 2297 584 2347 yrammata
613 2294 660 2335 in
687 2307 779 2335 eum
807 2293 970 2347 scripta
989 2292 1162 2336 Anthol.
1188 2292 1286 2334 Pal.
1317 2295 1382 2343 16,
1413 2295 1507 2334 315.
1536 2295 1633 2347 320,
1667 2291 1835 2346 Proleq.
1857 2307 1906 2347 Ρ.
1932 2295 2024 2334 741.

436 2361 766 2416 Chronoloqiam
806 2361 918 2402 vitae
957 2360 1166 2402 Aristidis
1197 2363 1300 2414 post
1335 2360 1604 2402 Massonium
1639 2358 1841 2412 (Aristid.
1871 2361 1932 2405 ed.
1964 2361 2069 2415 Iepp

345 2430 379 2471 I
392 2433 494 2483 post
515 2430 678 2484 praef.)
711 2430 955 2471 accuratius
995 2428 1209 2483 explicare
1238 2428 1488 2471 studuerunt
1524 2428 1811 2483 Waddinqton
1841 2429 2072 2472 Me'moires

347 2498 396 2539 (le
427 2498 633 2540 l'Institut
661 2498 832 2540 XXVI
855 2501 880 2539 1
912 2495 1053 2551 (1867)
1086 2512 1135 2551 Ρ.
1157 2500 1243 2540 203
1271 2510 1356 2551 sqq.
1394 2497 1448 2550 cf.
1479 2496 1634 2539 Fastes
1662 2510 1704 2541 n.
1725 2499 1820 2539 138.
1850 2501 1942 2541 140.
1972 2501 2069 2541 142.

344 2569 437 2608 143.
464 2570 544 2608 144
574 2570 613 2607 ct
642 2566 705 2610 W
728 2565 903 2609 Schmid
921 2565 1198 2607 Rheinisches
1221 2565 1420 2607 Museum
1438 2564 1524 2607 XL
1536 2565 1659 2608 VIII
1676 2565 1817 2621 (1893)
1840 2579 1888 2619 Ρ.
1911 2568 1964 2608 79
1983 2579 2069 2619 sqq.

347 2635 419 2689 (cf.
451 2638 490 2676 ct
520 2634 623 2676 Keil
652 2635 830 2677 Hermes
864 2634 1008 2676 XXV
1030 2633 1174 2688 (1890)
1200 2648 1250 2688 Ρ.
1280 2636 1392 2690 316).
1449 2633 1516 2675 Ac
1554 2633 1878 2688 Waddinytonii
1905 2634 2070 2687 quidem

345 2703 586 2757 disputatio,
609 2717 715 2756 quae
735 2703 780 2744 in
801 2717 913 2745 anno
926 2702 1230 2757 proconsulari
1246 2702 1415 2744 Iuliani
1434 2701 1542 2756 (vide
1562 2702 1683 2755 infra
1702 2702 1778 2744 sub
1798 2701 1862 2744 M.
1883 2701 2070 2744 Claudio

345 2770 534 2824 Iuliano)
557 2771 789 2825 definiendo
810 2772 960 2825 posita
990 2774 1061 2822 est,
1084 2784 1246 2824 parum
1276 2773 1386 2812 certo
1406 2770 1682 2823 fundamento
1701 2770 1867 2820 nititur,
1893 2772 1942 2812 ut
1960 2773 2070 2812 recte

345 2840 535 2894 cscposuit
555 2839 750 2891 Schmid;
779 2840 913 2894 ipsius
943 2843 1082 2881 autem
1112 2839 1441 2893 computationes
1469 2838 1609 2892 falsas
1638 2851 1723 2880 esse
1751 2837 1849 2880 inde
1870 2838 2068 2893 efficitur,

344 2907 455 2962 quod
475 2908 604 2949 verba
623 2907 833 2949 Aristidis
857 2908 891 2950 I
904 2922 952 2962 Ρ.
974 2911 1059 2951 524
1088 2907 1288 2950 ἐπιστολαὶ
1319 2907 1426 2964 παρὰ
1454 2911 1532 2950 τῶν
1566 2906 1760 2963 βασιλέων
1791 2910 1861 2949 τοῦ
1888 2922 1931 2949 τε
1961 2907 2072 2949 αὐτο-

345 2978 535 3033 κράτορος
565 2977 683 3018 αὐτοῦ
713 2979 777 3019 καὶ
805 2981 874 3018 τοῦ
909 2976 1067 3027 παιδός,
1107 2978 1154 3017 ut
1193 2988 1266 3017 eas
1301 2975 1466 3018 litteras
1496 2974 1554 3016 ad
1582 2989 1621 3016 a.
1652 2977 1731 3017 165
1764 2975 1964 3028 referret,
2005 2975 2070 3017 ita

345 3045 546 3086 tractavit
575 3044 643 3099 (Ρ.
667 3047 748 3100 76),
786 3048 834 3086 ut
873 3045 960 3086 tria
998 3044 1151 3086 ultima
1191 3046 1405 3097 tamquam
1441 3043 1649 3098 qlossema
1678 3046 1827 3085 temere
1856 3043 2004 3085 eiceret
2032 3045 2073 3085 et

345 3111 451 3169 παρὰ
490 3117 567 3156 τῶν
609 3113 804 3170 βασιλέων
841 3113 1194 3167 interpretaretur
1223 3119 1260 3154 ‘e
1290 3111 1410 3154 domo
1438 3112 1748 3166 imperatoria‘.
1807 3110 1871 3153 At
1897 3125 1945 3153 re
1969 3125 2071 3153 vera

344 3195 429 3223 non
458 3185 638 3235 possunt
675 3195 759 3224 non
798 3182 985 3236 intelleqi
1011 3181 1255 3226 Antoninus
1290 3180 1397 3222 Pius
1425 3180 1644 3235 Augustus
1684 3183 1724 3222 et
1763 3180 1829 3222 M.
1866 3180 2071 3222 Aurelius

349 3248 524 3291 Caesar.
587 3249 736 3291 Totam
764 3249 886 3291 illam
915 3250 1195 3303 quaestionem
1226 3251 1335 3290 certe
1360 3248 1516 3290 solvere
1543 3249 1615 3290 vix
1645 3247 1797 3298 licebit,
1832 3249 1921 3290 nisi
1948 3247 2071 3290 titulo

344 3330 449 3359 novo
488 3330 625 3359 annus
654 3318 977 3372 proconsularis
1019 3318 1148 3359 unius
1183 3331 1234 3359 ex
1270 3316 1359 3358 illis
1388 3316 1686 3371 praesidibus,
1729 3329 1829 3370 quos
1865 3319 2070 3359 memorat

334 3380 570 3432 Aristides,
599 3386 689 3429 sine
719 3386 844 3428 dubio
875 3387 1169 3429 constituatur.
