2202 3730
87 278 412 316 CALPETANVS
948 274 1032 317 273
1512 279 1894 316 CALPVRNIANVS

256 409 398 451 Plena
426 409 600 451 nomina
630 410 823 452 exhibent
853 413 880 453 t.
904 413 946 454 2.
971 413 1011 452 3.
1032 412 1071 452 5.
1094 414 1131 452 (ἰ.
1154 414 1191 460 7,
1223 410 1474 453 exhibebant
1503 413 1532 452 t.
1562 414 1600 452 1.
1629 414 1669 453 4.
1699 413 1740 453 8.
1771 413 1810 452 9.
1842 413 1894 451 10
1972 452 1975 454 ,

165 477 271 533 plus
297 478 437 519 minus
465 477 606 519 mutili
623 478 687 520 vel
707 480 907 532 corrupti.
930 503 981 507 —
1003 479 1060 521 In
1079 479 1321 521 consulatu:
1351 479 1399 522 C.
1421 479 1621 521 Valerius
1641 479 1797 520 Festus
1824 478 1892 520 VI

168 549 283 589 2016
300 546 634 596 =X1V2242,
664 547 816 601 [Γαίου]
844 548 1070 604 Οὐαληρίου
1093 549 1256 605 Φήστου
1278 546 1386 590 GIG
1399 550 1510 590 5838
1535 567 1590 582 :-
1609 548 1643 589 I
1644 546 1720 589 ΘΙ
1729 550 1821 589 760.
1836 572 1886 577 —

171 613 372 656 Valerius
401 614 557 656 Festus
589 614 706 668 apud
731 616 968 669 scriptores.

256 681 304 728 C.
336 682 378 736 f.‚
411 681 527 724 tribu
554 682 704 738 Pomp.
738 686 765 724 t.
799 687 835 726 1.
870 707 921 712 —-
953 683 1114 725 IIIIvir
1142 683 1311 725 viarum
1342 683 1651 737 curandarum,
1689 683 1891 725 tribunus

169 750 357 792 militum
386 749 569 804 legionis
600 751 665 793 VI
692 751 911 801 Victricis‚
952 757 1164 807 quaestor,
1205 752 1323 793 sevir
1362 752 1553 807 equitum
1584 752 1888 804 Romanorum,

170 819 372 861 tribunus
402 817 552 874 plebis,
584 825 758 874 praetor
789 822 816 860 t.
838 822 888 870 1;
918 818 1085 873 legatus
1114 833 1192 875 pro
1223 825 1422 874 praetore
1452 821 1668 861 exercitus
1696 818 1891 860 Africani

115 887 119 890 ’
169 890 196 929 t.
228 890 266 937 1,
298 902 336 928 a.
368 887 423 929 69
453 886 596 928 studia
626 886 958 942 provincialium
987 887 1031 928 in
1062 886 1286 929 Vitellium
1325 902 1425 928 cum
1466 887 1551 928 fide
1590 888 1727 943 primo
1768 888 1889 939 iuvit,

168 969 270 996 mox
301 955 471 997 nutavit
498 954 594 997 Tac.
618 953 659 996 h.
680 958 723 1004 2,
746 957 813 1004 98,
845 970 881 996 a.
904 955 958 997 70
979 955 1030 996 L.
1053 954 1339 1011 Calpurnium
1359 956 1560 997 Pisonem
1591 954 1891 1011 proconsulem

168 1022 345 1065 Africae
374 1022 590 1064 interfecit
619 1022 704 1066 ibd.
735 1026 773 1072 4,
797 1025 952 1072 49-50,
982 1023 1100 1064 Plin.
1132 1024 1250 1077 epist.
1279 1026 1317 1077 3,
1344 1027 1380 1073 7,
1402 1027 1483 1074 12,·
1512 1023 1660 1065 consul
1692 1027 1720 1065 t.
1747 1027 1773 1065 1
1804 1022 1891 1064 suf-

167 1091 304 1133 fectus
334 1105 481 1132 mense
510 1090 627 1132 Maio
670 1105 708 1133 a.
741 1091 790 1132 71
836 1105 934 1132 cum
964 1092 1212 1133 Domitiano
1243 1091 1428 1134 Caesare
1461 1093 1591 1145 fasti,·
1621 1092 1804 1134 donatus
1835 1091 1890 1133 ab

169 1160 427 1215 imperatore
457 1158 591 1200 hastis
631 1159 750 1213 puris
780 1159 872 1200 1111
901 1158 1074 1200 vexillis
1104 1160 1196 1201 IIII
1224 1160 1391 1201 coronis
1421 1161 1513 1202 1111
1544 1160 1695 1202 vallari
1733 1159 1890 1202 murali

166 1227 348 1269 classica
376 1241 509 1269 aurea
543 1230 571 1268 t.
604 1230 629 1268 1
661 1225 858 1280 (propter
894 1240 961 1268 res
999 1230 1047 1268 ut
1084 1227 1247 1269 videtur
1286 1228 1331 1269 in
1360 1227 1520 1281 Africa
1559 1231 1708 1270 contra
1745 1227 1889 1270 Gara—

167 1299 329 1338 mantes
354 1298 496 1350 9estas
517 1295 572 1349 cf.
600 1295 697 1336 Tac.
719 1295 758 1338 h.
780 1299 818 1345 4,
839 1298 894 1337 50
915 1298 1062 1351 (πίω-9,·
1092 1302 1263 1337 curator
1288 1295 1401 1337 alvei
1423 1296 1595 1338 Tiberis
1628 1303 1670 1338 et
1699 1297 1888 1352 riparum

169 1368 198 1407 t.
217 1369 255 1407 1.
277 1367 322 1414 2,
353 1378 466 1406 anno
489 1364 543 1406 73
573 1366 601 1405 t.
627 1366 683 1414 2;
711 1362 878 1417 legatus
899 1363 1010 1417 Aug.
1033 1377 1112 1419 pro
1143 1370 1341 1419 praetore
1371 1365 1620 1419 provinciae
1639 1364 1890 1406 Pannoniae

170 1436 199 1475 t.
221 1435 259 1475 1.
282 1436 349 1482 10,
370 1446 483 1474 anno
506 1431 560 1474 73
581 1434 609 1473 t.
626 1435 705 1482 10;
734 1430 902 1484 legatus
923 1430 1039 1486 Aug.
1066 1446 1143 1487 pro
1165 1438 1363 1488 praetore
1383 1433 1633 1487 provinciae
1653 1433 1891 1489 Hispaniae

170 1505 198 1544 t.
222 1505 260 1552 1,
282 1504 384 1551 3-9,
416 1515 527 1542 anno
551 1499 606 1543 79
637 1503 664 1543 t.
685 1503 723 1550 3,
757 1514 869 1542 anno
891 1500 946 1542 80
976 1502 1004 1542 t.
1027 1503 1063 1542 6.
1088 1503 1126 1544 7.
1151 1503 1189 1542 9.
1219 1525 1267 1530 —
1303 1499 1472 1543 Sodalis
1495 1499 1747 1555 Augustalis
1778 1500 1891 1556 (post

167 1569 446 1626 praeturam),
475 1568 673 1625 pontifex
703 1568 819 1623 (post
838 1569 1104 1610 curationem
1125 1568 1338 1624 riparum)
1361 1571 1389 1610 t.
1412 1571 1450 1610 1.
1473 1593 1530 1598 —
1558 1568 1729 1611 Adfinis
1758 1569 1889 1624 impe-

168 1638 321 1680 ratoris
341 1636 507 1680 Vitellii
533 1637 631 1679 Tac.
652 1636 693 1681 h.
713 1640 753 1687 4,
774 1640 840 1680 49.
863 1661 919 1665 —
950 1637 1165 1679 Patronus
1191 1637 1546 1691 Tergestinorum
1576 1640 1605 1679 t.
1632 1640 1670 1680 1.

86 1707 165 1750 185
196 1713 236 1751 C.
269 1712 594 1748 CALPETANVS
626 1711 843 1747 RANTIVS
876 1711 1098 1748 SEDATVS
1133 1711 1426 1748 METRONIVS
1467 1706 1606 1761 primo
1646 1705 1739 1747 loco
1779 1706 1892 1746 inter

170 1782 257 1818 tres
288 1780 509 1816 curatores
538 1771 850 1816 tabulariorum
881 1773 1158 1829 publicorum
1186 1788 1299 1816 anno
1321 1774 1376 1815 46
1408 1773 1476 1816 VI
1489 1776 1570 1816 916
1590 1776 1618 1815 t.
1640 1787 1760 1827 quem
1778 1772 1892 1815 solus

167 1843 348 1886 servavit
391 1855 622 1897 anonymus
664 1841 997 1893 Einsiecllensis;
1041 1842 1153 1896 falso
1194 1842 1456 1884 Mommseno
1506 1845 1674 1884 auctore
1716 1841 1892 1883 Heneen

167 1911 338 1965 scripsit
367 1910 567 1963 solvitque
597 1909 883 1964 tabular(um)
914 1910 1247 1966 public(arum);
1288 1909 1335 1951 id
1372 1909 1484 1963 quod
1520 1910 1592 1952 ille
1621 1913 1774 1963 postea
1803 1910 1891 1963 ipse

100 1988 113 1991 ’
166 1978 313 2022 reiecit
341 1979 396 2032 cf.
420 1974 691 2021 Staatsrecht
705 1978 788 2020 11³
811 1993 858 2032 p.
880 1981 962 2021 558
990 1981 1074 2020 not.
1096 1981 1134 2020 3.
1156 2002 1214 2007 —
1235 1977 1339 2021 Oum
1367 1979 1414 2020 in
1444 1981 1470 2019 t.
1493 1981 1596 2032 post
1622 1978 1718 2034 (per
1740 2002 1792 2007 —
1818 1982 1887 2029 —)

167 2042 430 2090 Metronium
478 2047 682 2100 scriptum
730 2047 787 2088 sit
830 2047 890 2088 M.
937 2047 1191 2088 Petronium
1239 2047 1506 2100 Lurconem,
1559 2046 1890 2100 (littoyraphiam

167 2116 350 2170 fortasse
380 2114 510 2157 latere
541 2116 739 2169 opinatus
769 2118 829 2157 est
858 2115 1104 2157 Mommsen.

88 2185 169 2228 186
199 2190 240 2226 O.
273 2189 596 2225 CALPETANVS
640 2189 842 2225 STATIVS
882 2189 1041 2224 RVFVS
1073 2186 1332 2225 memoratur
1360 2184 1407 2225 in
1437 2183 1572 2237 cippis
1603 2182 1892 2225 terminalibus

115 2293 125 2301 ,
168 2251 237 2294 VI
260 2254 375 2295 1237
401 2249 475 2305 (1).
504 2251 723 2306 1266—(2).
754 2275 813 2280 —
843 2250 891 2293 C.
923 2250 953 2293 f.
985 2254 1014 2293 t.
1038 2254 1076 2292 1.

258 2320 379 2362 Inter
408 2319 600 2375 quinque
631 2325 850 2360 curatores
886 2318 1076 2360 locorum
1116 2318 1387 2375 publicorum
1427 2318 1774 2370 iudicandorum,
1815 2318 1890 2373 qui

172 2404 228 2430 ex
258 2394 432 2429 senatus
463 2386 656 2429 consulto
684 2401 816 2428 causa
842 2388 1014 2441 cognita
1036 2402 1091 2428 ex
1112 2388 1282 2443 privato
1304 2388 1346 2428 in
1370 2386 1589 2442 publicum
1611 2387 1891 2428 restituerunt

174 2459 202 2498 t.
223 2459 255 2499 ,2
282 2454 478 2508 (secundo
510 2454 639 2508 loco),·
669 2456 782 2497 inter
813 2455 1006 2510 quinque
1037 2461 1256 2497 curatores
1287 2455 1478 2511 riparum
1510 2461 1552 2496 et
1581 2454 1692 2496 alvei
1719 2453 1890 2495 Tiberis

169 2525 244 2580 qui
285 2538 340 2564 ex
379 2529 554 2565 senatus
585 2522 780 2565 consulto
814 2523 1158 2565 terminaverunt
1194 2523 1285 2577 (sub
1322 2523 1491 2565 Tiberio
1519 2525 1567 2564 ut
1594 2522 1774 2578 videtur)
1806 2525 1833 2565 t.
1865 2525 1891 2563 1

172 2593 314 2646 (tertio
345 2591 463 2646 loco).
489 2616 537 2621 -
570 2591 786 2634 Patronus
815 2592 997 2645 fortasse
1027 2590 1075 2636 C.
1108 2590 1335 2647 Calpetani
1366 2590 1415 2634 C.
1446 2590 1474 2633 l.
1505 2590 1672 2647 Cryphi
1703 2590 1772 2633 VI
1783 2593 1890 2633 1815

169 2660 323 2703 aetatis
357 2659 623 2702 Tiberianae.

86 2728 166 2772 187
197 2760 377 2771 .......
410 2733 814 2781 CALPVRNIANVS,
858 2742 971 2769 unus
1012 2743 1067 2769 ex
1096 2729 1242 2783 pueris
1272 2733 1518 2769 senatorum
1546 2725 1667 2780 filiis,
1704 2727 1778 2782 qui
1808 2725 1888 2768 Ar-

168 2795 339 2838 valibus
371 2796 727 2837 ministraverunt
756 2810 795 2837 a.
831 2796 909 2837 145
939 2795 1116 2849 Ephem.
1139 2810 1200 2848 ep.
1221 2798 1249 2837 8
1271 2809 1319 2849 p.
1339 2797 1426 2837 332
1455 2798 1553 2837 acta
1581 2794 1818 2836 Arvalium.

86 2864 167 2908 188
197 2863 540 2920 Calpurnianus,
583 2866 604 2906 ὁ
643 2867 845 2920 κράτιστος
884 2863 1126 2920 δικαιοδότης
1154 2883 1209 2898 =
1240 2863 1449 2905 iuridicus
1479 2864 1526 2905 in
1546 2876 1716 2917 papyro
1741 2877 1890 2917 fflaece

166 2933 329 2987 scripta
366 2932 528 2974 saeculi
554 2932 616 2974 II
636 2932 700 2974 vel
729 2932 818 2974 III
840 2931 1119 2986 Aeyyptiscbe
1147 2931 1373 2975 Urkunden
1403 2945 1481 2974 aus
1511 2931 1588 2974 den
1627 2931 1890 2985 koniylichen

169 3000 346 3044 Misceri
374 3014 427 3043 eu
456 2999 608 3042 Berlin
637 3001 699 3042 II
719 3014 759 3042 n.
780 3003 876 3044 378.

88 3069 170 3112 189
202 3068 543 3124 Calpurnianus,
591 3069 644 3110 ad
689 3084 785 3110 eum
829 3068 1042 3124 Apuleius
1088 3067 1331 3124 epistolium
1377 3068 1432 3111 cle
1477 3067 1722 3110 dentifricio
1771 3068 1890 3109 misit

167 3136 378 3191 Apuleius
407 3137 570 3191 apoloy.
602 3140 652 3188 6,·
681 3137 880 3178 inimicus
910 3135 1069 3192 Apulei
1100 3136 1186 3178 ibd.
1217 3139 1283 3178 60.

95 3229 152 3236 —
196 3211 249 3248 M.
279 3210 462 3246 ANTIVS
494 3211 748 3246 GRESCENS
781 3210 1174 3248 CALPVRNIANVS.

96 3297 154 3303 -—
195 3273 247 3315 Τ.
277 3271 482 3314 Aurelius
513 3272 832 3329 Calpurnianus
864 3271 1154 3328 Apollonides.

95 3366 153 3371 —
197 3340 454 3396 Crepereius
483 3340 817 3398 Calpurnianus.

150 3412 430 3449 Prosopographia
447 3413 530 3449 Imp.
548 3413 640 3443 Rom.
676 3413 704 3443 Ι.
1573 3408 1614 3443 18
