2202 3730
258 297 410 332 COTYS
1112 287 1195 329 478
1897 293 2053 329 COTYS

337 446 393 460 Ξ
415 426 548 475 68s69,
580 424 654 477 qui
677 435 869 464 nummus
900 421 958 463 acl
985 421 1196 463 Vitellium
1221 422 1378 475 referri
1401 421 1504 464 solet
1525 422 1676 464 Ko'hne
1703 437 1746 464 n.
1767 425 1820 464 15
1839 423 1895 483 cf.
1918 422 2055 466 Sallet

337 494 362 535 l.
386 494 412 534 l.
428 508 474 547 p.
491 494 583 541 305,
606 504 857 544 quamquam
882 490 960 531 alii
981 490 1051 544 (cf.
1073 490 1306 543 Latyschev
1318 491 1462 544 praef.
1476 505 1525 544 p.
1543 490 1692 543 XLV)
1713 490 1821 532 hune
1840 504 2055 532 nummum

338 561 396 602 acl
422 557 776 612 Rhescuporidem
806 557 839 599 I
861 557 918 612 (a.
942 557 1103 611 71-92)
1133 557 1395 601 rettulerunt.

420 627 610 681 Aspurgi
644 626 758 679 regis
788 625 970 680 Bospori
1001 625 1114 666 filius
1145 628 1172 668 t.
1204 629 1242 667 1.
1274 629 1305 668 2
1336 626 1406 680 (cf.
1435 625 1479 667 A
1497 629 1622 679 1048)
1651 639 1806 668 numm.
1838 640 1882 680 a,
1922 625 2055 667 frater

336 694 610 748 Mithridatis,
642 694 756 747 regis
787 694 970 748 Bospori
1008 693 1105 736 Tac.
1134 708 1173 735 a.
1196 697 1266 744 12,
1289 696 1358 736 18.
1415 693 1456 736 Α
1486 694 1620 735 fratre
1649 693 1923 746 Mithridate,
1953 707 2054 748 rege

334 763 557 805 Iberorum
599 762 703 816 (sic),
742 776 839 802 cum
879 776 946 802 res
987 775 1123 802 novas
1158 761 1403 816 moliretur,
1446 763 1627 804 Romam
1668 761 1722 803 ad
1752 763 2054 817 imperatorem

260 837 267 845 '
336 831 567 874 Claudium
596 831 752 871 missus
784 835 866 883 est⁷
907 832 927 872 ὁ
961 831 1003 872 δὲ
1033 831 1386 887 παραπρεσβεύσας
1416 832 1543 874 πάντα
1579 832 1687 888 αὐτῷ
1717 832 1964 886 κατεμήνυσε
1990 831 2056 871 καὶ
2132 834 2139 840 “

335 900 515 957 βασιλεὺς
547 897 713 954 Ἰβηρίας
743 897 844 940 κατὰ
874 897 1121 954 Μιθριδάτου
1152 900 1295 953 γίνεται
1321 898 1474 940 Petrus
1495 898 1714 940 Patricius
1743 899 1798 952 fr.
1819 901 1847 940 3
1875 898 2053 952 Fraym.

334 967 537 1010 Historic.
566 966 716 1008 Graec.
748 966 782 1007 I
787 965 828 1007 V
841 980 887 1019 p.
919 969 1010 1016 185,
1051 969 1100 1007 ut
1137 966 1279 1008 eadem
1314 968 1482 1009 ratione
1521 968 1567 1009 in
1605 967 1808 1020 excerptis
1839 966 2056 1008 Vaticanis

334 1035 490 1077 Dionis
524 1034 564 1076 V
578 1049 625 1087 p.
648 1037 728 1075 191
760 1033 821 1075 ed.
843 1033 1042 1087 Dindorf
1056 1034 1334 1077 Mithridates
1352 1035 1631 1089 Bosporanus
1661 1038 1700 1077 et
1727 1034 1931 1076 Ponticus
1961 1047 2054 1075 con-

333 1103 582 1157 funduntur.
647 1103 801 1144 Frater
842 1102 975 1157 Cotys
1020 1102 1215 1158 proditor
1253 1102 1376 1158 olim,
1419 1103 1589 1145 deindev
1616 1103 1750 1145 hostis
1796 1103 1894 1145 Tac.
1935 1101 1962 1145 l.
1999 1101 2056 1152 ,l.‚·

336 1172 426 1226 (A.)
457 1170 615 1212 Didius
648 1169 836 1225 (Gallus)
869 1171 1065 1212 exercitu
1084 1171 1383 1213 Mithridatem
1412 1185 1544 1226 regno
1577 1171 1744 1227 expulit
1773 1172 1892 1225 (ante
1920 1185 1958 1212 a.
1981 1169 2054 1222 49)

335 1247 376 1281 et
396 1239 539 1294 Cotyn
561 1240 740 1280 iuventa
760 1238 910 1280 rudem
938 1252 1084 1293 regem
1113 1240 1336 1281 constituit
1365 1241 1514 1296 paucis
1545 1239 1785 1281 cohortium
1815 1253 1913 1280 cum
1941 1237 2054 1280 Iulio

335 1306 496 1363 Aquila
527 1307 669 1362 equite
699 1307 892 1348 Romano
924 1306 1084 1348 relictis
1113 1307 1170 1349 iel.
1194 1321 1234 1349 a.
1256 1311 1326 1358 12,
1349 1310 1413 1350 15.
1454 1307 1617 1350 Contra
1646 1322 1754 1363 quos
1783 1306 2054 1348 Mithridates

335 1391 445 1418 anno
477 1376 531 1417 49
560 1389 741 1429 regnum
772 1382 967 1431 repetere
994 1376 1155 1417 frustra
1185 1383 1363 1418 conatus
1395 1383 1459 1418 est
1487 1376 1544 1420 id.
1577 1391 1615 1420 a.
1647 1380 1718 1427 12,
1749 1377 1901 1418 15-18.

420 1443 524 1486 Cum
558 1443 606 1485 de
639 1457 806 1485 nummo
847 1444 875 1485 el
911 1443 1116 1485 iudicium
1150 1444 1286 1486 adhuc
1317 1459 1478 1498 parum
1518 1448 1674 1486 certum
1710 1443 1916 1493 videatur,
1954 1457 2054 1485 num

335 1512 457 1566 Cotys
491 1512 559 1553 hic
591 1511 757 1553 Neroni
793 1515 1000 1566 superstes
1036 1513 1168 1565 fuerit
1198 1527 1283 1554 non
1324 1513 1419 1555 lieet
1457 1513 1705 1555 diiudicare.
1764 1511 1849 1555 Sed
1887 1511 2054 1553 omnino

328 1583 579 1635 potestatem
625 1580 788 1634 reyiam
833 1581 921 1622 eius
971 1594 1082 1622 anno
1123 1584 1175 1622 63
1219 1595 1246 1622 a
1292 1581 1461 1623 Nerone
1505 1582 1769 1629 imminutam
1817 1593 1903 1622 esse
1946 1582 2055 1621 reete

336 1649 473 1693 Sallet
508 1649 532 1690 l.
576 1648 602 1691 l.
649 1648 746 1690 inde
796 1648 1018 1699 conclusit,
1069 1649 1181 1702 quod
1227 1649 1323 1691 inde
1374 1651 1427 1692 ab
1479 1664 1524 1692 eo
1572 1651 1664 1705 ipso
1716 1663 1826 1691 anno
1877 1647 1972 1702 (9αο
2016 1651 2056 1690 et

334 1718 498 1759 Pontus
527 1716 846 1758 Polemoniacus
876 1717 923 1758 in
951 1718 1222 1771 provinciam
1258 1718 1454 1760 redactus
1493 1722 1568 1774 est)
1599 1731 1916 1771 monoyramma
1945 1717 2054 1770 reyis

333 1787 379 1828 in
404 1786 585 1827 nummis
613 1785 689 1827 sub
722 1785 892 1827 Nerone
921 1786 1031 1827 cusis
1059 1800 1144 1827 non
1172 1787 1261 1827 iam
1288 1787 1511 1830 invenitur.
1916 1839 1919 1841 Α

251 1855 360 1897 1272
390 1855 456 1896 Ti.
481 1853 617 1895 Iulius
648 1852 805 1909 Cotys,
839 1867 917 1894 rex
947 1854 1142 1909 Bospori.
1206 1854 1370 1896 Titulus
1400 1855 1489 1896 eius
1518 1854 1894 1908 Panticapaeensis
1923 1854 2052 1907 Laty—

334 1923 463 1972 sehet),
486 1922 788 1975 Inscriptiones
817 1922 938 1975 reyni
965 1921 1212 1975 Bosporani
1238 1936 1281 1964 n.
1301 1926 1362 1964 27
1369 1936 1381 1963 .·
1413 1922 1570 1979 [ὑπ]ὲ[ρ]
1605 1923 1798 1979 βασιλέως
1827 1921 2054 1980 [βασιλέ]ων

336 1990 513 2048 Τιβερίου
532 1989 697 2032 Ἰουλίου
715 1989 907 2044 Κόττι[ος]
933 1990 1228 2047 φιλοκαίσ[αρος
1248 1993 1311 2033 καὶ
1333 1990 1686 2048 φ]ι[λ]ορωμα[ι’]ου
1705 2015 1757 2020 ——
1781 2015 1829 2020 -
1855 1991 1895 2032 ἐν
1916 1994 1975 2047 τῷ
1993 1988 2054 2032 κυ’

335 2059 411 2101 ἐ’τει
440 2061 504 2100 καὶ
535 2060 624 2115 μηνὶ
649 2059 817 2114 Δαεισίῳ
837 2057 897 2106 κζ’
919 2058 965 2100 id
993 2062 1053 2100 est
1083 2073 1194 2101 anno
1222 2063 1310 2102 420
1339 2074 1465 2101 aerae
1485 2059 1764 2114 Bosporanae
1782 2078 1838 2098 ,Ξ
1858 2059 2053 2102 1231124.

421 2127 599 2169 Nummi
629 2127 750 2168 aurei
779 2130 819 2168 et
848 2127 964 2169 aerei
991 2127 1036 2168 in
1073 2127 1250 2169 adversa
1291 2131 1418 2182 caput
1445 2127 1588 2182 Cotyis
1627 2127 1820 2170 exhibent
1858 2141 1951 2169 cum
1990 2128 2054 2168 in-

332 2196 558 2249 scriptione
589 2195 784 2253 βασιλέως
813 2194 975 2246 Κότυος,
1016 2196 1062 2237 in
1098 2210 1247 2238 aversa
1283 2200 1410 2250 eaput
1444 2196 1669 2239 Hadriani
1697 2199 1736 2238 et
1766 2209 1900 2238 annos
1929 2209 2055 2238 aerae

334 2264 611 2318 Bosporanae
641 2264 866 2317 inscriptos
893 2263 990 2305 inde
1021 2264 1074 2305 ab
1107 2278 1146 2305 a.
1172 2268 1258 2307 420
1285 2278 1414 2318 usque
1445 2264 1503 2306 acl
1533 2279 1572 2307 a.
1603 2267 1688 2307 429
1717 2283 1773 2298 ==
1803 2264 2052 2307 1231124-

333 2334 514 2375 131ί132
560 2331 720 2373 Echhel
758 2332 819 2373 II
842 2346 890 2386 p.
922 2334 1026 2382 378,
1077 2332 1256 2387 eataloy.
1306 2333 1438 2375 musei
1484 2332 1767 2374 Londinensis
1805 2346 1854 2385 p.
1885 2334 1938 2373 61
1975 2344 2051 2385 sq„

336 2400 487 2442 Kohne
517 2400 578 2442 II
595 2414 644 2454 p.
665 2401 748 2442 255
767 2413 851 2454 399.
884 2401 938 2453 cf.
961 2415 1010 2454 p.
1031 2403 1124 2443 381.

420 2469 515 2510 Rex
554 2468 737 2524 Bospori
779 2483 817 2509 a.
851 2467 1300 2511 123l124-131s132
1340 2469 1426 2517 tit..
1467 2469 1648 2519 nummi,
1688 2468 1880 2523 Phleyon
1907 2468 1964 2522 fr.
1995 2471 2054 2512 20

333 2536 510 2590 Fraym.
546 2535 750 2577 Historic.
789 2535 939 2578 Graec.
969 2537 1058 2579 III
1079 2552 1128 2591 p.
1161 2540 1254 2579 607.
1313 2537 1512 2579 Mortuus
1553 2543 1617 2578 est
1655 2551 1694 2579 a.
1727 2535 1928 2590 131l132,
1967 2550 2052 2592 quo

334 2611 528 2660 tempore
571 2603 748 2645 Flavius
792 2603 1005 2646 Arrianus
1060 2606 1302 2661 Bosporum
1351 2606 1575 2660 navigavit
1623 2611 1666 2646 et
1710 2605 1764 2646 de
1809 2619 1860 2646 ea
1902 2619 1949 2646 re
1997 2604 2053 2647 ad
2111 2610 2116 2613 ⁴

335 2673 607 2714 Hadrianum
647 2673 818 2728 scripsit
857 2672 1078 2729 Periplum
1119 2674 1193 2729 qui
1234 2680 1374 2715 extat:
1418 2675 1502 2716 ἐπεὶ
1540 2675 1583 2715 δὲ
1613 2673 1891 2730 ἐπυνθανόμην
1923 2671 2051 2716 Κότυν

333 2740 652 2797 τετελευτηκέναι
691 2742 758 2783 τὸν
787 2741 963 2798 Ιβασιλέα
1002 2746 1071 2784 τοῦ
1101 2741 1312 2798 Βοσπόρου
1347 2745 1416 2783 τοῦ
1448 2740 1666 2798 Κιμμερίου
1696 2741 1943 2797 καλουμένου
1974 2742 2053 2783 ἐπι-

337 2811 455 2866 μελὲς
493 2809 737 2865 ἐποιησάμην
773 2811 836 2851 καὶ
871 2811 941 2852 τὸν
983 2811 1099 2866 μέχρι
1134 2813 1202 2852 τοῦ
1242 2808 1450 2865 Βοσπόρου
1490 2813 1611 2852 πλοῦν
1653 2810 1833 2866 δηλῶσαί
1870 2823 1930 2852 σοι
1967 2812 2051 2851 κτλ.

337 2876 498 2931 Peripl.
529 2890 561 2918 c.
592 2880 649 2918 17
676 2876 737 2918 ecl.
768 2877 969 2921 Hercher.

254 2945 362 2987 1273
393 2945 459 2986 Ti.
500 2944 638 2986 Iulius
678 2944 834 3000 Cotys,
887 2960 965 2987 rex
1007 2946 1190 3002 Bospori
1233 2949 1513 2996 memoratur,
1555 2947 1600 2987 in
1642 2945 1777 2988 titulis
1819 2945 2053 2987 Tanaiticis

333 3027 482 3066 ,qraeee
520 3013 691 3066 seriptis
729 3014 973 3068 Latysehev,
1012 3014 1316 3069 Inscriptiones
1354 3015 1475 3068 reyni
1511 3014 1758 3068 Bosporani
1793 3027 1835 3055 n.
1865 3016 1951 3056 432
1979 3013 2052 3068 (1).

336 3084 421 3124 452
442 3080 518 3135 (2).
542 3083 622 3122 453
643 3080 725 3134 (3);
754 3082 936 3134 fortasse
956 3085 996 3124 et
1014 3083 1061 3124 in
1079 3083 1227 3125 mutilo
1246 3085 1337 3129 455.
1359 3107 1416 3112 —
1436 3082 1614 3124 Nummi
1631 3081 1791 3124 Eclchel
1811 3082 1875 3124 II
1887 3096 1935 3135 p.
1955 3084 2050 3132 380,

338 3149 554 3203 catalogus
582 3149 715 3190 musei
743 3150 1024 3192 Londinensis
1045 3165 1092 3204 p.
1117 3154 1185 3201 72,
1223 3150 1375 3192 Ko‘hne
1403 3151 1466 3192 II
1478 3165 1527 3204 p.
1554 3153 1637 3192 316
1660 3163 1759 3203 399.,
1799 3150 1846 3191 in
1876 3149 2052 3192 adversa

338 3220 464 3271 eaput
491 3217 602 3270 reyis
632 3216 825 3258 exhibent
854 3232 945 3259 eum
973 3218 1247 3272 inscriptione
1278 3219 1471 3275 βασιλέως
1498 3217 1660 3268 Κότυος,
1690 3218 1737 3259 in
1757 3231 1906 3259 aversa
1926 3220 2053 3272 caput

337 3284 579 3326 Alexandri
595 3284 738 3326 Severi
766 3288 806 3326 et
835 3299 968 3328 annos
997 3301 1122 3328 aerae
1142 3286 1419 3341 Bosporanae
1447 3287 1672 3340 inscriptos
1700 3286 1797 3328 inde
1827 3287 1881 3328 ab
1907 3299 1947 3329 a.
1967 3288 2052 3329 524

335 3366 463 3406 usque
493 3352 550 3394 acl
579 3367 617 3394 a.
647 3355 741 3395 530.
