2202 3730
273 288 471 324 CASSIVS
1129 279 1214 321 314
1474 272 1477 273 ’
1872 285 2070 322 CASSIVS

356 416 558 469 confecit,
603 415 719 470 quod
764 429 860 456 cum
902 415 1004 456 item
1049 413 1103 455 ab
1148 414 1405 469 imperatore
1453 413 1632 470 aliisque
1677 414 1902 471 probatum
1947 421 2070 470 esset,

357 485 578 526 historiam
617 482 765 538 populi
806 482 987 523 Romani
1028 481 1130 523 inde
1171 482 1225 524 ab
1266 483 1372 524 urbe
1412 482 1586 524 condita
1620 498 1757 539 usque
1787 483 1843 524 ad
1874 483 2072 540 Septimii

358 553 507 595 Severi
549 557 729 592 mortem
770 549 959 591 scribere
989 563 1217 604 aggressus
1248 556 1312 592 est
1341 543 1567 592 additurus
1599 550 1777 607 reliqua,
1810 550 1953 606 quoad
1983 551 2074 593 vita

357 625 599 674 superesset
628 617 715 660 Dio
748 621 815 668 72,
847 620 916 660 23.
973 616 1155 674 Ἔγραψε
1187 617 1419 674 Ῥωμαϊκὴν
1460 620 1630 674 ἱστορίαν
1662 619 1702 661 ἐν
1744 620 1902 676 βιβλίοις
1930 620 2073 675 ὀγδοή-

356 704 487 738 κοντα,
525 686 710 742 Περσικά,
753 687 783 728 Γ
787 688 905 737 ετικοί,
948 685 1129 737 Ἐνόδια,
1170 686 1218 729 τὰ
1258 686 1358 729 κατὰ
1397 685 1604 742 Τραϊανόν,
1647 688 1729 743 βίον
1771 685 1967 743 Ἀρριανοῦ
2005 690 2074 729 τοῦ

359 754 577 811 φιλοσόφου
620 753 780 796 Suidas
815 754 840 796 l.
873 753 899 797 l,
959 753 1047 797 Sed
1083 754 1150 796 hie
1190 768 1348 808 quoque
1387 754 1547 797 Suidas
1585 757 1633 796 ut
1670 754 1775 796 solet
1818 754 2074 797 diversorum

358 837 485 877 opera
515 822 752 875 confudisse
780 821 943 864 videtur
952 835 965 873 ,·
994 836 1094 864 nam
1123 825 1170 864 ut
1197 822 1349 865 Getica
1379 836 1406 864 a
1429 822 1570 864 Dione
1591 822 1884 876 Chrysostomo
1912 823 2075 877 scripta

357 904 441 932 esse
472 890 623 932 diserte
650 893 828 932 testatur
847 890 1139 932 Philostratus
1162 891 1233 934 vit.
1256 890 1426 944 sophist.
1448 894 1486 940 1,
1510 893 1547 940 7,
1578 891 1644 932 ita
1671 890 1719 932 de
1747 890 1923 944 reliquis
1952 890 2073 932 libris

356 972 456 1013 quos
478 962 654 1012 praeter
682 958 903 1000 historiam
931 959 1222 1001 Romanorum
1254 958 1414 1002 Suidas
1441 959 1591 1001 tribuit
1620 957 1861 1009 Coeoeiano,
1903 958 1942 1000 ei
1970 957 2074 1013 fides

355 1027 425 1069 vix
453 1026 648 1069 habenda
677 1030 750 1069 est.

272 1096 356 1137 420
388 1094 560 1137 Cassius
590 1095 758 1148 Festus,
791 1095 861 1136 cui
893 1095 1172 1151 imperatores
1204 1095 1390 1138 Severus
1420 1100 1463 1136 et
1487 1093 1732 1136 Antoninus
1762 1094 2077 1150 rescripserunt

362 1162 573 1217 leianus
602 1162 765 1217 Diyest.
790 1166 856 1213 48,
879 1166 944 1214 13,
964 1166 1005 1206 5.
1055 1163 1260 1205 Fortasse
1288 1163 1564 1217 mayistratus
1591 1162 1654 1204 vel
1675 1175 1863 1216 praeses.

272 1232 350 1273 421
400 1231 574 1274 Cassius
620 1230 889 1286 Hadrianus,
937 1232 1007 1274 eui
1053 1231 1183 1273 divus
1222 1231 1327 1273 Pius
1363 1231 1585 1286 rescripsit
1624 1230 1882 1272 Marcianus
1910 1228 2073 1284 Diyest.

356 1302 423 1350 36,
453 1303 491 1349 1,
518 1302 583 1341 31.

272 1368 354 1410 422
385 1375 438 1410 Μ.
470 1374 666 1409 CASSIVS
697 1373 1011 1411 HORTENSIVS
1042 1373 1302 1419 PAVLINVS,
1330 1373 1503 1423 praetor
1526 1365 1731 1421 urbanus,
1763 1365 1921 1408 XVvir
1940 1365 2074 1407 sacris

358 1435 569 1478 faciundis
603 1435 671 1478 VI
687 1438 781 1478 318.

273 1505 354 1546 423
387 1510 427 1545 C.
470 1509 667 1545 CASSIVS
708 1510 1104 1546 INTERAMNANVS
1146 1509 1404 1546 PISIBANVS
1446 1508 1670 1557 PRISCVS,
1710 1508 1883 1558 praetor
1922 1516 1963 1543 a.
1998 1501 2077 1543 100

367 1571 434 1614 VI
455 1574 547 1615 451.

273 1640 357 1681 424
385 1646 430 1682 L.
454 1645 649 1681 CASSIVS
670 1646 952 1693 IVVENALIS,
985 1638 1136 1681 consul
1166 1639 1372 1682 suffectus
1393 1655 1431 1681 a.
1456 1639 1497 1681 d.
1520 1639 1585 1682 VI
1604 1638 1692 1683 kal.
1713 1639 1805 1681 Ian.
1829 1653 1866 1682 a.
1895 1637 1989 1680 145!
1995 1638 2076 1679 160

359 1721 456 1749 cum
478 1706 531 1760 Q.
551 1708 786 1764 Pomponio
817 1708 944 1750 Musa
971 1707 1060 1750 III
1084 1707 1185 1762 dipl.
1207 1707 1294 1750 mil.
1314 1710 1385 1750 42.
1407 1711 1462 1749 43
1483 1708 1536 1761 cf.
1559 1707 1706 1750 IIIS.
1730 1706 1831 1760 dipl.
1850 1705 2073 1750 LXVIII.
2115 1748 2118 1750 .

359 1774 533 1819 LXIX.

275 1842 356 1884 425
388 1842 563 1885 Cassius
592 1844 851 1898 Ligurinus,
894 1850 1147 1900 procurator
1177 1843 1288 1898 Aug.
1326 1843 1543 1899 (Septimii
1586 1843 1736 1886 Severi
1777 1847 1877 1884 ante
1903 1857 1940 1885 a.
1975 1842 2075 1896 197)

361 1910 568 1965 (Moesiae
599 1912 851 1968 superimis)
882 1912 971 1954 III
992 1915 1098 1954 6313
1127 1915 1155 1954 t.
1189 1911 1381 1954 Moesiae
1409 1925 1500 1966 sup.

274 1979 356 2021 426
388 1978 563 2022 Cassius
593 1979 848 2035 Longi[nus]
878 1980 1015 2023 neseio
1046 1980 1139 2034 quis
1168 1982 1422 2022 memoratus
1453 1993 1538 2022 esse
1570 1979 1735 2022 videtur
1763 1979 1810 2021 in
1840 1981 1868 2021 t.
1900 1977 2076 2020 evanida

359 2047 540 2090 ancillae
572 2047 640 2090 VI
660 2051 816 2092 22946.

275 2115 357 2157 427
390 2114 564 2157 Cassius
595 2116 842 2171 Longinus,
883 2117 952 2158 vir
980 2116 1264 2171 gravissimus
1295 2122 1338 2158 et
1366 2116 1682 2171 sanctissimus,
1723 2122 1840 2158 tutor
1865 2114 2076 2159 Aemiliae

359 2183 630 2226 Pudentillae
660 2186 808 2227 uxoris
835 2184 993 2241 Apulei
1023 2184 1154 2239 Apul.
1187 2184 1297 2239 apol.
1324 2188 1417 2227 101.

276 2251 357 2293 428
390 2258 429 2295 C.
463 2258 660 2294 CASSIVS
689 2259 961 2307 LONGINVS,
1006 2252 1156 2295 consul
1196 2253 1405 2295 suffectus
1435 2267 1549 2295 anno
1580 2253 1635 2295 30
1665 2267 1706 2308 p.
1739 2252 1787 2295 O.
1812 2276 1871 2282 —
1902 2250 2078 2294 Nummi·

358 2319 614 2363 Antiocheni
652 2321 740 2363 eius
777 2321 823 2363 in
863 2321 1040 2363 adversa
1079 2324 1206 2375 eaput
1243 2320 1421 2364 Claudii
1459 2320 1652 2363 exhibent
1690 2323 1730 2363 et
1763 2319 2077 2374 inscriptionem

359 2388 464 2443 Imp.
486 2388 551 2432 Ti.
575 2388 783 2431 Claudius
804 2389 916 2444 Aug.
941 2388 1276 2443 Germanicus),
1298 2389 1344 2431 in
1364 2402 1515 2431 aversa
1534 2387 1626 2431 Ἐπὶ
1647 2390 1823 2432 Κασσίου
1845 2386 2075 2443 Ἀντιοχέων

362 2455 507 2511 ἔτ(ους)
549 2471 593 2509 eq
631 2457 792 2500 Eckhel
821 2457 910 2499 III
934 2472 982 2511 p.
1003 2460 1102 2507 280,
1146 2457 1343 2499 Mionnet
1382 2457 1424 2500 V
1438 2471 1485 2511 p.
1519 2459 1602 2499 167
1627 2470 1670 2500 n.
1700 2459 1780 2500 175
1817 2459 1989 2509 uterque
2028 2468 2078 2497 ex

363 2524 587 2576 Morellio;
620 2525 772 2567 similis
809 2525 1041 2579 descriptus
1079 2528 1139 2567 est
1177 2539 1205 2567 a
1242 2524 1474 2575 Fiorellio,
1513 2524 1717 2579 Cataloyo
1758 2524 1805 2566 di
1843 2524 1994 2566 Museo
2033 2522 2080 2565 di

363 2592 539 2647 Napoli,
572 2593 834 2647 Medayliere
861 2594 894 2636 Ι
915 2608 957 2635 n.
978 2596 1111 2644 8875,·
1149 2593 1327 2635 alterum
1364 2592 1546 2635 eiusdem
1569 2593 1731 2635 nummi
1758 2591 1987 2646 exemplum
2013 2591 2077 2633 in-

360 2661 563 2714 scriptum
582 2662 635 2713 Aq
657 2662 755 2703 item
786 2676 836 2704 em
861 2676 944 2704 uno
966 2661 1167 2704 Morellio
1188 2659 1374 2713 afferunt
1390 2660 1551 2703 Eckhel
1567 2660 1598 2707 l.
1621 2660 1662 2711 l„
1692 2660 1893 2704 Mionnet
1919 2674 1961 2704 n.
1981 2662 2074 2709 174,

361 2727 410 2769 de
438 2742 518 2781 quo
550 2729 825 2772 dubitandum
855 2733 927 2780 est,
960 2730 1059 2772 dum
1089 2730 1205 2772 testis
1233 2729 1407 2772 idoneus
1437 2729 1664 2783 aynoverit.
1722 2728 1931 2771 Nummus
1951 2727 2078 2782 prior

363 2796 524 2838 indicat
554 2811 593 2839 a.
624 2801 677 2840 96
707 2812 833 2840 aerae
864 2797 1151 2841 Caesariensis
1179 2818 1236 2833 =
1267 2798 1321 2840 ab
1351 2800 1550 2839 autumno
1581 2811 1621 2839 a.
1645 2799 1827 2840 800l801
1856 2816 1913 2832 =
1938 2795 2076 2839 47148.

449 2863 587 2906 Filius
618 2865 795 2919 (minor)
826 2866 876 2908 L.
910 2865 1048 2909 Cassii
1079 2866 1268 2919 Longini
1298 2865 1486 2907 consulis
1527 2865 1694 2907 suffecti
1729 2879 1766 2908 a.
1800 2866 1849 2908 11
1882 2879 1924 2920 p.
1955 2863 2004 2907 C.
2036 2869 2079 2906 et

362 2931 476 2973 filiae
506 2932 558 2985 Q.
589 2933 703 2976 Aelii
733 2934 974 2976 Tuberonis
1004 2934 1264 2988 Pomponius
1293 2933 1456 2988 Diyest.
1488 2937 1525 2984 1,
1550 2936 1594 2984 2,
1621 2937 1664 2984 2,
1694 2933 1834 2987 frater
1863 2930 1906 2976 G.
1939 2930 2081 2974 Cassii

363 3000 549 3054 Lonyini
567 3001 747 3044 consulis
769 3002 981 3044 ordinarii
1001 3017 1041 3044 a.
1061 3005 1128 3046 30.
1162 3000 1324 3044 Consul
1344 3001 1548 3043 suffectus
1577 3016 1616 3045 a.
1637 3002 1692 3043 30
1722 3014 1821 3042 cum
1841 3000 1892 3042 L.
1913 2999 2076 3042 Naevio

366 3067 552 3110 Surdino
583 3069 630 3110 X
666 3073 787 3121 1233,
830 3085 928 3112 cum
968 3070 1180 3123 Quartino
1218 3069 1330 3123 falso
1371 3069 1630 3124 Pomponius
1671 3068 1698 3111 l.
1731 3068 1756 3112 l.
1816 3067 1944 3110 Anno
1982 3081 2077 3123 pro-

365 3135 579 3177 consulari
605 3136 727 3179 40l41
759 3137 989 3192 proconsul
1007 3137 1140 3180 Asiae
1169 3137 1223 3179 ab
1250 3138 1504 3192 imperatore
1525 3137 1635 3180 Graio
1656 3137 1836 3178 Romam
1866 3134 2077 3177 adductus

367 3209 414 3244 ut
452 3203 786 3257 interficeretur,
824 3220 929 3246 nece
959 3206 1042 3249 Gai
1074 3211 1269 3247 servatus
1301 3210 1366 3247 est
1393 3204 1481 3247 Dio
1508 3207 1576 3255 59,
1607 3207 1664 3248 29
1695 3201 1788 3256 (ubi
1815 3215 2078 3257 praenomen

366 3271 553 3323 positum
597 3274 694 3326 est),
737 3271 906 3315 Sueten.
943 3272 1075 3328 Caliy.
1106 3276 1172 3316 57.
1240 3273 1429 3327 Legatus
1470 3272 1623 3328 Syriae
1666 3287 1706 3314 a.
1740 3270 1868 3314 47l48
1907 3283 2076 3319 numm„

366 3353 403 3381 a.
435 3339 489 3380 49
526 3339 622 3381 Tae.
653 3353 693 3380 a.
728 3342 797 3389 12,
829 3343 893 3390 11,
934 3341 978 3381 in
1023 3355 1110 3397 qua
1154 3340 1369 3394 legatione
1413 3338 1581 3394 (Vibio)
1624 3339 1769 3381 Marso
1814 3342 2079 3380 successerat
