2202 3730
288 252 568 289 CAERIANVS
1148 242 1233 285 264
1777 247 2085 285 CAESENNIVS

300 407 358 413 —·
401 388 515 423 PICA
546 387 841 423 CAERIANVS.

305 476 356 480 —
401 457 617 492 AGRIPPA
647 455 811 492 IVLIVS
843 454 1049 493 CAESAR.

301 544 359 548 —
403 525 443 561 C.
476 525 640 560 IVLIVS
673 523 882 559 CAESAR.

301 612 358 616 ——
401 593 591 628 DRVSVS
623 592 787 627 IVLIVS
821 590 1028 627 CAESAR.

300 679 356 685 —-
400 660 724 696 GERMANICVS
755 660 919 696 IVLIVS
952 659 1160 695 CAESAR.

301 748 358 752 -—
399 730 443 765 L.
475 729 639 764 IVLIVS
673 729 880 767 CAESAR.

299 816 356 821 —
399 797 533 832 NERO
564 798 730 833 IVLIVS
762 796 971 833 CAESAR.

298 884 357 890 —
399 865 461 904 TI.
494 866 659 902 IVLIVS
698 866 905 903 CAESAR.

299 952 354 956 —
400 927 670 970 Ptolemaeus
702 927 918 972 Caesario.

288 997 363 1038 131
401 996 637 1039 Caesellius
667 997 848 1051 Bassus,
891 996 1055 1051 origine
1095 997 1287 1050 Poenus,
1331 995 1552 1038 thesauros
1583 995 1768 1038 Didonis
1797 998 1974 1052 reginae
2004 997 2085 1041 sibi

372 1065 535 1107 somnio
566 1071 824 1107 monstratos
855 1070 974 1106 ratus
1006 1078 1105 1105 esse·
1127 1064 1168 1106 in
1201 1063 1350 1106 Africa
1377 1065 1632 1106 vastissimis
1673 1065 1886 1121 specubus
1916 1066 2085 1109 abditos

370 1148 420 1175 ac
459 1148 585 1190 posse
624 1135 716 1176 erui
756 1133 917 1175 Neroni
958 1132 1142 1187 indicat3
1184 1147 1296 1174 vana
1332 1147 1379 1174 re
1419 1132 1634 1189 patefacta
1674 1134 1766 1189 ipse
1795 1148 1840 1175 se
1871 1135 2087 1178 interfecit

370 1217 408 1244 a.
440 1203 493 1244 65
530 1203 628 1245 Tac.
661 1217 699 1246 a.
729 1206 794 1252 16,
817 1205 919 1252 1-3,
952 1201 1096 1244 eadem
1124 1201 1364 1243 nominibus
1394 1200 1558 1243 omissis
1588 1201 1785 1255 (‘indicio
1817 1203 1972 1259 equitis
2002 1204 2083 1246 Ro-

368 1271 521 1325 mani‘)
554 1271 724 1314 Sueton.
758 1270 873 1313 Nero
901 1274 968 1312 31.

286 1340 367 1381 132
401 1338 637 1382 Caesellius
658 1339 846 1394 Vindex,
868 1339 1187 1394 grammaticus.
1225 1337 1520 1380 Cassiodorius
1541 1338 1590 1381 de
1611 1339 1914 1395 orthoqraphia
1930 1340 2085 1384 Gram-

368 1408 516 1450 matiei
542 1409 641 1450 Lat.
673 1408 768 1451 VII
782 1423 830 1462 p.
852 1411 935 1451 147
960 1409 1006 1450 in
1034 1420 1206 1450 recensu
1234 1408 1504 1461 scriptorum,
1546 1407 1655 1450 unde
1684 1412 1879 1464 excerpta
1908 1409 2084 1465 eolleyit,

368 1480 591 1519 memorat:
616 1476 687 1519 ιΧ.
728 1477 798 1518 Ex
819 1476 1028 1519 Caesellio
1055 1475 1344 1532 orthographo
1375 1475 1554 1518 collecta
1583 1482 1685 1519 sunt
1714 1477 1786 1532 (cf.
1809 1492 1858 1532 p.
1878 1482 1981 1529 202,
2002 1477 2084 1532 16),

369 1545 449 1587 ΧΙ.
481 1546 551 1587 Ex
570 1545 707 1587 Lucio
731 1544 918 1587 Caecilio
938 1543 1125 1587 Vindice
1148 1543 1357 1586 deflorata
1378 1550 1490 1586 sunt’
1516 1542 1587 1598 (of.
1610 1559 1660 1599 p.
1681 1548 1778 1596 206,
1801 1546 1884 1600 16).
1933 1547 2086 1600 Quam-

369 1628 493 1666 quam
524 1617 679 1655 eertum
710 1616 770 1655 est
806 1611 877 1666 (ef.
909 1626 1014 1666 quae
1055 1612 1246 1666 eoeposuit
1276 1612 1379 1654 Keil
1417 1611 1502 1655 ibd.
1526 1627 1574 1666 p.
1595 1612 1692 1667 139)
1723 1613 1804 1656 duo
1830 1629 1988 1669 yenera
2017 1629 2084 1658 ex-

369 1685 603 1736 cerptorum
635 1681 692 1723 ad
727 1680 976 1723 Caesellium
1007 1680 1218 1723 Vindicem
1247 1680 1471 1734 referenda
1500 1683 1539 1722 et
1568 1694 1619 1723 ρας
1648 1695 1790 1724 errore
1825 1682 2088 1726 Cassiodorii

369 1749 478 1803 quod
507 1750 740 1803 posteriori
775 1749 972 1799 Caecilii,
1003 1763 1089 1790 nou
1115 1747 1313 1791 Caesellii
1339 1762 1488 1790 ‘nomen
1519 1751 1836 1804 praescriptum
1865 1755 1937 1802 est,
1968 1766 2084 1807 repe-

370 1818 535 1860 tendum
585 1832 686 1868 esse,
744 1818 816 1871 qui
858 1831 1007 1859 nomeu
1049 1817 1320 1871 yrammatiei
1356 1817 1403 1858 iu
1447 1817 1585 1859 codiee
1629 1832 1710 1871 quo
1752 1820 1952 1862 utebatur
1995 1834 2085 1863 eor-

367 1890 538 1940 ruptum
576 1887 804 1936 invenerat,
838 1885 1112 1939 praenomiui
1149 1885 1292 1935 lateii,
1333 1884 1442 1938 quod
1478 1899 1587 1927 uuus·
1616 1885 1894 1929 Cassiodorus
1922 1889 2083 1942 posuit,

366 1958 506 2008 utpote
545 1957 707 2008 sumpto
748 1968 798 1995 ea:
836 1954 1109 2007 inscriptione
1148 1955 1349 2007 corrupta
1385 1953 1489 2007 fides
1528 1954 1724 2008 ueyauda
1761 1955 1869 1997 mihi
1908 1957 2083 2000 videtur.

368 2022 602 2065 Caesellius
634 2022 807 2065 Vindex
836 2022 900 2064 vel
929 2021 1166 2065 Caesellius
1194 2021 1258 2064 vel
1286 2021 1462 2064 Vindex
1492 2021 1609 2066 alibi.
2035 2079 2037 2081 Ι

451 2091 682 2133 Terentius
729 2091 918 2133 Scaurus
964 2090 1054 2133 divi
1101 2089 1313 2132 Hadriani
1362 2090 1627 2146 temporibus
1675 2093 1980 2146 grammaticus
2029 2092 2084 2135 de

367 2159 566 2202 Caesellii
597 2159 815 2201 erroribus
845 2159 1017 2214 scripsit
1044 2157 1208 2200 Gellius
1228 2161 1293 2209 11,
1315 2160 1380 2208 15,
1401 2161 1440 2208 3,
1470 2158 1581 2200 uude
1611 2159 1825 2202 Vindicem
1853 2160 1916 2202 vel
1946 2160 2084 2204 eodem

366 2232 547 2282 tempore
575 2227 638 2269 vel
666 2241 750 2269 ‘non
784 2227 914 2270 multo
946 2230 1042 2269 aute
1070 2227 1264 2280 floruisse
1285 2226 1571 2281 probabiliter
1591 2227 1827 2283 oolliyitum
1855 2229 1926 2271 eui
1953 2229 2088 2271 aetati

362 2310 493 2351 gyeuus
521 2295 755 2338 studiorum
785 2297 873 2338 eius
904 2296 1055 2350 optime
1085 2295 1283 2345 convenit,
1314 2294 1414 2337 uam
1435 2295 1482 2337 iu
1503 2295 1888 2350 antiquissimorum
1907 2297 2084 2351 scripto—

365 2379 458 2406 rum
487 2378 674 2406 sermone
699 2363 945 2419 iudayaudo
963 2367 1154 2406 versatus
1174 2366 1245 2406 est.
1299 2363 1482 2420 Scripsit
1504 2366 1829 2407 commentarios
1849 2364 2083 2408 lectionum

364 2433 639 2488 antiquarum
670 2433 744 2488 qui
766 2433 954 2474 citantur
975 2446 1002 2474 a
1025 2431 1164 2474 Gellio
1183 2436 1226 2482 2,
1248 2434 1313 2482 16,
1334 2434 1361 2474 5
1370 2445 1384 2483 ,·
1402 2434 1440 2483 3,
1463 2435 1528 2482 16,
1549 2436 1603 2475 11
1612 2446 1626 2484 ,·
1654 2436 1691 2483 6,
1713 2436 1757 2484 2,
1777 2437 1829 2485 1,·
1855 2436 1921 2484 11,
1943 2436 2008 2484 15,
2029 2436 2085 2485 2,·

366 2504 435 2551 20,
458 2504 501 2550 2,
524 2504 555 2543 2
584 2499 727 2552 (iidem
757 2501 860 2542 libri
889 2500 1156 2554 iutelleyeudi
1185 2513 1270 2542 esse
1297 2500 1491 2542 videntur
1519 2501 1605 2543 ibd.
1626 2504 1666 2552 9,
1687 2504 1753 2553 14,
1777 2505 1804 2544 6
1812 2514 1826 2553 ,·
1851 2504 1918 2552 18,
1939 2505 2004 2553 11,
2025 2502 2081 2556 1).

367 2568 490 2610 Libri
513 2568 710 2610 Caesellii
730 2568 927 2611 Vindicis
957 2562 1199 2611 litterarum
1225 2568 1374 2610 ordine
1395 2568 1591 2625 dispositi
1611 2570 1799 2612 citantur
1825 2584 1853 2612 a
1881 2569 2083 2612 Charisio

370 2636 655 2679 Grammatioi
680 2637 832 2679 Latini
850 2638 883 2679 I
898 2652 945 2691 p.
967 2640 1060 2687 117,
1086 2640 1138 2679 13
1165 2636 1223 2691 (A
1254 2635 1423 2678 litterae
1451 2636 1565 2679 libro
1595 2638 1647 2696 I),
1678 2640 1778 2688 239,
1807 2641 1866 2681 21
1896 2637 2025 2693 (libro
2045 2638 2083 2680 B

368 2706 565 2758 litterae),
590 2719 638 2758 p.
661 2708 754 2755 195,
777 2708 836 2747 26
866 2704 996 2759 (libro
1018 2705 1055 2746 L
1075 2704 1284 2760 litterae)3
1316 2704 1552 2747 Caesellius
1573 2704 1749 2747 Vindex
1778 2705 1823 2747 in
1854 2711 2082 2748 stromateo

370 2773 526 2814 citatur
566 2787 592 2814 a
631 2773 856 2815 Priseiauo
886 2774 948 2816 II
971 2788 1020 2828 p.
1050 2777 1149 2824 210,
1181 2777 1220 2824 7,
1252 2788 1301 2828 p.
1331 2776 1430 2824 230,
1460 2777 1512 2816 11
1542 2773 1650 2828 (sine
1680 2773 1800 2816 titulo
1831 2774 1969 2828 operis
1997 2773 2083 2816 ibd.

365 2856 412 2895 p.
433 2844 535 2891 229,
557 2845 632 2883 1οε
662 2847 709 2883 ut
732 2841 942 2884 Caesellio
964 2842 1140 2884 Vindici
1171 2841 1343 2898 placet).
1388 2841 1571 2896 Propter
1597 2841 1915 2884 similitudinem
1942 2855 2085 2884 rerum

367 2924 472 2963 quae
503 2924 530 2951 a
558 2909 695 2951 Gellio
726 2913 765 2952 et
795 2925 823 2952 a
848 2910 1140 2965 yrammatieis
1181 2909 1435 2961 afferuntur,
1466 2910 1710 2965 probabilis
1740 2913 1800 2952 est
1828 2909 2082 2960 coniectura,

368 2991 620 3031 quamquam
649 2992 733 3020 uon
764 2982 890 3029 certa,
930 2993 1061 3021 uuum
1099 2981 1222 3032 atque
1250 2978 1360 3021 idem
1397 2992 1500 3033 opus
1528 2978 1777 3034 siquifioari‚
1817 2977 1927 3020 unde
1957 2978 2084 3020 etiam

372 3045 695 3099 orthoyrapliiea
734 3050 928 3101 excerpta
957 3049 1070 3097 suut,
1102 3047 1252 3100 quibus
1279 3046 1575 3089 Cassiodorius
1602 3059 1702 3088 usus
1732 3048 1804 3090 est.
1837 3070 1890 3076 —
1921 3045 2082 3088 Memo-

367 3116 492 3155 ratur
525 3117 750 3167 praeterea
783 3115 893 3156 iuter
924 3115 1224 3169 yrammatioos
1257 3118 1377 3157 notos
1415 3114 1532 3170 apud
1559 3114 1798 3156 Aruobium
1816 3114 1851 3156 I
1864 3128 1910 3168 p.
1930 3116 1996 3164 41,
2024 3116 2083 3156 20

369 3181 430 3223 ed.
461 3180 768 3232 Reifferscheid
796 3186 834 3224 et
859 3182 1064 3237 Rufinum
1092 3182 1282 3226 Gramm.
1314 3183 1412 3225 Lat.
1445 3182 1514 3225 VI
1526 3197 1574 3237 p.
1595 3185 1686 3232 565,
1706 3185 1746 3226 3.

285 3249 366 3291 133
397 3248 676 3303 Caesennius,
708 3251 781 3306 qui
809 3254 1027 3308 κηπουρικά
1057 3252 1230 3307 scripsit
1258 3257 1409 3293 auctor
1429 3250 1559 3293 Plinii
1585 3249 1702 3292 Plin.
1725 3263 1768 3292 u.
1788 3248 1829 3292 h.
1849 3248 1936 3291 ind.
1967 3247 1993 3290 l.
2015 3251 2082 3298 19,

369 3316 539 3358 aliunde
568 3330 652 3359 uon
680 3320 816 3360 notus.
