2202 3730
316 318 650 353 BELCHIONIVS
1165 309 1250 352 234
1851 311 2113 357 BELLIOIVS

317 446 369 488 79
402 445 674 488 Belchionius
715 446 1071 487 medicamentum
1110 446 1224 489 Aelii
1265 446 1378 490 Galli
1420 447 1475 490 ab
1515 447 1713 502 Augusto
1754 449 1921 513 accepit
1962 448 2114 492 Galen.

399 512 524 555 XIV
537 528 583 567 p.
605 517 686 554 170
708 513 767 555 K.

316 587 369 628 80
401 586 449 631 C.
482 586 685 628 Bellicius
725 586 986 642 Calpurnius
1027 587 1309 644 Apolaustus,
1351 590 1399 632 in
1436 589 1582 644 fistula
1612 590 1816 644 plumbea
1850 591 2033 644 aquaria
2070 591 2117 634 in

400 669 502 708 cyro
531 655 726 697 Romano
755 658 924 709 reperta
955 655 1004 698 O.
1031 655 1182 698 Bellici
1210 656 1416 713 Calpurni
1448 657 1674 713 Apolausti
1703 658 1938 709 Lanciani,>
1961 658 2116 714 sylloye

399 723 581 775 aquaria
608 736 650 764 n.
671 726 764 765 333.

314 796 362 837 81
402 802 441 838 Ο.
473 802 714 838 BELLICVS
756 802 1066 840 CALPVRNIVS
1108 797 1461 854 [T]ORQVATVS,
1506 797 1669 853 consul,
1702 798 1809 840 civis
1839 804 1881 841 et
1907 805 2115 855 patronus

396 863 706 905 Viennensium
735 863 843 906 XII
864 867 974 907 1853
994 868 1021 909 t.
1046 866 1299 909 Viennensis.
1348 866 1492 909 Potest
1512 879 1597 909 esse
1622 866 1765 909 consul
1795 881 1835 909 a.
1856 869 1937 909 143
1966 867 2024 922 (n.
2044 866 2114 922 86)

397 930 460 973 vel
490 946 528 974 a.
558 934 642 974 148
673 932 731 986 (n.
761 931 846 986 87).

312 1011 366 1052 82
399 1010 518 1065 O.(?)
550 1011 737 1053 Bellicus
768 1012 1060 1057 Marcellinus,
1117 1014 1174 1056 In
1202 1013 1341 1068 lapide
1369 1013 1631 1069 municipali,
1662 1013 1736 1067 qui
1762 1013 1945 1056 Romam
1976 1015 2115 1056 trans-

397 1078 509 1120 latus
541 1082 694 1132 postea
732 1080 791 1122 ad
829 1080 936 1122 alios
973 1094 1074 1123 usus
1115 1081 1329 1125 adhibitus
1368 1086 1449 1133 est,
1491 1096 1541 1125 (x
1576 1081 1698 1125 titulo
1725 1081 1940 1136 primario
1975 1079 2116 1134 (semel

398 1150 592 1189 accurate
614 1162 641 1189 a
663 1147 820 1190 Smetio
851 1148 1070 1203 descri'joto,
1101 1149 1357 1204 interpolato
1379 1165 1406 1192 a
1426 1149 1617 1205 Li‘yorio)
1647 1152 1891 1204 supersunt:
1922 1181 1932 1191 .
1952 1181 1963 1191 .
1981 1181 1992 1192 .
2007 1181 2018 1191 .
2048 1163 2114 1205 pr.

396 1213 439 1256 k.
472 1215 563 1258 Ian.
760 1215 813 1268 Q.
855 1216 999 1259 Sossio
1041 1217 1266 1274 [Falcone]
1308 1218 1356 1261 O.
1393 1219 1553 1260 Erucio
1594 1216 1741 1274 Ol[aro
1784 1215 1888 1272 cos]
1930 1217 1987 1269 (a.
2017 1219 2114 1273 193)

396 1282 528 1324 isdem
560 1284 651 1325 IIII
680 1316 690 1326 .
708 1317 717 1326 .
737 1316 747 1326 .
765 1316 775 1326 .
805 1284 915 1338 C.(‘?)
943 1285 1106 1327 Bellico
1137 1285 1430 1342 Marcelli[no]
1462 1283 1566 1328 cura
1596 1293 1750 1341 agente
1779 1283 1969 1328 Turellio
2000 1284 2114 1326 Feli-

397 1351 567 1393 cissimo
599 1352 653 1393 ob
684 1352 997 1395 dedicationem
1029 1354 1119 1395 eius
1150 1354 1304 1408 ded(it)
1336 1358 1410 1397 etc.
1443 1354 1511 1397 VI
1527 1358 1681 1398 11730.
1734 1354 1851 1407 Quae
1876 1353 2114 1396 Mommsen

396 1417 424 1460 l.
460 1418 487 1460 l.
529 1419 586 1461 ael
620 1419 696 1461 hoc
738 1421 969 1474 exemplum
1013 1422 1240 1476 supplevit:
1284 1421 1539 1478 [dedicavit]
1583 1437 1647 1478 pr.
1688 1420 1775 1464 kal.
1816 1422 1931 1475 Ian.,
1976 1419 2112 1462 isdem

397 1485 469 1538 (=
499 1486 624 1541 idem)
655 1489 746 1531 ΠΗ
777 1488 852 1544 [id.
884 1488 996 1545 Ian.]
1027 1489 1076 1533 C.
1107 1490 1270 1533 Bellico
1301 1489 1598 1546 Marcelli[no]v
1621 1489 1760 1546 [cos.],
1793 1504 1896 1532 cura
1924 1491 2013 1533 etc..
2052 1487 2115 1529 At

395 1567 463 1596 res
491 1555 655 1597 incerta
694 1560 778 1609 est‚·
814 1571 916 1599 nam
947 1558 1132 1601 Smetius
1161 1558 1326 1601 emhibet
1353 1571 1477 1602 ISDEM
1509 1571 1558 1601 ET
1588 1591 1599 1601 .
1615 1591 1626 1601 .
1644 1591 1655 1601 .
1686 1561 1726 1601 et
1752 1558 1907 1601 mirum
1936 1558 2040 1599 esset
2068 1555 2113 1597 in

395 1624 424 1664 t.
455 1623 705 1677 municipali
740 1623 816 1667 sub
853 1625 979 1679 finem
1018 1626 1178 1668 saeculi
1205 1627 1267 1669 II
1296 1640 1454 1669 annum
1483 1627 1769 1682 siqnificatum
1798 1638 1884 1668 esse
1905 1638 1988 1679 per
2017 1637 2112 1666 con-

391 1689 500 1732 sules
529 1690 738 1743 suffectos,
769 1694 906 1747 mayis
932 1694 1088 1735 mirum
1107 1709 1190 1748 per
1218 1709 1361 1737 unum.

309 1769 364 1811 83
397 1775 438 1811 C.
468 1776 712 1813 BELLICVS
759 1778 997 1827 NATALIS,
1045 1773 1194 1815 consul
1232 1774 1434 1816 suffectus
1473 1789 1620 1816 mense
1659 1773 1839 1816 Octobri
1879 1786 2019 1828 usque
2055 1770 2110 1813 ad

395 1837 525 1879 finem
564 1840 664 1880 anni
705 1840 758 1881 68
800 1855 896 1882 cum
936 1841 985 1883 P.
1028 1840 1229 1883 Cornelio
1271 1841 1472 1897 Scipione
1511 1842 1717 1889 Asiatico.
1776 1841 1833 1884 In
1869 1839 2112 1883 consulatu:

391 1904 438 1949 O.
480 1906 667 1948 Bellicus
706 1907 873 1950 Natalis
913 1908 1017 1951 idib.
1059 1909 1238 1953 Octobr.
1277 1909 1345 1953 VI
1364 1913 1466 1961 471,
1507 1925 1545 1955 a.
1588 1910 1628 1953 d.
1659 1911 1728 1953 XI
1763 1908 1850 1953 kal.
1881 1908 1974 1951 Ian.
2005 1906 2108 1962 dipl.

391 1973 478 2017 mil.
499 1974 588 2016 III
600 1975 647 2017 S.
680 1975 748 2017 VI
761 1995 815 2011 =
833 1976 879 2018 X
904 1979 1008 2019 7891
1017 1989 1031 2028 ,·
1061 1976 1109 2021 C.
1141 1976 1331 2020 Bellicus
1361 1977 1527 2020 Natalis
1558 1978 1627 2021 VI
1645 1980 1767 2020 8680.
1796 2001 1854 2007 —-
1883 1974 1933 2019 O.
1956 1974 2109 2020 Bellici

391 2041 555 2083 Natalis
585 2044 701 2084 servi
733 2043 802 2086 VI
822 2047 942 2087 9450.
972 2047 1108 2088 13590
1140 2045 1198 2088 ael
1224 2045 1335 2089 hunc
1363 2047 1579 2101 pertinere
1608 2048 1789 2102 possunt
1825 2044 1890 2088 vcl
1928 2042 1987 2087 ad
2014 2054 2110 2087 con-

390 2109 522 2151 sulem
553 2124 592 2152 a.
622 2113 690 2154 87.
2035 2139 2037 2141 ’

306 2189 361 2230 84
392 2194 433 2231 C.
461 2196 704 2232 BELLICVS
735 2197 949 2234 NATALIS
981 2198 1312 2249 TEBANIANVS,
1345 2193 1495 2236 consul
1524 2194 1657 2248 (suff.)
1682 2207 1827 2236 mense
1847 2192 1964 2234 Maio
1995 2206 2031 2233 a.
2052 2191 2106 2233 87

391 2271 489 2298 cum
529 2257 577 2300 O.
618 2259 813 2301 Ducenio
853 2259 1036 2302 Proculo
1078 2261 1147 2304 VI
1166 2264 1279 2305 2065
1319 2265 1418 2304 acta
1448 2262 1692 2305 Arvalium.
1735 2286 1785 2292 -
1827 2262 1880 2306 Gr.
1921 2258 2108 2302 Bellicus

390 2325 555 2369 Natalis
587 2328 875 2383 Tebanianus,
917 2329 1077 2384 consul,
1110 2331 1290 2386 XVvir,
1322 2331 1578 2374 Flavialium
1610 2330 1791 2387 (colleyii
1819 2326 1994 2382 sodalis)
2024 2326 2105 2370 XI

388 2397 496 2436 1430
535 2398 562 2437 t.
602 2395 789 2439 Pisanus
827 2398 1091 2453 sarcophayi.
1150 2399 1296 2443 Filius
1333 2399 1498 2443 videtur
1532 2399 1578 2445 O.
1607 2399 1763 2442 Bellici
1794 2396 1970 2440 Natalis
2009 2407 2104 2438 con-

387 2463 491 2505 sulis
522 2477 561 2505 a.
593 2466 658 2506 68.

303 2541 355 2582 85
385 2548 428 2583 L.
469 2548 730 2585 BELLIOIVS
772 2551 992 2588 SOLLERS
1023 2566 1079 2581 =
1113 2546 1218 2603 [Ti.]
1260 2546 1507 2603 [Claudius]
1547 2547 1745 2604 Alpinus.
1818 2543 1952 2588 Tituli
1979 2541 2104 2586 Vero-

386 2623 553 2652 nenses:
581 2611 667 2664 ipsi
686 2614 853 2666 positus
884 2618 980 2657 ante
1011 2615 1275 2669 adoptionem
1305 2616 1358 2658 ab
1387 2629 1519 2658 uxore
1549 2615 1591 2658 V
1610 2618 1718 2658 3356
1746 2614 1818 2670 (1),
1847 2613 2104 2656 memoratur

385 2681 484 2731 post
522 2678 785 2732 adoptionem
823 2683 869 2723 in
909 2686 936 2724 t.
968 2684 1115 2736 ,patris
1152 2684 1366 2726 natm-alis
1406 2683 1448 2726 V
1466 2687 1581 2726 3337
1607 2683 1684 2739 (2),
1714 2683 1862 2726 uxoris
1889 2683 1998 2724 3338
2027 2678 2101 2734 (3).

387 2745 461 2786 Ad
499 2746 670 2789 eundem
709 2762 801 2790 cum
840 2750 1130 2805 Hirschfeldio
1166 2751 1273 2793 mihi
1307 2752 1553 2806 referendus
1581 2751 1744 2794 videtur
1774 2754 1801 2795 t.
1831 2749 2103 2793 Dalmaticus

386 2813 475 2855 III
497 2813 543 2856 S.
573 2818 710 2858 13250
740 2815 811 2872 (4),
852 2819 929 2860 ubi
965 2823 1222 2862 memoratur
1251 2820 1491 2862 terminatio
1525 2820 1645 2873 facta
1673 2834 1752 2872 per
1781 2818 2101 2873 Augustianum

388 2880 597 2923 Bellicum
636 2898 750 2939 proc·
792 2885 904 2939 Aug.
977 2887 1093 2929 Nam
1131 2887 1242 2941 quod
1277 2901 1358 2930 von
1395 2887 1711 2931 Domaseewski‘
1747 2887 1772 2929 l.
1806 2887 1832 2929 l.
1862 2886 2011 2928 statuit
2037 2885 2104 2928 ibi

390 2948 619 2992 Claudium
648 2952 943 3006 Aaqustanum
974 2955 1042 3010 (V
1052 2955 1176 3010 3337)
1197 2959 1368 3010 patrem
1399 2956 1592 2999 Sollertis
1619 2956 1756 2998 nostri
1782 2953 2100 3008 intelleqendum

386 3030 470 3058 csse
509 3021 548 3060 et
586 3019 806 3063 Sollertem
849 3036 933 3064 non
975 3023 1113 3078 fllium
1155 3024 1412 3074 naturalem,
1458 3024 1531 3066 secl
1573 3023 1813 3078 adoptivum
1856 3023 2102 3077 Auyustani

386 3086 541 3138 fuisse,
586 3090 790 3130 sententia
832 3091 921 3133 eius
964 3092 1101 3134 minus
1136 3092 1381 3146 probabilis
1423 3092 1597 3142 videtur,
1640 3106 1685 3134 eo
1725 3091 1843 3146 quod«
1870 3093 2014 3133 nostro
2052 3103 2098 3132 eo

387 3155 579 3207 tempore,
622 3169 700 3208 quo
740 3158 884 3200 consul
926 3163 1018 3201 erat
1046 3159 1110 3202 vel
1138 3161 1291 3214 fuerat,
1322 3174 1470 3202 nomen
1495 3159 1756 3215 yentilicium
1784 3158 1936 3201 Bellici
1966 3158 2098 3213 fuisse

386 3234 436 3262 ex
474 3224 502 3281 t.
531 3225 559 3263 3
589 3228 778 3280 apparet.
846 3226 1023 3270 Accedit
1061 3228 1172 3282 quod
1209 3229 1255 3270 in
1295 3228 1456 3270 duobus
1495 3228 1594 3270 aliis
1632 3227 1869 3270 hominibus
1905 3226 2096 3282 (quorum

385 3288 557 3331 nomina
587 3291 706 3344 infra
737 3294 882 3346 posita
911 3295 1022 3349 sunt)
1052 3295 1191 3338 eodem
1224 3295 1345 3338 modo
1375 3296 1598 3339 coniuncta
1612 3288 1894 3338 ‘inueniuntur
1920 3290 2098 3336 nomina

385 3355 664 3411 Augustanus
685 3359 870 3416 Alpinus
901 3362 1104 3405 Bellicius
1134 3363 1306 3406 Sollers.
1351 3364 1502 3418 Itaque
1531 3367 1571 3406 et
1597 3367 1740 3406 nostro
1760 3360 1894 3418 plena
1921 3360 2095 3405 nomina
