2202 3730
108 291 346 328 CASTRIVS
966 283 1050 327 319
1683 288 1912 324 CATILIVS

106 422 192 464 454
222 421 415 463 Castrius
434 420 587 475 Cinna,
620 423 640 464 ὁ
669 424 882 478 κράτιστος,
913 427 1167 477 procurator
1189 420 1460 470 ducenarius,
1482 420 1654 474 publice
1683 420 1915 463 honoratus

193 492 223 532 t.
253 489 426 532 Milesio
455 489 597 532 Revue
628 489 943 544 arche'oloyique
970 490 1079 532 se'rie
1098 489 1159 531 II
1179 489 1259 533 vol.
1279 488 1505 532 XXVIII
1526 489 1669 544 (1874)
1691 503 1740 543 p.
1762 492 1856 532 109.

120 582 179 588 —
218 558 270 600 L.
301 557 504 600 Artorius
534 557 706 601 Castus,

119 650 179 655 —
219 626 272 668 L.
303 625 484 668 Fulvius
516 626 672 669 Castus
702 625 1046 681 Ful[vianus‘?].'

118 719 176 724 —
218 694 422 748 IVL(1vs)
453 700 651 736 oAs'rVS.

119 787 177 792 —
219 769 272 805 M.
304 768 507 805 TINEIVS
539 768 740 805 OVINIVS
772 768 968 804 CASTVS.

119 855 176 861 —-
219 830 422 873 Valerius
454 830 650 873 Statilius
682 830 848 874 Castus.

119 923 178 928 —
220 899 272 941 L.
302 899 476 953 Iul(ius)
507 899 589 942 Cat
606 932 615 941 .
634 931 644 942 .
662 931 672 941 .

106 969 190 1010 455
221 973 263 1009 C.
298 973 542 1009 CATELIVS
572 972 908 1020 MODESTINVS,
939 967 1073 1008 frater
1102 967 1277 1009 Arvalis
1306 981 1419 1009 anno
1450 968 1614 1010 incerto
1646 967 1916 1024 imperatoris

192 1036 328 1078 Marci
360 1036 429 1079 VI
448 1038 563 1079 2095
593 1038 691 1077 acta
721 1035 960 1078 Arvalium.

123 1128 174 1133 —
215 1110 373 1146 AELIA
403 1110 648 1146 GATELLA.

119 1197 178 1202 ——
222 1179 267 1214 L.
297 1178 546 1214 POMPEIVS
576 1177 813 1212 VOPISCVS
845 1176 887 1212 C.
919 1176 1203 1213 ARRVNTIVS
1236 1177 1512 1213 CATELLIVS
1545 1177 1723 1214 CELER.

108 1242 192 1284 456
225 1240 433 1284 Catellius
464 1240 645 1282 Rufinus
675 1239 923 1294 imperatori
955 1238 1178 1281 Gordiano
1209 1246 1252 1281 et
1280 1240 1440 1281 Furiae
1468 1240 1656 1282 Sabinae
1686 1239 1917 1296 Tranquil-

190 1309 304 1352 linae
343 1309 470 1351 uxori
510 1308 654 1365 posuit
692 1307 815 1350 VIII
837 1310 946 1350 9963
985 1310 1014 1349 t.
1047 1307 1297 1351 Mauretan.
1335 1307 1620 1359 Caesariens.;
1660 1315 1915 1364 procurator

195 1391 344 1420 eorum
374 1377 439 1420 tit.

108 1446 191 1488 457
224 1445 444 1500 Catianus,
475 1444 531 1487 ad
562 1458 691 1501 quem
719 1443 932 1486 Martialis
962 1444 1136 1500 scripsit
1165 1443 1296 1498 epiyr.
1327 1446 1366 1495 6,
1386 1447 1453 1486 46.

107 1514 190 1556 458
222 1513 413 1568 Catiena,
446 1519 635 1555 scortum
666 1512 886 1569 quoddam
916 1511 1062 1555 nobile
1091 1511 1282 1555 Iuvenal.
1313 1515 1394 1554 sat.
1420 1515 1460 1562 3,
1488 1515 1579 1556 133.

109 1583 221 1624 458a
250 1582 468 1636 Catienus,
501 1587 622 1623 actor
651 1580 971 1635 tragoediarum
998 1579 1156 1622 nobilis
1175 1580 1330 1624 Horat.
1357 1583 1439 1625 sal.
1460 1583 1502 1630 2,
1525 1583 1563 1630 3,
1585 1584 1638 1623 61
1669 1595 1762 1623 cum
1789 1582 1917 1624 schol.

108 1652 193 1694 459
223 1650 411 1694 Catilina
450 1651 544 1706 (οὐχ
574 1651 595 1692 ὁ
626 1648 879 1706 συνωμότης,
918 1647 1009 1691 ἀλλ’
1032 1649 1182 1706 ἕτερος)
1221 1648 1355 1690 latine
1382 1648 1436 1690 dc
1465 1663 1512 1690 re
1541 1648 1716 1691 militari
1747 1651 1920 1706 scripsit

194 1719 377 1762 Ioannes
406 1718 552 1774 Lydus
581 1718 631 1760 de
659 1718 850 1772 maqistr.
872 1720 911 1768 1,
931 1721 1010 1769 47,·
1038 1720 1218 1760 ceterum
1246 1718 1426 1772 iynotus.

108 1788 194 1830 460
224 1793 452 1829 CATILIVS
485 1793 710 1829 SEVERVS
741 1786 882 1829 dictus
912 1792 978 1828 est
1005 1801 1060 1828 ex
1090 1801 1251 1843 proavo
1283 1793 1477 1828 materno
1508 1787 1580 1842 (cf.
1610 1801 1652 1829 n.
1679 1787 1775 1842 463)
1804 1789 1919 1844 prin-

193 1857 306 1912 cipio
345 1856 441 1898 aevi
482 1856 548 1897 sui
587 1856 662 1911 qui
697 1861 848 1912 postea
886 1854 970 1897 fuit
1007 1854 1068 1899 M.
1099 1854 1270 1897 Annius
1301 1855 1443 1897 Verus
1483 1857 1576 1897 sive
1615 1856 1674 1898 M.
1713 1855 1919 1898 Aurelius

123 1982 133 1984 ‚
195 1924 442 1967 Antoninus
471 1925 543 1967 vit.
568 1924 717 1966 Marci
738 1927 778 1974 1,
801 1927 827 1966 9
856 1924 911 1978 cf.
942 1937 1076 1978 supra
1098 1923 1142 1965 A
1165 1926 1250 1966 537
1268 1938 1316 1978 p.
1340 1927 1404 1968 71.

109 1994 190 2036 461
225 1999 302 2036 CN.
335 1999 565 2035 CATILIVS
597 1998 835 2046 SEVERVS,
867 1991 1003 2035 frater
1030 1991 1206 2034 Arvalis
1237 1991 1376 2034 adfuit
1408 1993 1448 2033 in
1481 1991 1663 2047 collegio
1692 2008 1806 2036 anno
1839 1993 1919 2036 183

204 2061 273 2104 VI
293 2065 407 2106 2099
438 2063 568 2118 (anno
597 2062 757 2104 incerto
788 2061 939 2104 Marci
967 2061 1036 2104 VI
1056 2063 1172 2105 2098
1180 2060 1219 2115 ,9)
1251 2064 1349 2103 acta
1377 2060 1617 2104 Arvalium.

111 2130 196 2173 462
227 2136 303 2174 ΟΝ.
326 2136 554 2172 CATILIVS
578 2135 816 2183 SEVERVS,
848 2128 982 2172 frater
1001 2128 1176 2171 Arvalis
1202 2144 1238 2171 a.
1263 2130 1360 2171 213.
1381 2130 1464 2172 218
1494 2129 1634 2172 adfuit
1663 2131 1705 2171 in
1738 2129 1919 2184 collegio

201 2197 406 2242 712086.
428 2202 542 2242 2104
564 2202 663 2241 acta
676 2197 928 2249 Arvalium,·
957 2197 1067 2240 idem
1085 2197 1251 2239 videtur
1273 2197 1453 2240 Catilius
1478 2197 1680 2252 Severus,
1713 2205 1920 2253 cognatus

194 2266 436 2309 Alexandri
468 2267 632 2318 Severi,
670 2267 739 2308 vir
779 2267 969 2308 omnium
999 2265 1272 2308 doctissimus
1312 2267 1386 2322 qui
1425 2266 1508 2308 fuit
1545 2267 1589 2308 in
1618 2266 1796 2308 consilio
1828 2268 1921 2309 eius

194 2335 267 2377 vit.
289 2335 532 2378 Alexandri
561 2335 654 2379 Sev.
679 2337 747 2389 68,
774 2337 814 2377 1.

110 2403 195 2446 463
224 2409 271 2446 L.
294 2409 523 2446 CATILIVS
555 2409 792 2457 SEVERVS,
818 2401 968 2444 consul
988 2402 1034 2445 II
1061 2416 1175 2444 anno
1200 2403 1281 2444 120
1302 2416 1400 2444 cum
1421 2401 1473 2444 T.
1494 2401 1673 2444 Aurelio
1695 2401 1848 2444 Fulvo.
1866 2426 1920 2432 —

197 2471 467 2514 Memoratur
505 2473 552 2514 in
591 2475 620 2514 t.
658 2471 918 2525 Thyatireno
947 2469 1058 2513 OIG
1087 2473 1222 2519 3509‚·
1262 2470 1375 2523 falso
1406 2469 1464 2511 ad
1492 2484 1585 2511 eum
1612 2469 1774 2512 relatus·
1803 2473 1863 2512 est
1892 2473 1920 2514 t.

195 2540 370 2583 mutilus
395 2540 554 2596 Lyciae
583 2538 777 2582 Bulletin
807 2538 857 2581 de
886 2538 1243 2593 correspondance
1272 2538 1522 2592 Hellenique
1549 2537 1599 2580 X
1625 2538 1768 2594 (1886)
1788 2553 1838 2593 p.
1867 2541 1923 2580 46

196 2608 251 2662 cf.
280 2609 404 2663 infra
431 2609 508 2651 sub
538 2607 597 2650 D.
627 2606 807 2662 Rupilio
838 2604 1005 2651 Severo.

282 2677 339 2719 In
369 2676 592 2719 consulatu
621 2676 778 2718 altero:
817 2675 867 2719 L.
900 2674 1082 2718 Catilius
1123 2674 1312 2717 Severus
1353 2674 1422 2716 VI
1442 2676 1570 2717 2080.
1610 2677 1735 2718 9100.
1765 2677 1919 2722 27041,

199 2747 380 2788 ceterum
411 2745 598 2788 Severus
626 2745 745 2798 fasti.
779 2769 832 2773 —
868 2742 1051 2786 Catilius
1083 2742 1270 2785 Severus
1301 2743 1378 2793 tu„
1410 2743 1509 2785 item
1539 2742 1657 2797 apud
1682 2743 1920 2797 scriplores.

284 2812 440 2856 Consul
459 2814 493 2856 I
517 2811 749 2866 (suffectus)
781 2825 894 2854 anno
919 2812 1078 2854 incerto
1107 2812 1183 2853 sub
1210 2811 1414 2853 Traiano.
1463 2810 1684 2853 Autumno
1716 2812 1817 2853 anni
1840 2811 1920 2854 117

199 2881 451 2924 Hadrianus
482 2894 579 2922 eum
608 2879 799 2934 legatum
830 2878 984 2934 Syriae
1013 2879 1266 2935 praeposuit
1293 2879 1366 2920 vit.
1393 2878 1613 2921 Hadrian.
1631 2881 1672 2930 5,
1695 2882 1760 2921 10.
1811 2878 1921 2921 Con-

199 2948 266 2991 sul
295 2949 341 2991 H
370 2963 483 2991 anno
515 2949 598 2991 120
626 2947 734 3001 fasti
762 2947 817 3000 cf.
846 2947 920 2988 vit.
950 2946 1026 2988 Pu·
1052 2949 1096 2997 2,
1127 2950 1192 2997 10,
1232 2947 1306 2992 vit.
1337 2946 1489 2989 Marci
1515 2949 1554 2998 1,
1583 2951 1623 2990 4.
1685 2946 1922 2989 Proconsul

197 3017 330 3060 Asiae
361 3017 452 3072 (sub
480 3016 672 3059 Traiano
701 3014 765 3057 vel
791 3013 1037 3063 Hadriano)
1068 3015 1132 3057 tit.
1182 3015 1433 3057 Praefectus
1463 3015 1561 3058 urbi
1592 3030 1705 3058 anno
1738 3015 1819 3058 138
1849 3015 1920 3059 vit.

197 3085 414 3129 Hadrian.
444 3088 516 3135 24,
541 3087 580 3135 6,
621 3084 692 3126 vit.
725 3083 875 3125 Marci
901 3086 942 3133 1,
971 3086 1022 3134 4,·
1061 3082 1113 3125 Τ.
1142 3082 1311 3126 Aurelii
1338 3083 1469 3126 Fulvi
1507 3083 1783 3140 adoptionem
1818 3090 1923 3125 tunc

198 3153 355 3196 factam
378 3168 471 3195 esse
492 3152 582 3206 (die
601 3152 656 3195 25
676 3152 834 3193 mensis
855 3150 1084 3193 Februarii
1111 3166 1150 3193 a.
1173 3151 1254 3193 138
1276 3151 1330 3205 cf.
1349 3165 1485 3206 supra
1501 3167 1550 3206 p.
1570 3152 1677 3206 207)
1699 3152 1922 3207 speciatim

197 3220 353 3276 doluit,
395 3235 491 3263 cum
527 3220 609 3263 sibi
648 3225 928 3275 praepararet
964 3219 1216 3274 imperium3
1258 3234 1345 3275 qua
1383 3234 1430 3262 re
1465 3220 1638 3277 prodita
1676 3234 1923 3262 successore

198 3296 375 3346 accepto
396 3289 606 3344 dignitate
635 3289 829 3344 privatus
860 3293 925 3329 est
954 3286 1062 3339 ibd.,·
1093 3287 1344 3330 Hadrianus
1363 3289 1557 3343 graviter
1577 3303 1675 3331 eum
1702 3289 1922 3330 insecutus

199 3364 264 3400 est
291 3358 376 3402 ibd.
406 3361 471 3408 15,
503 3361 541 3401 7.
