2202 3730
295 293 536 329 APPIANVS
1163 283 1243 325 116
1923 289 2097 326 APPIVS

378 436 541 466 manus,
557 447 613 451 —
629 419 858 462 Parentela
879 419 1122 462 coniunctus
1142 419 1304 460 videtur
1325 432 1417 460 eum
1438 418 1505 460 M.
1530 418 1667 462 Gavio
1690 419 1734 461 Τ.
1751 420 1784 474 f.
1807 418 1892 464 Vel.
1909 419 2100 474 Appalio

381 491 589 540 Maoeiino,
621 490 802 543 fortasse
823 491 953 542 pater
981 487 1195 529 naturalis
1225 488 1313 529 eius
1342 487 1395 541 cf.
1424 486 1465 530 G
1491 489 1557 530 54.

309 584 366 589 -—
408 566 460 601 M.
494 564 673 599 GAVIVS
704 562 945 598 APPALIVS
977 562 1222 597 MAXIMVS.

296 628 378 670 759
408 627 644 683 AppianuS.
701 623 982 681 Ἀλεξανδρεύς,
1018 625 1059 670 ἐς
1093 624 1141 666 τὰ
1171 628 1308 681 πρῶτα
1337 626 1444 681 ἥκων
1481 625 1521 666 ἐν
1552 628 1605 680 τῇ
1633 625 1787 681 πατρίδι
1815 625 1880 667 καὶ
1910 625 2032 670 δίκαις
2057 625 2098 667 ἐν

381 694 519 751 Ῥώμῃ
542 693 831 750 συναγορεΰσας
853 694 914 735 ἐπὶ
934 697 1011 735 τῶν
1035 693 1242 749 βασιλέων,
1275 692 1392 749 μέχρι
1414 709 1464 748 με
1490 697 1602 749 σφῶν
1633 693 1899 749 ἐπιτροπεύειν
1928 692 2098 749 ἠξίωσαν

379 762 568 816 Appian.
592 762 737 816 praef.
769 763 835 811 15,
867 761 914 802 id
943 764 1024 802 est:
1063 774 1244 802 summos
1281 760 1458 802 honores
1495 761 1770 815 municipales
1808 760 2101 803 Alemandriae

381 831 555 884 adeptus
584 830 748 872 Rornae
787 830 862 871 sub
902 830 1231 883 imperatoribus
1271 842 1423 871 causas
1454 829 1548 883 eqit,
1581 829 1676 871 dein
1697 831 1956 883 procurator
1985 827 2098 883 Auy.

379 900 520 952 faetus
553 901 624 941 est.
684 897 754 940 Ab
792 897 1011 939 Antonino
1047 898 1125 940 Pio
1162 898 1323 940 Fronto
1354 912 1432 954 pro
1463 896 1661 954 Appiano
1692 898 1829 939 amic-o
1861 911 1962 939 sene
1993 895 2099 939 orbo

379 967 602 1021 dignitatis
652 965 875 1021 augendae
925 981 1055 1007 causa
1098 966 1446 1022 procurationem
1494 966 1619 1022 petiit
1661 965 1825 1008 Fronto
1875 965 1934 1008 ad
1970 964 2102 1008 Pium

380 1050 427 1090 p.
449 1038 530 1077 170
553 1034 632 1085 N„
668 1049 794 1088 quani
830 1034 990 1088 aceepit
1017 1048 1067 1076 ex
1094 1034 1232 1076 verbis
1263 1035 1408 1088 ipsius.
1469 1033 1693 1089 Epistulae
1729 1047 1883 1088 graece
1916 1035 2102 1090 scriptae

378 1103 566 1159 Appiani
599 1110 640 1145 et
672 1103 902 1145 Frontonis
931 1102 1096 1144 Fronto
1122 1094 1170 1156 p.
1193 1105 1394 1146 244-251
1418 1102 1474 1146 N.
1494 1127 1552 1132 —
1585 1101 1766 1158 Scripsit
1805 1103 1920 1144 circa
1948 1118 1984 1145 a.
2018 1102 2100 1145 150

381 1169 452 1225 (of.
477 1172 621 1225 praef.
655 1174 694 1227 7)
728 1171 949 1212 historiam
978 1171 1216 1213 Romanam
1257 1171 1494 1213 secundum
1535 1171 1728 1213 nationes
1759 1170 1970 1225 digestam
2000 1170 2100 1213 inde

380 1239 434 1281 ab
474 1239 716 1293 originibus
757 1254 893 1295 usque
923 1238 978 1280 ad
1016 1240 1188 1281 initium
1219 1241 1371 1281 aetatis
1409 1239 1708 1294 imperatoriae
1737 1238 1926 1293 Appian.
1952 1240 2098 1294 praef.

379 1311 444 1349 14.
474 1310 537 1350 15.
583 1308 791 1364 Παρθικὴν
821 1309 978 1365 γραφήν
1010 1322 1054 1348 se
1084 1308 1378 1349 confecturum
1410 1322 1502 1349 esse
1531 1307 1756 1363 profitetur
1782 1306 1972 1361 Appian.
2005 1308 2099 1351 bell.

379 1376 453 1419 civ.
474 1378 518 1426 2,
540 1378 594 1419 18
603 1389 616 1427 ;
645 1379 682 1426 5,
706 1378 770 1420 65.

297 1444 379 1486 760
409 1476 532 1486 .....
551 1459 600 1486 us
632 1443 878 1500 Appianus,
922 1447 1101 1501 λογιστής
1132 1476 1142 1486 .
1161 1477 1170 1486 .
1189 1476 1198 1486 .
1238 1445 1284 1486 in
1323 1444 1560 1498 fraqmento
1590 1444 1705 1486 tituli
1730 1444 1877 1498 qraeei
1903 1442 2100 1486 Citiensis

381 1513 517 1566 positi
553 1512 694 1554 Iuliae
736 1512 932 1554 Domnae
967 1512 1185 1567 Auqustae
1224 1512 1689 1567 Lebas-Waddinqton
1727 1515 1857 1556 2728.
1918 1510 2101 1555 Garator

379 1581 511 1635 iqitur
542 1581 688 1634 oppidi
715 1579 822 1623 Citii
848 1581 923 1622 sub
957 1580 1107 1623 Severo
1135 1581 1198 1623 vel
1227 1580 1457 1623 Antonino.

305 1673 365 1679 —
408 1655 582 1690 APPIVS
614 1655 873 1693 APPIANVS.

307 1741 364 1746 —-
407 1723 451 1759 L.
482 1723 712 1758 RVPILIVS
741 1717 1031 1772 APPIAN[VS].

307 1810 364 1814 —
406 1792 459 1827 M.
492 1791 741 1827 VALERIVS
773 1792 1038 1827 MESSALLA
1067 1791 1327 1827 BARBATVS
1358 1792 1615 1828 APPIANVS.

297 1854 375 1896 761
409 1860 582 1895 APPIVS
604 1860 697 1894 APP
699 1860 850 1895 IANVS
871 1854 1116 1896 nominatur
1133 1868 1177 1895 en
1198 1854 1264 1904 iis,
1288 1869 1396 1910 quos
1417 1854 1618 1896 Tiberius
1643 1870 1679 1898 a
1706 1855 1757 1897 17
1779 1855 1917 1897 movit
1946 1860 2099 1896 senatu

381 1927 456 1963 aut
486 1928 637 1977 sponte
668 1921 821 1964 cedere
849 1936 999 1978 passus
1030 1928 1093 1964 est
1119 1922 1216 1964 Tae.
1240 1937 1279 1964 a.
1300 1926 1342 1973 2,
1365 1925 1432 1967 48.

306 2014 364 2018 —
410 1996 471 2033 TI.
505 1986 788 2047 CL(AVD1VS)
819 1997 871 2033 M.
903 1996 1075 2032 APPIVS
1116 1996 1313 2033 ATILIVS
1354 1997 1557 2032 BRADVA
1595 1997 1850 2033 REGILLVS,
1874 1997 2098 2035 ATTICVS.

294 2057 375 2100 762
406 2064 458 2101 M.
481 2064 653 2099 APPIVS
677 2058 892 2112 (ATILIVS
904 2058 944 2112 Ρ)
967 2065 1170 2100 BRADVA
1189 2059 1420 2101 honoratus
1450 2062 1477 2103 t.
1509 2059 1723 2114 Olympico
1750 2060 1861 2102 edito
1883 2075 1911 2102 a
1930 2059 2099 2102 Dz'tten-

381 2127 562 2180 berqero,
596 2127 886 2168 commentatio
907 2126 956 2168 de
976 2127 1161 2169 Herodis
1181 2126 1319 2169 Attici
1337 2129 1612 2170 monumentis
1642 2127 1869 2183 olympicis
1887 2143 1936 2183 p.
1964 2128 2100 2171 VIII:

378 2193 432 2236 M.
458 2192 627 2236 ’Άππιον
659 2193 882 2251 Βραδούαν,
923 2196 1074 2251 ταμίαν,
1119 2196 1347 2252 στρατηγόν,
1386 2194 1582 2252 [ὕπατον],
1619 2195 1880 2255 [πρεσβευτὴν
1909 2198 1974 2239 καὶ
2001 2197 2099 2240 ἀντι-

379 2262 607 2319 στράτηγον]
650 2264 747 2306 θεοῦ
779 2261 987 2320 ζΑδριανοῢ
1028 2265 1211 2307 ὑπατικὸν
1244 2265 1463 2321 Γερμανίας
1502 2266 1567 2307 καὶ
1597 2264 1847 2322 Βρεττανίας,
1878 2266 2097 2323 ποντίφικα,

379 2333 535 2373 σοὸἇλιν
576 2328 826 2388 Ἁδριανᾶλιν,
869 2334 934 2374 τὸν
971 2330 1213 2390 Ῥη[γίλλης]
1261 2331 1385 2389 [πρ]ὸς
1425 2335 1570 2390 μητρὸς
1608 2336 1765 2376 πάππον
1805 2338 1874 2392 τῆς
1913 2333 2097 2391 (Ηρώδου

378 2401 557 2454 γυναικὸς
586 2401 611 2455 ἡ
642 2400 752 2446 πόλις
782 2401 807 2456 ἡ
838 2405 915 2442 τῶν
949 2399 1130 2443 Ἠλείων.

463 2467 601 2521 Appii
637 2481 785 2509 nomen
824 2468 871 2509 in
908 2468 984 2510 hoe
1022 2468 1186 2511 homine
1214 2473 1357 2512 utrum
1388 2484 1647 2524 praenomen
1688 2485 1745 2513 an
1773 2485 1921 2514 nomen
1944 2469 2098 2526 yentile

378 2535 695 2590 seffutelleyendum
729 2537 796 2586 sit,
823 2540 929 2578 certe
961 2537 1192 2580 diiudicari
1220 2539 1374 2592 nequit.
1422 2538 1521 2581 Vtut
1542 2542 1612 2589 est,
1626 2539 1912 2593 probabiliter
1931 2538 2097 2582 Ditten-

381 2603 526 2657 berqer
549 2617 657 2645 -eum
695 2618 844 2645 nomen
874 2604 1006 2646 Atilii
1034 2605 1229 2648 habuisse
1258 2607 1410 2649 statuit
1439 2621 1530 2649 eum
1550 2611 1729 2662 propter
1760 2620 1982 2662 coynomen
2011 2609 2097 2648 tum

380 2685 438 2721 eo,
471 2671 580 2724 quod
608 2672 654 2713 in
683 2671 877 2725 Re'qillae
905 2674 1036 2727 stirpe
1063 2687 1353 2728 usquequaque
1382 2675 1458 2717 hoe
1486 2689 1635 2718 nomen
1665 2676 1858 2718 occurrit.

464 2739 568 2780 Fuit
588 2746 799 2794 quaestor,
832 2747 1016 2796 praetor,
1049 2742 1198 2784 consul
1229 2741 1444 2797 (suffectus
1473 2757 1583 2786 anno
1613 2744 1773 2786 ineerto
1801 2744 1876 2786 sub
1909 2741 2097 2786 Traiano

379 2810 427 2848 ut
463 2807 664 2862 videtur),
706 2807 872 2862 legatus
913 2808 1026 2863 Aug.
1068 2825 1131 2866 pr.
1172 2825 1237 2867 pr.
1279 2811 1538 2855 Germaniae
1579 2811 1684 2867 (sup.
1727 2815 1803 2854 aut
1839 2811 1948 2866 inf),
1995 2813 2097 2854 item

379 2874 632 2917 Britanniae
672 2876 753 2918 sub
794 2876 1039 2932 Hadriano3
1079 2879 1298 2935 pontifex,
1340 2879 1498 2922 sodalis
1537 2879 1815 2922 Hadrian-alis
1846 2878 2096 2938 (imperante

379 2942 595 2985 Antonino
625 2943 724 2999 Pio)
757 2945 818 2988 tit.
848 2970 906 2974 ——
934 2945 1058 2988 Avus
1090 2953 1306 2990 maternus
1337 2947 1506 3004 Appiae
1533 2947 1703 2990 Anniae
1732 2947 1925 3003 Regillae
1955 2949 2019 2991 tit.
2037 2972 2096 2978 —-

380 3008 497 3051 Certe
518 3011 744 3064 parentela
770 3013 1011 3055 coniunctus
1041 3028 1133 3056 eum
1165 3015 1230 3059 M.
1252 3015 1390 3058 Atilio
1420 3016 1591 3058 Metilio
1619 3015 1803 3058 Bradua
1833 3029 1914 3059 cos.
1936 3030 1976 3058 a.
1997 3018 2093 3059 108.

296 3078 377 3120 763
409 3083 450 3119 o.
481 3085 655 3120 APPIVS
687 3086 943 3123 EVNOMIVS
976 3088 1283 3138 SAPIDIANVS,
1316 3083 1577 3125 clarissimus
1607 3084 1687 3138 vir,
1719 3091 1922 3140 quaestor
1951 3083 2095 3126 candi-

379 3144 517 3200 datus,
550 3153 723 3202 praetor
743 3148 945 3204 urbanus,
979 3156 1184 3205 patronus
1207 3151 1566 3208 Sinuessanorum
1588 3151 1759 3206 publice
1790 3153 1843 3194 ab
1874 3152 1940 3195 his
1967 3152 2095 3195 hono-

378 3217 499 3255 ratus
533 3217 561 3258 t.
598 3214 816 3269 Campano
850 3217 899 3259 X
927 3220 1036 3260 3844
1075 3222 1290 3274 suspectae
1329 3219 1448 3275 fidei,
1487 3220 1638 3274 quimae
1676 3219 1750 3274 qui
1786 3220 1912 3262 unius
1940 3219 2098 3275 Lupoli

380 3283 632 3324 auctoritate
659 3284 835 3328 nitatur.

304 3366 365 3378 ’—
407 3355 654 3392 POMPEIVS
684 3357 857 3394 APPIVS
888 3359 1177 3399 FAVSTINVS.
