2202 3730
110 298 344 334 CEIONIVS
968 292 1052 334 329
1679 297 1913 334 CEIONIVS

192 429 243 470 L.
273 427 476 470 Aurelius
498 429 640 471 Verus
670 429 894 484 Augustus
913 431 1082 484 passim
1111 431 1157 472 in
1187 429 1322 472 titulis
1351 432 1391 472 et
1418 429 1598 472 nummis
1627 427 1788 471 Eokhel
1820 427 1916 470 VII

187 511 235 550 p.
255 499 311 539 89
329 510 430 550 sqq„
459 497 599 540 Cohen
620 497 709 540 111
714 499 730 523 2
753 513 801 552 p.
823 501 903 540 171
923 511 1008 552 sqq.
1859 508 1864 512 ·

286 564 339 607 Vt
367 566 413 607 in
433 569 562 619 patre
593 565 665 620 (of.
694 580 738 609 n.
766 566 879 621 503),
908 567 974 608 ita
1002 566 1048 609 in
1085 566 1326 608 nominibus
1353 565 1479 608 huius
1507 566 1613 607 mire
1643 565 1916 607 hariolantur

189 633 414 688 scriptores
444 634 517 687 qui
545 634 742 676 dicuntur
769 634 972 676 historiae
991 634 1234 688 Auyustae:
1262 635 1312 678 L.
1337 633 1542 676 Aurelius
1564 633 1767 676 Ceionius
1789 632 1914 675 Com-

189 701 343 743 modus
363 702 506 743 Verus
537 702 782 744 Antoninus
811 703 884 744 vit.
905 702 1024 744 Aelii
1046 705 1090 753 2,
1112 706 1150 753 9,
1183 703 1234 745 L.
1260 702 1463 745 Ceionius
1483 702 1634 744 Aelius
1653 700 1914 745 Commodus

189 769 331 811 Verus
362 769 619 825 Antoninus,
661 772 735 827 qui
776 786 831 813 ex
861 770 1074 813 Hadriani
1113 770 1337 814 voluntate
1367 770 1518 813 Aelius
1558 769 1798 827 appellatus
1837 775 1912 823 est,

191 851 245 878 ex
266 836 474 880 Antonini
505 840 806 881 coniunctione
826 840 969 882 Verus
1001 846 1043 881 et
1062 839 1308 881 Antoninus
1328 840 1417 881 vita
1436 843 1475 890 1,
1497 843 1549 891 3,·
1578 838 1749 881 Annius
1771 838 1914 881 Verus

188 906 260 950 vit.
281 906 506 949 Hadriani
534 910 606 958 24,
629 911 667 958 1,
698 908 769 949 vit.
792 907 869 950 Pii
897 911 934 958 6,
956 911 1034 959 10,·
1062 908 1237 950 Marcus
1268 909 1496 964 imperium
1526 907 1706 964 adeptus
1737 906 1914 949 fratrem

190 972 274 1016 sibi
304 975 560 1030 participem
589 976 632 1016 in
654 976 833 1032 imperio
855 976 1110 1030 designavit,
1134 991 1262 1032 quem
1283 977 1333 1018 L.
1355 975 1582 1019 Aurelium
1603 976 1768 1018 Verum
1789 974 1914 1018 Com-

189 1041 365 1084 modum
396 1042 631 1098 appellavit
662 1069 714 1073 —
750 1068 798 1073 —
829 1043 1040 1086 Antonini
1070 1058 1172 1086 mox
1201 1045 1293 1100 ipse
1323 1059 1480 1087 nomen
1509 1044 1673 1100 recepit
1703 1050 1756 1098 et,
1789 1043 1913 1099 quasi

189 1116 314 1166 pater
339 1110 391 1155 L.
424 1110 650 1154 Commodi
681 1118 813 1163 esset,
855 1118 899 1155 et
927 1112 1093 1155 Verum
1133 1127 1230 1155 eum
1260 1112 1498 1168 appellavit
1527 1112 1672 1154 addito
1703 1111 1914 1154 Antonini

188 1179 361 1221 nomine
399 1180 472 1221 vit.
510 1179 660 1222 Marci
689 1183 726 1230 7,
754 1183 856 1225 5-7.
925 1179 1136 1223 Antonini
1175 1195 1331 1222 nomen
1371 1179 1479 1223 falso
1519 1181 1558 1222 ei
1595 1179 1804 1222 tribuitur
1840 1180 1913 1221 vit.

187 1246 306 1288 Aelii
332 1250 371 1298 5,
393 1251 462 1298 12,
496 1247 693 1290 Macrini
708 1251 749 1299 3,
769 1251 819 1300 4;
849 1252 887 1299 7,
912 1252 949 1299 7,
979 1247 1236 1292 Diadumen.
1258 1252 1296 1299 6,
1318 1251 1367 1300 6,·
1395 1252 1433 1299 7,
1452 1252 1492 1299 4,
1522 1247 1766 1291 Alexandri
1783 1251 1850 1298 10,
1871 1250 1913 1291 5.

188 1314 239 1356 L.
262 1314 433 1357 Annius
454 1315 700 1358 Antoninus
720 1317 876 1372 Verus,
902 1317 1045 1359 Verus
1065 1317 1236 1359 Annius
1257 1317 1502 1359 Antoninus
1522 1316 1703 1371 Eutrop.
1723 1319 1763 1366 8,
1786 1319 1825 1358 9.
1847 1319 1914 1367 10,

187 1383 238 1425 L.
264 1382 436 1425 Annius
466 1384 607 1426 Verus
637 1384 834 1439 Epitome
862 1388 928 1436 16,
957 1388 996 1428 5.
1050 1385 1243 1429 Ceterum
1279 1385 1396 1440 apud
1421 1385 1648 1439 scriptores
1667 1384 1916 1439 plerumque

186 1452 239 1495 L.
269 1452 411 1494 Verus
440 1452 504 1494 vel
532 1452 689 1495 Verus.

272 1520 410 1562 Natus
442 1527 506 1562 est
534 1521 697 1563 Romae
726 1522 771 1563 in
801 1526 1005 1577 praetura
1034 1522 1168 1578 patris
1199 1522 1264 1563 sui
1296 1522 1369 1575 (=
1399 1537 1438 1564 a.
1468 1522 1568 1576 130)
1598 1521 1640 1563 d.
1673 1521 1726 1563 15
1756 1520 1915 1561 mensis

184 1587 450 1642 Decembris,
484 1588 554 1630 die
575 1603 661 1645 quo
683 1596 726 1632 et
743 1589 859 1631 Nero
881 1588 954 1643 (ef.
977 1589 1149 1633 Sueton.
1173 1589 1293 1633 Nero
1314 1590 1356 1644 6)
1385 1591 1475 1632 vita
1503 1594 1541 1643 1,
1561 1592 1601 1640 8,
1633 1589 1741 1643 fasti
1766 1588 1915 1630 Philo-

186 1656 272 1698 eali
289 1660 330 1699 et
349 1656 479 1700 Silvii
497 1657 551 1700 12
572 1672 619 1712 p.
640 1660 739 1701 278.
770 1661 870 1701 279.
918 1657 1053 1713 Origo
1086 1660 1180 1701 eius
1208 1665 1390 1715 paterna
1418 1658 1626 1715 pleraque
1656 1672 1712 1699 ex
1734 1657 1913 1699 Etruria

183 1724 278 1780 fuit,
313 1731 508 1768 materna
539 1740 595 1768 ex
622 1727 836 1769 Faventia
863 1727 954 1769 vita
981 1730 1021 1777 1,
1052 1730 1079 1770 9
1089 1740 1103 1778 ;
1139 1728 1211 1769 avi
1252 1733 1295 1770 et
1334 1728 1485 1784 proavi
1521 1733 1564 1769 et
1594 1727 1695 1768 item
1731 1726 1913 1767 maiores

184 1793 360 1850 plurimi
391 1794 637 1837 consulares
668 1794 754 1839 ibd.
776 1798 816 1846 1,
839 1798 868 1837 7
896 1796 951 1850 ef.
979 1798 1155 1838 stemma
1176 1795 1234 1838 ad
1250 1810 1294 1838 n.
1314 1799 1406 1839 503.
1457 1797 1588 1839 Patre
1610 1794 1665 1837 ab
1687 1793 1913 1836 Hadriano

186 1877 224 1904 a.
258 1863 339 1904 136
379 1862 583 1919 adoptato
624 1864 670 1905 in
711 1863 919 1906 familiam
948 1863 1119 1907 Aeliam
1158 1864 1334 1907 devenit
1372 1870 1628 1920 mortuoque
1667 1868 1789 1919 patre
1826 1861 1913 1904 kal.

186 1930 401 1973 Ianuariis
427 1946 466 1973 a.
492 1933 572 1974 138
603 1933 646 1973 in
669 1932 883 1974 Hadriani
905 1931 1069 1975 familia
1090 1934 1295 1975 remansit
1318 1933 1405 1975 ibd.
1427 1936 1471 1984 2,
1493 1936 1542 1984 1;
1571 1931 1619 1974 id
1646 1930 1756 1985 quod
1775 1930 1914 1972 minus

115 1997 124 1999 ff
186 2002 381 2042 accurate
410 1999 565 2042 dietum
603 2000 780 2051 videtur,
822 2004 930 2043 certe
968 2002 1033 2043 ita
1071 2001 1434 2056 interpretandum
1474 2004 1545 2052 est,
1585 2003 1632 2042 ut
1667 1997 1915 2042 Commodus

182 2081 267 2110 non
287 2068 381 2110 iure
401 2068 642 2123 adoptionis
662 2070 707 2111 in
723 2072 888 2124 yentem
907 2069 1079 2112 Aeliam
1111 2071 1330 2112 transierit
1361 2070 1413 2125 (v.
1430 2068 1594 2124 supra),
1623 2068 1696 2111 sed
1715 2069 1762 2110 in
1793 2067 1912 2109 domo

185 2137 466 2191 imperatoria
484 2150 613 2191 usque
634 2137 692 2180 ad
712 2137 977 2192 adoptionem
1003 2138 1049 2180 Τ.
1070 2137 1243 2180 Aurelii·
1258 2138 1391 2180 Fulvi
1415 2141 1605 2180 moratus
1634 2138 1701 2179 sit.
1747 2136 1831 2178 Die
1858 2136 1911 2178 25

185 2219 319 2247 mens.
343 2204 572 2248 Februarii
601 2221 640 2248 a.
664 2206 744 2248 138
776 2205 1027 2248 Hadrianus
1048 2207 1098 2250 T.
1119 2205 1347 2249 Aurelium
1365 2206 1543 2249 Arrium
1562 2205 1833 2248 Antoninum
1864 2219 1914 2246 ea

183 2272 280 2328 lege
311 2274 356 2314 in
389 2273 661 2330 adoptionem
684 2273 826 2329 elegit,
850 2280 899 2316 ut
919 2273 991 2316 ille
1011 2274 1070 2317 M.
1095 2274 1287 2317 Annium
1306 2275 1472 2318 Verum
1493 2281 1535 2317 et
1554 2275 1605 2316 L.
1628 2272 1913 2317 Commodum

183 2341 267 2383 sibi
296 2341 522 2399 adoptaret
549 2343 639 2384 vita
671 2346 715 2394 2,
744 2343 815 2385 vit.
842 2342 919 2384 Pii
942 2346 982 2393 4,
1010 2345 1111 2394 5-6,
1154 2343 1305 2386 Marci
1330 2346 1369 2394 5,
1400 2346 1438 2394 1,
1477 2342 1623 2386 Severi
1649 2345 1721 2393 20,
1752 2344 1791 2391 1,
1823 2340 1912 2382 Dio

184 2413 250 2461 69,
272 2413 354 2462 21,-
382 2411 623 2453 nominibus
651 2411 715 2453 vel
744 2410 1041 2465 adoptionibus
1071 2412 1258 2465 confusis
1286 2412 1358 2454 vit.
1381 2411 1605 2454 Hadriani
1623 2414 1692 2461 24,
1724 2413 1763 2460 1,
1794 2408 1914 2451 Aelii

183 2483 223 2529 5,
250 2482 331 2530 12;
360 2482 399 2530 6,
420 2482 471 2530 9;
502 2482 540 2529 7,
567 2482 612 2522 2.
671 2479 777 2521 Post
807 2479 1039 2535 septimum
1069 2494 1230 2522 annum
1260 2480 1304 2521 in
1335 2479 1543 2522 familiam
1573 2478 1796 2521 Aureliam
1827 2484 1910 2520 tra-

185 2546 340 2589 ductus
369 2547 506 2588 Marci
536 2546 728 2590 moribus
760 2553 804 2589 et
833 2548 1089 2590 auctoritate
1118 2547 1327 2590 formatus
1357 2554 1421 2590 est
1448 2548 1538 2590 vita
1563 2551 1607 2598 2,
1639 2550 1705 2590 10.

269 2614 494 2657 Educatus
526 2622 590 2658 est
618 2616 663 2657 in
694 2615 821 2658 domo
852 2615 1108 2667 Tiberiana,
1146 2615 1419 2658 educatorem
1449 2615 1600 2658 habuit
1632 2613 1911 2657 Nicomedem

184 2681 257 2737 (ef.
276 2683 320 2725 A
341 2683 470 2735 1281)
498 2685 588 2726 vita
615 2687 659 2734 2,
680 2687 719 2728 5.
741 2687 782 2727 9.
826 2683 1011 2726 Audivit
1042 2684 1301 2727 Scaurinum
1330 2685 1660 2739 grammaticum
1690 2684 1907 2733 Latinum,

187 2752 340 2795 Scauri
363 2751 512 2806 filium,
536 2753 611 2809 qui
629 2754 935 2808 grammaticus
956 2752 1170 2795 Hadriani
1191 2753 1284 2807 fuit,
1307 2754 1498 2797 Graecos
1514 2752 1755 2809 Telephum
1780 2758 1910 2807 atque

183 2819 560 2876 Hephaestionem,
593 2821 992 2877 Harpocrationem,
1023 2820 1214 2863 rhetores
1235 2820 1524 2878 Apollonium,
1557 2820 1752 2864 Celerem
1782 2819 1910 2863 Cani-

166 2887 305 2929 'nium
336 2895 379 2931 et
408 2888 627 2930 Herodem
658 2887 872 2943 Atticum,
905 2889 1110 2931 Latinum
1140 2889 1389 2932 Cornelium
1417 2891 1679 2932 Frontonem
1710 2887 1782 2942 (of.
1815 2887 1913 2930 Veri

184 2959 223 2998 et
242 2955 479 2999 Frontonis
509 2956 740 3012 epistulas),
773 2957 1048 3013 philosophos
1069 2957 1350 3014 Apollonium
1371 2958 1712 3001 Chalcedonium
1743 2956 1814 3010 (ef.
1836 2956 1909 2998 vit.

183 3023 333 3066 Marci
349 3028 389 3076 3,
412 3025 454 3079 7)
486 3032 529 3067 et
558 3025 740 3068 Sextum
761 3025 1107 3068 Chaeronensem
1135 3026 1205 3081 (of.
1227 3027 1299 3069 vit.
1322 3027 1471 3070 Marci
1488 3030 1528 3078 3,
1550 3029 1622 3084 2);
1652 3026 1730 3068 hos
1762 3039 1908 3067 omnes

185 3094 347 3135 amavit
367 3094 494 3136 unice
516 3100 645 3150 atque
666 3093 721 3136 ab
745 3094 810 3136 his
835 3095 881 3136 in
901 3095 1042 3136 vicem
1062 3094 1243 3137 dilectus
1272 3102 1349 3150 est,
1380 3110 1461 3138 nec
1488 3101 1632 3138 tamen
1663 3095 1909 3150 ingeniosus

185 3159 241 3202 ad
268 3160 432 3204 litteras
462 3162 544 3204 fuit
572 3162 662 3204 vita
690 3166 733 3205 2.
794 3162 891 3215 Quo
932 3162 1003 3204 die
1044 3169 1189 3218 togam
1227 3163 1397 3206 virilem
1436 3165 1621 3220 accepit,
1662 3162 1909 3206 Antoninus

185 3229 289 3271 Pius
330 3244 380 3272 ea
421 3231 666 3285 occasione,
706 3245 793 3287 qua
827 3231 963 3286 patris
992 3230 1200 3287 templum
1236 3231 1485 3287 dedicabat,
1526 3231 1685 3289 populo
1715 3230 1908 3274 liberalis

186 3296 270 3340 fuit
297 3298 386 3340 vita
408 3301 450 3349 3,
471 3302 510 3341 1.
566 3299 656 3352 Quo
678 3299 895 3353 pertinent
921 3300 1084 3341 nummi
1102 3299 1179 3342 Pii
1207 3301 1298 3343 cusi
1326 3315 1366 3345 a.
1387 3303 1478 3356 145,
1510 3301 1584 3354 qui
1608 3299 1911 3343 liberalitatem

184 3365 277 3408 ΙΙΠ
302 3366 558 3420 praedicant
592 3366 732 3410 Cohen
757 3367 818 3409 II
831 3381 879 3421 p.
907 3369 1000 3410 318.
1061 3367 1177 3410 Ante
1216 3375 1383 3425 tempus
1422 3385 1450 3411 a
1488 3370 1566 3411 Pio
1608 3375 1810 3425 quaestor
1839 3367 1909 3410 de-
