2202 3730
283 294 532 330 AVRELIVS
1137 286 1222 329 204
1834 294 2083 331 AVRELIVS

453 424 579 466 Hunc
594 438 678 466 non
692 413 825 465 solum
843 423 1016 465 nomina
1030 422 1203 465 Aurelii
1220 422 1367 466 Cottae
1381 425 1615 478 sumpsisse,
1631 423 1705 466 sed
1720 425 1848 467 etiam
1864 424 2085 479 adoptione

368 494 413 535 in
445 492 609 534 domum
628 491 855 533 Aureliam
885 490 1103 533 transiisse
1133 504 1226 533 cum
1256 491 1480 545 confirmet*
1499 491 1730 534 scholiasta
1759 491 1911 543 Persii,
1941 506 2084 546 quam-

367 574 491 614 quam
520 559 692 602 Ovidius
714 560 877 600 tantum
896 558 1161 600 naturalium
1182 559 1522 613 propinquorum
1541 561 1740 610 meminit,
1770 574 1855 602 non
1873 560 1990 604 video
2010 574 2086 603 eur

365 627 601 681 necandum
627 627 695 668 sit.
756 626 919 680 Optime
945 627 1053 669 enim
1075 627 1366 669 consuetudini
1384 627 1600 670 clararum
1617 628 1804 682 ,qentium
1825 629 1914 671 eius
1933 628 2086 671 aetatis

368 695 565 744 convenit,
596 698 644 736 ut
670 693 886 745 Corvinus,
919 708 1011 736 cum
1032 694 1134 736 duos
1154 694 1266 749 filios
1286 694 1469 746 haberet,
1502 695 1690 738 alterwm
1714 695 1893 738 Awrelio
1919 696 2085 739 cuidam
2111 740 2116 746 ,
2155 704 2157 707 “

369 763 514 806 Cottae
541 764 631 805 viro
660 762 795 805 nobili
824 762 968 805 liberis
997 763 1161 805 carenti
1188 763 1234 805 in
1262 763 1526 818 adoptionem
1556 764 1687 808 daret.

453 831 511 874 M.
555 831 583 872 f.
624 830 714 873 Dio
752 831 879 873 indeoe
914 831 939 872 l.
970 833 1036 875 57.
1096 830 1268 874 *Consul
1307 846 1419 887 anno
1461 833 1516 875 20
1557 833 1675 886 fasti.
1743 831 1990 875 Sententiae
2029 831 2086 875 ab

367 915 415 941 eo
447 900 491 940 in
523 905 674 941 senatu
703 899 844 940 dictae
874 913 986 940 anno
1020 900 1072 941 16
1107 899 1205 942 Tac.
1239 914 1278 942 a.
1304 903 1348 950 2,
1370 903 1442 951 32,
1473 915 1511 942 a.
1539 900 1595 942 24
1623 900 1710 943 ibd.
1732 904 1771 951 4,
1793 901 1865 951 20,
1897 914 2009 943 anno
2031 900 2085 942 29

365 966 448 1009 ibd.
471 970 509 1018 5,
530 970 578 1019 3;
609 973 834 1010 accusatus
865 983 891 1008 a
921 967 1095 1009 Tiberio
1127 967 1328 1010 defensus
1359 983 1397 1012 a.
1429 969 1482 1011 32
1514 968 1600 1011 ibd.
1630 971 1668 1019 6,
1697 971 1736 1013 5.
1765 971 1803 1011 7.
1854 969 1999 1023 Egens
2029 967 2084 1010 ob

366 1035 528 1090 luxum,
561 1050 637 1092 per
658 1035 822 1090 flagitia
847 1035 1019 1077 infamis
1040 1035 1124 1078 ibd.
1147 1039 1184 1086 6,
1211 1039 1247 1078 7.
1295 1036 1559 1078 Liberalitas
1579 1036 1861 1090 praedicatwr
1889 1037 1935 1079 in
1964 1034 2086 1078 titulo

366 1104 527 1155 le'berti,·
566 1105 613 1146 in
650 1104 889 1146 hominibus
926 1103 1138 1146 nobilibus
1168 1107 1208 1146 et
1237 1104 1485 1146 liberalibus
1516 1101 1687 1156 (aetatis
1715 1104 1916 1160 Auyusti)
1953 1103 2086 1147 nomi-

363 1175 493 1214 natur
513 1171 702 1214 Iuvenal.
733 1175 770 1222 7,
792 1174 857 1222 95,
890 1171 955 1227 (ut
982 1171 1102 1226 vulyo
1124 1175 1306 1226 putatur
1336 1173 1462 1214 etiam
1491 1175 1530 1223 5,
1552 1175 1635 1215 108
1663 1172 1737 1215 sed
1764 1172 1844 1223 hic,
1873 1173 1951 1215 ubi
1977 1186 2086 1214 com-

362 1243 581 1295 ponuntur
605 1239 793 1291 ‘Seneca,
816 1239 919 1282 Piso
942 1240 1083 1291 bonus,
1113 1239 1251 1283 Cotta‘
1275 1241 1430 1283 rectius
1454 1240 1560 1283 mihi
1579 1240 1628 1283 de
1648 1241 1887 1295 posteriore
1906 1239 2086 1294 quodam

364 1308 486 1351 Cotta
517 1308 798 1351 Claudiorum
828 1309 982 1350 aetatis
1012 1309 1280 1363 eoyitandum
1311 1322 1396 1351 esse
1424 1309 1590 1352 videtur
1619 1310 1674 1363 cf.
1703 1309 1748 1351 A
1777 1308 1915 1363 1235).
1975 1308 2086 1351 Tam

363 1378 538 1419 vitiosos
571 1376 714 1419 oeulos
745 1378 790 1419 in
818 1382 1038 1419 senectute
1069 1376 1242 1431 habuit,
1285 1384 1333 1419 ut
1372 1376 1604 1433 palpebrae
1634 1379 1726 1420 eius
1757 1379 1802 1420 in
1832 1377 2086 1419 exteriorem

366 1452 532 1502 partem
563 1451 855 1499 verterentur3
886 1444 970 1486 fuit
998 1445 1113 1486 enim
1141 1451 1183 1487 et
1214 1444 1357 1487 multis
1380 1444 1549 1487 deditus
1569 1446 1686 1487 vitiis
1707 1445 1833 1489 schol.
1855 1445 2009 1488 Persii.
2032 1469 2086 1477 —

363 1514 551 1556 Patruus
581 1514 718 1554 maior
749 1511 910 1554 Lolliae
941 1511 1151 1555 Paulinae
1177 1511 1276 1556 Tac.
1304 1527 1344 1555 a.
1371 1516 1440 1563 12,
1462 1516 1536 1557 22.
1561 1537 1615 1542 ——
1640 1513 1854 1555 Incertum
1882 1516 1956 1564 est,
1985 1526 2087 1556 nwm

363 1581 473 1624 idem
503 1581 799 1635 i'ntelleyendus
823 1582 880 1623 sit
912 1581 1168 1624 Messalinus
1200 1596 1223 1623 e
1253 1580 1551 1624 consularibus
1584 1582 1776 1637 patriciis
1808 1580 2082 1624 hirudinibus

363 1651 527 1692 occisus
553 1648 668 1692 Plin.
687 1664 729 1692 n.
749 1649 789 1692 li.
810 1653 882 1700 32,
904 1653 1001 1693 123.

451 1724 627 1766 Amicus
649 1723 807 1779 Ovidii,
841 1725 915 1780 qui
948 1724 1003 1766 ad.
1034 1738 1131 1765 eum
1162 1724 1333 1780 scripsit
1362 1724 1565 1780 epistulas
1597 1740 1653 1767 ex
1680 1726 1817 1767 Ponto
1839 1727 1880 1775 1,
1899 1726 1951 1775 5,·
1977 1726 2016 1775 1,
2038 1726 2090 1775 9,·

362 1797 404 1843 2,
435 1795 483 1842 3,·
522 1795 564 1842 2,
594 1794 644 1843 8,·
683 1795 722 1843 3,
753 1795 807 1843 2;
844 1795 882 1842 3,
915 1794 954 1834 5.
1025 1790 1280 1834 Orationem
1319 1791 1373 1833 ab
1411 1806 1460 1834 eo
1501 1793 1545 1834 in
1585 1791 1744 1834 iudicio
1785 1789 2086 1834 centumvirali

362 1860 557 1903 habitam
588 1859 694 1914 legit
729 1859 912 1902 Ovidius
949 1859 1095 1902 Tomis
1135 1874 1186 1902 ex
1224 1859 1362 1902 Ponto
1397 1863 1436 1910 3,
1472 1863 1510 1911 5,
1544 1863 1572 1902 7
1599 1873 1709 1914 sqq.,·
1752 1860 1945 1902 earmina
1984 1859 2089 1902 fecit

361 1929 445 1972 ibd.
466 1932 505 1979 3,
526 1930 564 1979 5,
585 1931 641 1971 37
657 1942 741 1983 sqq.
774 1929 827 1983 cf.
848 1932 887 1978 4,
909 1931 974 1979 16,
996 1931 1062 1971 41.
1107 1927 1274 1970 Auctor
1302 1927 1433 1970 Plinii
1460 1928 1578 1973 Plin.
1606 1942 1648 1972 n.
1679 1928 1719 1971 h.
1751 1928 1838 1972 ind.
1869 1928 1897 1970 l.
1928 1931 1994 1971 14.
2015 1931 2082 1971 15,

364 1999 591 2039 inventum
621 1998 920 2053 coquinarium
951 1998 1042 2039 eius
1071 1996 1156 2039 ibd.
1187 2000 1248 2047 10,
1279 1999 1350 2039 52.

446 2071 648 2113 Diversos
678 2084 764 2113 esse
791 2070 958 2113 Cottam
978 2070 1259 2113 Messalinum
1283 2073 1323 2113 et
1343 2070 1409 2114 M
1430 2070 1654 2113 Aurelium
1680 2069 1846 2113 Cottam
1875 2071 2083 2124 consulem

363 2154 402 2181 a.
433 2143 491 2182 20
522 2142 561 2181 et
589 2138 698 2181 hunc
728 2139 893 2192 quidem
921 2139 1060 2194 filium
1088 2138 1206 2181 illius
1235 2139 1387 2181 statuit
1416 2138 1662 2193 Nipperdey
1692 2138 1750 2181 ad
1782 2138 1880 2182 Tac.
1911 2153 1951 2182 a.
1980 2142 2021 2190 3,
2051 2143 2084 2184 2

362 2222 411 2249 ea
439 2221 497 2257 re,
537 2210 586 2249 ut
625 2207 786 2261 opinor,
827 2210 983 2257 motus,
1027 2207 1138 2261 quod
1177 2207 1349 2249 Tacitus
1389 2207 1597 2249 consulem
1634 2207 1694 2249 Μ.
1724 2206 1953 2250 Aurelium
1979 2211 2020 2259 3,
2051 2211 2083 2252 2

362 2274 586 2318 Aurelium
614 2274 784 2317 Cottam
813 2278 852 2325 3,
880 2278 938 2317 17
965 2275 1078 2326 dicit,
1113 2278 1262 2318 contra
1292 2275 1404 2317 alias
1433 2288 1594 2330 semper
1620 2276 1757 2318 utitur
1776 2274 1904 2319 Cotta
1923 2275 2082 2318 Messa-

359 2342 459 2386 lino.
529 2343 616 2386 Sed
652 2347 700 2385 ut
730 2357 943 2397 ponamus
987 2343 1181 2385 Tacitum
1220 2358 1267 2386 re
1309 2357 1410 2386 vera
1454 2343 1558 2386 duos
1600 2343 1786 2386 homines
1828 2343 2082 2399 distinquere

360 2411 536 2453 voluisse
549 2444 559 2462 ,
606 2411 797 2453 Tacitum
837 2425 1000 2454 errasse
1038 2412 1305 2454 statuendum
1338 2415 1409 2455 est.
1468 2411 1593 2454 Fieri
1621 2413 1730 2454 enim
1758 2413 1829 2454 vix
1849 2413 2005 2467 potuit,
2034 2415 2084 2454 ut

363 2478 488 2521 Cotta
518 2479 779 2522 Messalinus
818 2494 857 2523 a.
888 2483 946 2523 20
978 2479 1151 2522 haberet
1181 2480 1317 2535 filium
1357 2481 1511 2522 aetatis
1551 2480 1797 2531 consularis,
1829 2481 1981 2535 quippe
2009 2480 2084 2534 qui

360 2548 447 2601 ipse
468 2547 674 2589 diceretur
698 2549 896 2589 ‘iuvenis'
923 2549 976 2590 ab
1007 2548 1155 2591 Ovidio
1186 2549 1232 2590 in
1262 2547 1453 2602 epistulis
1478 2562 1528 2590 ex
1548 2548 1684 2590 Ponto
1707 2549 1826 2590 intra
1852 2562 1892 2592 a.
1912 2551 2086 2592 12—17

358 2616 528 2669 scriptis
557 2618 599 2665 2,
630 2618 670 2665 3,
699 2618 752 2658 55
759 2629 772 2666 ,·
801 2619 839 2666 3,
871 2620 915 2666 2,
948 2620 984 2660 7.
1012 2619 1078 2658 37.
1137 2615 1243 2658 Cum
1269 2619 1407 2658 autem
1438 2616 1593 2670 absque
1622 2630 1670 2659 eo
1698 2616 1844 2659 domus
1865 2615 2084 2659 Cottarum

360 2683 588 2724 interitura
616 2683 760 2735 fuerit,
792 2697 843 2726 ne
871 2684 920 2726 de
951 2684 1036 2726 alio
1067 2684 1231 2738 quidem
1252 2683 1375 2726 Cotta
1404 2697 1484 2726 cos.
1517 2698 1558 2727 a.
1584 2686 1641 2727 20
1671 2685 1853 2738 coqitari
1870 2686 2025 2738 potest.

278 2761 386 2803 1237
418 2761 621 2803 Aurelius
643 2762 714 2804 Da
730 2795 739 2804 .
759 2796 767 2804 .
788 2796 797 2805 .
814 2796 845 2817 .‚
881 2763 1121 2819 [pra]es(es)
1143 2764 1430 2819 prov(ineiae)
1451 2763 1625 2818 Ma[ur.]
1647 2762 1791 2819 [sitifi]
1814 2763 1993 2818 prem.
2019 2777 2082 2818 ep.

359 2831 398 2878 5,
431 2832 510 2871 941
541 2833 568 2872 t.
601 2829 831 2883 Sitifensis,
1339 2848 1341 2850 ’

278 2908 385 2950 1238
413 2908 471 2950 M.
494 2907 697 2950 Aurelius
719 2909 936 2962 Decimus,
967 2911 1036 2952 vir
1065 2911 1402 2967 perfectissimus
1433 2911 1644 2967 p(raeses)
1666 2910 1953 2967 p(rovinciae)
1973 2909 2081 2964 N(u-

358 2975 532 3029 midiae)
574 2991 610 3020 a.
653 2977 837 3019 2831‘284
878 2979 924 3020 in
964 2981 991 3020 t.
1035 2978 1277 3021 Numidicis
1318 2978 1441 3021 VIII
1462 2981 1592 3022 2529.
1631 2981 1755 3022 2530.
1793 2981 1916 3022 2643.
1956 2981 2080 3022 2663.

359 3046 471 3086 2678
483 3043 557 3097 (9).
589 3047 713 3086 2717.
742 3049 870 3088 4221.
902 3049 1032 3102 4222.
1063 3048 1186 3089 4578.
1217 3049 1340 3096 7002,
1383 3046 1506 3089 VIII
1527 3046 1574 3089 S.
1605 3049 1758 3096 18288,
1798 3061 1854 3088 ex
1886 3046 2083 3104 principe

359 3112 684 3167 peregrinorum
715 3112 837 3155 VIII
852 3116 982 3156 2529.
1012 3117 1135 3157 2663.
1166 3116 1278 3156 2678
1290 3113 1365 3169 (ἓ).
1395 3116 1519 3157 4578.
1552 3117 1676 3165 7002,
1709 3114 1831 3157 VIII
1854 3113 1901 3157 S.
1923 3116 2082 3159 18288.

275 3191 384 3233 1239
415 3189 656 3243 Aur(elius)
691 3192 939 3247 Dionysius,
973 3199 1228 3249 procurator
1256 3193 1443 3248 Augusti
1473 3193 1562 3236 III
1581 3195 1661 3236 535
1690 3196 1718 3237 t.
1751 3191 2004 3238 Corinthius.

278 3270 388 3312 1240
418 3275 470 3310 Μ.
492 3271 780 3326 AVROELIVS)
802 3278 1094 3327 DVBITATVS,
1124 3274 1194 3314 vir
1218 3272 1494 3327 clarissimus,
1520 3272 1716 3329 plurimis
1745 3271 1924 3314 militiae
1951 3271 2082 3315 hono-

366 3336 484 3379 ribus
515 3336 689 3380 functus
721 3338 898 3381 V4870.
