2202 3730
118 282 377 319 AsARvBAs
584 320 587 323 Δ
991 274 1066 318 157
1522 276 1932 314 AscLEPIODOTvs

205 414 321 456 aerei
361 417 399 455 et
433 413 555 455 aurei
593 415 636 469 a)
668 426 760 455 eum
790 412 1065 466 inscriptione
1096 411 1288 468 ἄρχοντος
1319 408 1526 467 Ἀσάνδρου
1559 408 1770 466 Βοσπόρου
1801 412 1839 451 et
1868 409 1931 451 in·

205 482 415 524 dicatione
450 495 659 524 annorum
692 495 821 534 usque
859 480 916 522 ad
953 482 1172 534 quartum,
1216 479 1256 532 b)
1297 492 1388 521 eum
1427 478 1700 533 inscriptione
1739 478 1933 535 βασιλέως

205 549 414 608 Ἀσάνδρου
440 553 479 592 et
507 550 766 592 indicatione
794 563 1002 591 annorum
1032 562 1059 590 a
1084 551 1234 602 quarto
1262 561 1392 601 usque
1423 547 1481 589 ad
1508 548 1749 589 vicesimum
1776 560 1929 589 nonum

203 633 283 661 von
314 618 463 669 Sallet,
493 618 698 672 Beitrc'iye
726 631 803 660 eur
831 616 1077 660 Gesehiehte
1105 616 1195 658 und
1226 615 1516 658 Numismatik
1553 615 1626 658 der
1657 616 1827 670 Ko'niye
1862 615 1933 657 des

207 686 531 729 Cimmerisehen
559 686 780 741 Bosporus
800 700 848 740 p.
871 688 897 728 9
917 699 1017 739 sqq„
1051 685 1105 739 ef.
1138 684 1424 739 Waddinyton
1443 684 1586 726 Revue
1608 684 1933 737 numismatique

204 757 312 797 1866
342 769 390 809 p.
425 758 524 805 417,
573 754 682 805 Giel,
721 754 773 795 K
778 754 885 796 leine
923 753 1126 808 Beitraye
1162 766 1240 795 zur
1280 753 1450 795 antiken
1492 751 1782 795 Numismatik
1821 751 1932 796 Sud-

203 823 425 865 russlands
446 838 494 877 p.
516 827 570 865 10
589 837 689 877 sqq„
722 822 953 877 Latysehev
985 821 1011 864 l.
1044 821 1070 866 l.
1093 836 1141 876 p.
1166 820 1386 864 XXXVI.

292 891 402 934 Cum
434 891 680 934 Pharnaces
711 890 977 933 Mithridatis
1007 889 1120 932 filius
1151 890 1197 931 in
1217 889 1325 932 Asia
1353 895 1504 932 contra
1525 890 1742 932 Romanos
1770 888 1932 932 bellum

206 966 398 1015 gereret,
444 959 646 1002 Asandro
688 974 838 1002 curam
878 959 1060 1014 Bospori
1096 957 1340 1012 mandavit,
1389 958 1463 1014 qui
1507 957 1685 1000 absente
1726 971 1827 1012 rege
1865 972 1933 999 res

209 1038 344 1071 novas
375 1027 549 1071 molitus
580 1035 644 1071 est
672 1043 711 1071 a.
735 1028 816 1071 707
839 1047 895 1062 =
919 1027 974 1069 47
1004 1026 1093 1069 Dio
1122 1030 1192 1077 42,
1214 1030 1280 1069 46.
1339 1026 1609 1069 Pharnacem
1640 1025 1758 1082 apud
1785 1025 1934 1068 Zelam

205 1097 367 1139 victum
398 1097 455 1152 (d.
475 1101 507 1140 2
536 1112 590 1140 m.
621 1096 827 1153 Servulis),
860 1110 957 1138 cum
987 1095 1231 1151 Bosporum
1261 1101 1487 1151 repeteret,
1518 1095 1719 1138 Asander
1747 1093 1935 1151 reppulit

207 1172 250 1207 et
284 1165 442 1207 occidit
470 1165 559 1208 Dio
588 1169 659 1216 42,
690 1169 755 1216 47,
796 1164 987 1219 Appian.
1022 1163 1279 1206 Mithridat‘
1301 1167 1399 1214 120,
1442 1162 1599 1205 deinde
1638 1162 1932 1205 Mithridatem

207 1234 545 1289 Pergamenum,
599 1234 669 1276 cui
710 1233 871 1277 Caesar
915 1246 1096 1287 regnum
1136 1233 1436 1288 Bosporanum
1489 1231 1722 1286 tribuerat,
1772 1231 1936 1273 devicit

206 1301 295 1344 Dio
323 1306 394 1353 42,
426 1305 493 1353 48,
525 1302 683 1346 Strabo
717 1306 778 1352 13,
808 1305 847 1352 4,
879 1305 907 1344 3
928 1312 974 1356 p.
998 1303 1081 1344 625
1118 1307 1160 1343 et
1192 1301 1417 1357 Dynamin
1446 1300 1683 1342 Pharnacis
1719 1297 1852 1341 filiam
1890 1300 1934 1340 in

206 1372 530 1413 matrimonium
570 1371 696 1413 duxit
734 1370 823 1413 Dio
851 1373 926 1420 54,
958 1373 1029 1420 24,
1069 1373 1096 1412 t.
1127 1372 1165 1413 1.
1225 1369 1377 1426 Vsque
1416 1368 1469 1410 ad
1513 1368 1697 1410 Tanaim
1736 1368 1935 1422 regnavit

207 1439 367 1482 Strabo
393 1442 467 1490 11,
498 1442 541 1489 2,
572 1443 625 1483 11
657 1454 704 1494 p.
736 1441 828 1490 495,
876 1437 1080 1480 isthmum
1120 1437 1373 1494 peninsulae
1412 1436 1468 1479 ad
1504 1435 1765 1479 Maeotidem
1810 1450 1934 1478 muro

205 1508 392 1550 munivit
419 1507 478 1549 id.
503 1511 539 1558 7,
560 1511 599 1558 4,
621 1511 647 1550 6
668 1522 716 1562 p.
737 1510 831 1551 311.
881 1506 990 1550 Cum
1015 1505 1267 1549 Scribonius
1292 1506 1469 1563 quidam
1491 1511 1641 1547 contra
1671 1519 1769 1553 eum
1798 1503 1934 1546 rebel-

205 1575 336 1631 laret,
378 1577 615 1631 nonaginta
652 1582 739 1618 tres
777 1590 912 1617 annos
951 1581 1079 1617 natus
1120 1574 1265 1617 inedia
1301 1575 1437 1617 vitam
1476 1573 1621 1615 finivit
1648 1572 1737 1616 Dio
1766 1574 1831 1624 54,
1863 1576 1932 1624 24,

207 1644 421 1700 (Luoian.)
454 1645 651 1687 Maerob.
676 1647 743 1687 17.

294 1712 404 1756 Cum
444 1713 568 1761 titulo
609 1713 810 1771 ἐθνάρχου
851 1726 1034 1768 regnum
1073 1711 1127 1754 ab
1171 1711 1370 1766 Augusto
1410 1710 1578 1767 accepit
1616 1712 1763 1752 auctor
1805 1710 1938 1752 libelli

208 1781 257 1824 de
299 1782 510 1837 lonyaevis
550 1782 577 1824 l.
609 1782 655 1832 l,
697 1795 834 1836 quemv
855 1781 1056 1835 refellunt
1090 1780 1263 1823 nummi.
1324 1779 1438 1822 Vnde
1480 1782 1661 1834 apparet
1690 1778 1935 1820 Asandrum

203 1851 393 1904 primum
423 1864 499 1904 per
519 1852 719 1904 quattuor
739 1850 829 1904 fere
849 1863 983 1891 annos
1003 1849 1220 1891 archontis
1239 1862 1400 1899 nomen,
1428 1847 1576 1890 deinde
1597 1850 1747 1900 quarto
1768 1847 1939 1901 imperii

184 1919 317 1979 ‘reyis
355 1919 592 1972 sumpsisse.
658 1918 837 1972 Tempus
875 1918 1024 1959 mortis
1065 1917 1333 1971 aliquatenus
1371 1916 1571 1971 definitur
1602 1930 1684 1970 per
1722 1929 1936 1957 nummum

208 2001 384 2029 aureum
418 1986 632 2041 Dynamis
662 1986 835 2036 Kohne,
878 1986 1029 2028 Muse'e
1067 1985 1363 2039 Kotsehoubey
1393 1985 1455 2027 II
1477 2000 1525 2039 p.
1546 1987 1627 2027 156
1667 1998 1761 2026 oum
1800 1985 1937 2039 eapite

206 2055 379 2109 reyinae
419 2057 458 2097 et
494 2055 770 2110 inscriptione
805 2056 1035 2112 βασιλίσσης
1073 2054 1292 2110 Δυνάμεως
1332 2056 1371 2094 et
1406 2067 1518 2095 anno
1555 2051 1663 2095 ΑΠΣ
1694 2072 1750 2087 =
1781 2067 1821 2096 a.
1852 2055 1937 2096 281

209 2137 335 2166 aerae
354 2122 769 2166 Achaemenidarum
788 2143 845 2158 =
866 2137 906 2165 a.
936 2122 989 2165 ab
1024 2126 1224 2164 autumno
1256 2136 1296 2163 a.
1331 2124 1414 2164 737
1439 2135 1570 2175 usque
1604 2121 1663 2163 ad
1691 2124 1937 2164 autumnum

210 2205 250 2234 a.
273 2194 364 2234 738.
423 2191 523 2234 Veri
549 2193 658 2234 enim
687 2191 950 2234 simillimum
980 2193 1041 2233 est
1060 2190 1170 2232 huno
1188 2204 1404 2232 nummum
1425 2203 1568 2231 cusum
1589 2202 1685 2240 esse,
1709 2192 1938 2243 postquam

209 2259 408 2305 Asander
437 2263 626 2302 mortuus
646 2263 706 2302 est
726 2263 766 2302 et
784 2259 997 2314 Dynamis
1026 2258 1119 2301 sola
1148 2272 1320 2312 reynum
1353 2258 1498 2301 tenuit.
1555 2257 1668 2299 Vnde
1688 2256 1938 2298 Asandrum

209 2329 325 2370 eirca
355 2342 395 2372 a.
418 2327 596 2369 737ί738
622 2347 675 2362 =
696 2327 820 2370 17l16
851 2342 890 2369 a.
925 2326 972 2370 C.
1004 2329 1214 2369 mortuum
1244 2340 1329 2369 esse
1359 2326 1546 2380 efficitur
1572 2339 1701 2379 neque
1730 2326 1939 2379 repuynat

208 2396 407 2439 narratio
426 2394 585 2438 Dionis
605 2398 672 2446 54,
693 2399 763 2440 24.
811 2395 899 2439 Sed
925 2395 1129 2450 quomodo
1161 2395 1434 2437 archontatus
1463 2397 1502 2435 et
1530 2394 1653 2448 reqni
1682 2394 1788 2435 anni
1816 2406 1937 2435 aecu-

208 2465 348 2507 ratius
379 2463 652 2518 computandi
679 2465 786 2515 sint,
816 2464 902 2505 viri
931 2463 1043 2506 docti
1071 2463 1323 2506 dissentiunt
1353 2462 1407 2516 ef.
1430 2461 1662 2516 Latysehev
1691 2461 1719 2506 l.
1752 2461 1778 2505 l.
1808 2474 1938 2515 neque

212 2533 347 2576 adhue
374 2547 462 2575 rem
493 2536 602 2575 certe
631 2532 867 2575 diiudicare
898 2532 1004 2576 lieet.
1063 2531 1238 2574 Constat
1269 2535 1408 2578 tamen
1431 2530 1681 2573 Asandrum
1710 2530 1938 2584 imperasse

211 2603 327 2645 intra
358 2616 394 2643 a.
419 2600 837 2644 707s708-737s738
860 2621 916 2636 -—-
939 2600 1244 2643 47l46-17l16
1275 2614 1314 2642 a.
1344 2599 1391 2642 C.

125 2670 208 2713 985
239 2670 462 2714 Asarubas
492 2676 631 2713 aetate
662 2668 791 2711 Plinii
822 2669 876 2711 de
907 2668 1064 2712 electro
1096 2669 1280 2725 scripsit,
1313 2669 1472 2710 citatur
1503 2666 1623 2710 Plin.
1648 2680 1692 2709 n.
1719 2665 1758 2708 h.
1780 2668 1848 2717 37,
1869 2668 1936 2716 37,

212 2746 365 2783 auctor
392 2739 522 2783 Plinii
553 2738 640 2782 ind.
673 2738 700 2780 l.
727 2741 795 2780 37.

126 2809 211 2852 986
241 2807 533 2865 Asclepiades,
564 2808 842 2862 magistratus
864 2807 1028 2849 Prusae
1049 2805 1105 2848 ad
1126 2804 1362 2861 Olympum
1383 2804 1503 2847 Plin.
1528 2804 1586 2847 ad
1610 2803 1786 2847 Traian.
1809 2805 1875 2851 81,
1899 2805 1937 2844 1.

127 2877 210 2920 987
241 2876 532 2933 Asclepiades,
554 2875 818 2930 Mendesius,
845 2876 968 2917 cuius
990 2873 1373 2929 Theologumenon
1392 2873 1493 2916 libri
1516 2874 1703 2916 citantur
1723 2872 1777 2915 de
1797 2872 1937 2925 Atiae,

212 2946 362 2987 matris
382 2944 581 3000 Augusti,
605 2944 837 2987 concubitu
858 2958 954 2985 cum
969 2942 1174 2985 draconte
1191 2942 1363 2986 Suetan.
1380 2942 1559 2997 Auyust.
1578 2945 1642 2985 94.
1674 2941 1749 2983 Ad
1767 2940 1938 2983 eundem
2017 2952 2027 2959 ·

211 3013 375 3056 rettulit
395 3013 558 3056 Mulier
581 3012 730 3055 FHG.
753 3013 841 3055 III
851 3027 900 3067 p.
921 3015 1003 3054 306
1031 3011 1186 3054 Athen.
1206 3013 1234 3053 3
1254 3025 1303 3065 p.
1324 3013 1380 3053 83
1397 3010 1435 3054 0
1463 3009 1752 3067 Ἀσκληπιάδης
1782 3009 1824 3052 ἐν
1856 3009 1939 3063 ἑξη-

212 3089 345 3141 κοστῷ
374 3082 435 3137 (ἐν
466 3082 624 3140 ἑβδόμῳ
655 3081 831 3124 coniecit
863 3080 1040 3134 Kaibel)
1071 3079 1360 3136 Αἰγυπτιακῶν.

129 3151 212 3193 988
241 3150 586 3207 Asclepiodotus,
619 3156 746 3206 poeta
775 3156 818 3191 et
846 3156 1102 3206 procurator
1131 3149 1313 3205 (ποιητοῦ
1343 3152 1411 3192 τοῦ
1439 3147 1667 3204 ἐπιτρόπου)
1695 3146 1807 3189 CIG
1830 3148 1941 3188 4747

214 3239 269 3255 =
292 3219 465 3269 Kaibel‚
486 3219 751 3274 Fpiyramm.
771 3232 836 3273 qr.
859 3220 941 3260 993
969 3220 996 3259 t.
1017 3217 1206 3260 versibus
1225 3220 1444 3271 conceptus
1468 3217 1514 3258 in
1535 3215 1778 3258 Memnonis
1796 3216 1941 3256 statua

213 3288 463 3342 inscriptus,
506 3288 624 3330 euius
663 3290 874 3329 auctorem
905 3288 1085 3340 propter
1121 3298 1315 3327 versuum
1350 3285 1602 3340 eleyantiam
1633 3287 1731 3326 ante
1758 3283 1940 3325 Antoni-

212 3369 362 3398 norum
393 3359 572 3399 aetatem
601 3356 733 3410 fuisse
762 3355 913 3397 statuit
943 3353 1116 3397 Kaibel.
