<?xml version="1.0" encoding="UTF-8"?>
<!DOCTYPE html PUBLIC "-//W3C//DTD XHTML 1.0 Transitional//EN"
    "http://www.w3.org/TR/xhtml1/DTD/xhtml1-transitional.dtd">
<html xmlns="http://www.w3.org/1999/xhtml" xml:lang="en" lang="en">
 <head>
  <title>
</title>
<meta http-equiv="Content-Type" content="text/html;charset=utf-8" />
  <meta name='ocr-system' content='tesseract 3.04.00' />
  <meta name='ocr-capabilities' content='ocr_page ocr_carea ocr_par ocr_line ocrx_word'/>
</head>
<body>
  <div class='ocr_page' id='page_1' title='image "./prosopographiaim01akaduoft/prosopographiaim01akaduoft_0476.png"; bbox 0 0 2202 3730; ppageno 0'>
   <div class='ocr_carea' id='block_1_1' title="bbox 266 307 2060 371">
    <p class='ocr_par' dir='ltr' id='par_1_1' title="bbox 266 307 2060 371">
     <span class='ocr_line' id='line_1_1' title="bbox 266 307 2060 371; baseline 0 -20"><span class='ocrx_word' id='word_1_1' title='bbox 266 315 542 351; x_wconf 85' lang='lat' dir='ltr'>CORNELIVS</span> <span class='ocrx_word' id='word_1_2' title='bbox 1124 307 1208 349; x_wconf 88' lang='grc'>460</span> <span class='ocrx_word' id='word_1_3' title='bbox 1780 314 2060 371; x_wconf 52' lang='lat' dir='ltr'>CORNEEIVS</span> 
     </span>
    </p>
   </div>
   <div class='ocr_carea' id='block_1_2' title="bbox 265 364 1258 372">
    <p class='ocr_par' dir='ltr' id='par_1_2' title="bbox 265 364 1258 372">
     <span class='ocr_line' id='line_1_2' title="bbox 265 364 1258 372; baseline 0 0"><span class='ocrx_word' id='word_1_4' title='bbox 265 364 1258 372; x_wconf 95' lang='lat' dir='ltr'> </span> 
     </span>
    </p>
   </div>
   <div class='ocr_carea' id='block_1_3' title="bbox 264 443 2065 1303">
    <p class='ocr_par' dir='ltr' id='par_1_3' title="bbox 266 443 2065 702">
     <span class='ocr_line' id='line_1_3' title="bbox 266 443 2062 498; baseline 0 -10"><span class='ocrx_word' id='word_1_5' title='bbox 266 447 374 488; x_wconf 82' lang='grc'><strong>1160</strong></span> <span class='ocrx_word' id='word_1_6' title='bbox 405 450 682 486; x_wconf 87' lang='lat' dir='ltr'>CORNELIVS</span> <span class='ocrx_word' id='word_1_7' title='bbox 712 448 914 484; x_wconf 86' lang='lat' dir='ltr'>PRISCVS</span> <span class='ocrx_word' id='word_1_8' title='bbox 955 445 1213 484; x_wconf 89' lang='lat' dir='ltr'>memoratur</span> <span class='ocrx_word' id='word_1_9' title='bbox 1253 443 1297 484; x_wconf 90' lang='lat' dir='ltr'>in</span> <span class='ocrx_word' id='word_1_10' title='bbox 1337 446 1365 485; x_wconf 90' lang='lat' dir='ltr'>t.</span> <span class='ocrx_word' id='word_1_11' title='bbox 1394 443 1578 498; x_wconf 78' lang='lat' dir='ltr'>Ephesio</span> <span class='ocrx_word' id='word_1_12' title='bbox 1608 444 1791 487; x_wconf 88' lang='lat' dir='ltr'>Ancient</span> <span class='ocrx_word' id='word_1_13' title='bbox 1827 444 1964 488; x_wconf 79' lang='lat' dir='ltr'>Greek</span> <span class='ocrx_word' id='word_1_14' title='bbox 1999 446 2062 488; x_wconf 86' lang='lat' dir='ltr'>in-</span> 
     </span>
     <span class='ocr_line' id='line_1_4' title="bbox 348 510 2065 567; baseline 0.001 -14"><span class='ocrx_word' id='word_1_15' title='bbox 348 514 572 566; x_wconf 78' lang='lat' dir='ltr'>scriptions</span> <span class='ocrx_word' id='word_1_16' title='bbox 601 512 647 552; x_wconf 86' lang='lat' dir='ltr'>in</span> <span class='ocrx_word' id='word_1_17' title='bbox 678 510 743 551; x_wconf 76' lang='lat' dir='ltr'>the</span> <span class='ocrx_word' id='word_1_18' title='bbox 765 510 933 551; x_wconf 76' lang='lat' dir='ltr'>British</span> <span class='ocrx_word' id='word_1_19' title='bbox 953 510 1149 552; x_wconf 82' lang='lat' dir='ltr'>Muscam</span> <span class='ocrx_word' id='word_1_20' title='bbox 1169 510 1257 552; x_wconf 89' lang='lat' dir='ltr'>III</span> <span class='ocrx_word' id='word_1_21' title='bbox 1269 525 1309 552; x_wconf 88' lang='lat' dir='ltr'>n.</span> <span class='ocrx_word' id='word_1_22' title='bbox 1330 510 1367 553; x_wconf 80' lang='lat' dir='ltr'><em>C</em></span> <span class='ocrx_word' id='word_1_23' title='bbox 1372 510 1408 553; x_wconf 79' lang='lat' dir='ltr'><em>C</em></span> <span class='ocrx_word' id='word_1_24' title='bbox 1414 511 1450 553; x_wconf 82' lang='lat' dir='ltr'><em>C</em></span> <span class='ocrx_word' id='word_1_25' title='bbox 1456 510 1670 554; x_wconf 83' lang='lat' dir='ltr'>CLXXX</span> <span class='ocrx_word' id='word_1_26' title='bbox 1679 511 1749 567; x_wconf 79' lang='lat' dir='ltr'>VI,</span> <span class='ocrx_word' id='word_1_27' title='bbox 1782 514 1855 566; x_wconf 81' lang='lat' dir='ltr'>qui</span> <span class='ocrx_word' id='word_1_28' title='bbox 1884 514 2065 556; x_wconf 80' lang='lat' dir='ltr'>continet</span> 
     </span>
     <span class='ocr_line' id='line_1_5' title="bbox 350 577 2063 635; baseline 0 -13"><span class='ocrx_word' id='word_1_29' title='bbox 350 581 569 634; x_wconf 80' lang='lat' dir='ltr'>epistulam</span> <span class='ocrx_word' id='word_1_30' title='bbox 599 579 868 632; x_wconf 87' lang='lat' dir='ltr'>imperatoris</span> <span class='ocrx_word' id='word_1_31' title='bbox 888 577 1113 619; x_wconf 82' lang='lat' dir='ltr'>Hadriani</span> <span class='ocrx_word' id='word_1_32' title='bbox 1135 592 1173 620; x_wconf 86' lang='grc' dir='ltr'>α.</span> <span class='ocrx_word' id='word_1_33' title='bbox 1197 578 1236 622; x_wconf 77' lang='lat' dir='ltr'>cl.</span> <span class='ocrx_word' id='word_1_34' title='bbox 1262 578 1398 621; x_wconf 62' lang='lat' dir='ltr'>Vlcal.</span> <span class='ocrx_word' id='word_1_35' title='bbox 1420 579 1584 623; x_wconf 79' lang='lat' dir='ltr'><em>Octobr.</em></span> <span class='ocrx_word' id='word_1_36' title='bbox 1609 594 1648 621; x_wconf 88' lang='lat' dir='ltr'>a.</span> <span class='ocrx_word' id='word_1_37' title='bbox 1670 583 1755 623; x_wconf 95' lang='grc'>120</span> <span class='ocrx_word' id='word_1_38' title='bbox 1777 580 1835 622; x_wconf 83' lang='lat' dir='ltr'>acl</span> <span class='ocrx_word' id='word_1_39' title='bbox 1850 581 2063 635; x_wconf 69' lang='lat' dir='ltr'>yerusiam</span> 
     </span>
     <span class='ocr_line' id='line_1_6' title="bbox 347 646 816 702; baseline -0.006 -12"><span class='ocrx_word' id='word_1_40' title='bbox 347 648 624 702; x_wconf 69' lang='lat' dir='ltr'><em>Ephesiorum</em></span> <span class='ocrx_word' id='word_1_41' title='bbox 657 646 816 688; x_wconf 83' lang='lat' dir='ltr'>datam.</span> 
     </span>
    </p>

    <p class='ocr_par' dir='ltr' id='par_1_4' title="bbox 349 714 2065 908">
     <span class='ocr_line' id='line_1_7' title="bbox 434 714 2065 770; baseline 0.001 -14"><span class='ocrx_word' id='word_1_42' title='bbox 434 714 681 757; x_wconf 80' lang='lat' dir='ltr'>Consularis</span> <span class='ocrx_word' id='word_1_43' title='bbox 713 715 756 755; x_wconf 92' lang='lat' dir='ltr'>in</span> <span class='ocrx_word' id='word_1_44' title='bbox 788 720 938 756; x_wconf 85' lang='lat' dir='ltr'>senatu</span> <span class='ocrx_word' id='word_1_45' title='bbox 968 715 1225 756; x_wconf 84' lang='lat' dir='ltr'>sententiam</span> <span class='ocrx_word' id='word_1_46' title='bbox 1256 714 1368 756; x_wconf 83' lang='lat' dir='ltr'><strong>dixit</strong></span> <span class='ocrx_word' id='word_1_47' title='bbox 1397 714 1516 759; x_wconf 87' lang='lat' dir='ltr'>Plin.</span> <span class='ocrx_word' id='word_1_48' title='bbox 1548 716 1665 769; x_wconf 83' lang='lat' dir='ltr'>epist.</span> <span class='ocrx_word' id='word_1_49' title='bbox 1698 719 1737 765; x_wconf 85' lang='lat'>5,</span> <span class='ocrx_word' id='word_1_50' title='bbox 1758 719 1826 766; x_wconf 89' lang='grc'><strong>20,</strong></span> <span class='ocrx_word' id='word_1_51' title='bbox 1850 719 1879 758; x_wconf 84' lang='grc'><strong><em>7</em></strong></span> <span class='ocrx_word' id='word_1_52' title='bbox 1907 731 1946 758; x_wconf 90' lang='lat' dir='ltr'>a.</span> <span class='ocrx_word' id='word_1_53' title='bbox 1977 717 2065 770; x_wconf 81' lang='lat' dir='ltr'>fere</span> 
     </span>
     <span class='ocr_line' id='line_1_8' title="bbox 349 781 2064 837; baseline 0.001 -12"><span class='ocrx_word' id='word_1_54' title='bbox 349 783 548 833; x_wconf 78' lang='lat' dir='ltr'>105l106;</span> <span class='ocrx_word' id='word_1_55' title='bbox 577 782 652 823; x_wconf 85' lang='lat' dir='ltr'>sub</span> <span class='ocrx_word' id='word_1_56' title='bbox 684 782 793 823; x_wconf 82' lang='lat' dir='ltr'>idem</span> <span class='ocrx_word' id='word_1_57' title='bbox 823 782 912 835; x_wconf 81' lang='lat' dir='ltr'>fere</span> <span class='ocrx_word' id='word_1_58' title='bbox 941 785 1102 836; x_wconf 89' lang='lat' dir='ltr'>tempus</span> <span class='ocrx_word' id='word_1_59' title='bbox 1132 782 1275 824; x_wconf 89' lang='lat' dir='ltr'>consul</span> <span class='ocrx_word' id='word_1_60' title='bbox 1304 781 1504 834; x_wconf 80' lang='lat' dir='ltr'>suffectus</span> <span class='ocrx_word' id='word_1_61' title='bbox 1523 783 1621 837; x_wconf 79' lang='lat' dir='ltr'>fuit.</span> <span class='ocrx_word' id='word_1_62' title='bbox 1677 784 1914 826; x_wconf 85' lang='lat' dir='ltr'>Proconsul</span> <span class='ocrx_word' id='word_1_63' title='bbox 1935 784 2064 826; x_wconf 83' lang='lat' dir='ltr'>Asiae</span> 
     </span>
     <span class='ocr_line' id='line_1_9' title="bbox 349 849 2064 908; baseline 0.001 -16"><span class='ocrx_word' id='word_1_64' title='bbox 349 865 459 892; x_wconf 84' lang='lat' dir='ltr'>anno</span> <span class='ocrx_word' id='word_1_65' title='bbox 490 850 785 906; x_wconf 77' lang='lat' dir='ltr'>proconsulari</span> <span class='ocrx_word' id='word_1_66' title='bbox 810 851 986 893; x_wconf 78' lang='lat' dir='ltr'>120l121</span> <span class='ocrx_word' id='word_1_67' title='bbox 1013 851 1076 893; x_wconf 85' lang='lat' dir='ltr'>tit.</span> <span class='ocrx_word' id='word_1_68' title='bbox 1110 875 1157 879; x_wconf 84' lang='lat'>-</span> <span class='ocrx_word' id='word_1_69' title='bbox 1184 849 1353 892; x_wconf 85' lang='lat' dir='ltr'>Plinius</span> <span class='ocrx_word' id='word_1_70' title='bbox 1384 851 1439 892; x_wconf 87' lang='lat' dir='ltr'>ad</span> <span class='ocrx_word' id='word_1_71' title='bbox 1470 866 1565 892; x_wconf 87' lang='lat' dir='ltr'>eum</span> <span class='ocrx_word' id='word_1_72' title='bbox 1597 853 1769 908; x_wconf 78' lang='lat' dir='ltr'>scripsit</span> <span class='ocrx_word' id='word_1_73' title='bbox 1789 853 1906 906; x_wconf 83' lang='lat' dir='ltr'>epist.</span> <span class='ocrx_word' id='word_1_74' title='bbox 1928 855 1967 903; x_wconf 87' lang='lat'>3,</span> <span class='ocrx_word' id='word_1_75' title='bbox 1993 855 2064 896; x_wconf 95' lang='grc'>21.</span> 
     </span>
    </p>

    <p class='ocr_par' dir='ltr' id='par_1_5' title="bbox 345 918 2063 1042">
     <span class='ocr_line' id='line_1_10' title="bbox 430 918 2063 973; baseline 0.001 -13"><span class='ocrx_word' id='word_1_76' title='bbox 430 919 549 961; x_wconf 82' lang='lat' dir='ltr'>Idem</span> <span class='ocrx_word' id='word_1_77' title='bbox 578 919 760 972; x_wconf 78' lang='lat' dir='ltr'>fortasse</span> <span class='ocrx_word' id='word_1_78' title='bbox 796 918 860 960; x_wconf 81' lang='lat' dir='ltr'>vel</span> <span class='ocrx_word' id='word_1_79' title='bbox 890 918 1007 973; x_wconf 70' lang='lat' dir='ltr'>filius</span> <span class='ocrx_word' id='word_1_80' title='bbox 1035 922 1293 960; x_wconf 89' lang='lat' dir='ltr'>memoratur</span> <span class='ocrx_word' id='word_1_81' title='bbox 1323 920 1368 960; x_wconf 88' lang='lat' dir='ltr'>in</span> <span class='ocrx_word' id='word_1_82' title='bbox 1399 922 1428 961; x_wconf 88' lang='lat' dir='ltr'>t.</span> <span class='ocrx_word' id='word_1_83' title='bbox 1458 920 1623 962; x_wconf 85' lang='lat' dir='ltr'>urbano</span> <span class='ocrx_word' id='word_1_84' title='bbox 1653 920 1887 962; x_wconf 84' lang='lat' dir='ltr'>Bullettino</span> <span class='ocrx_word' id='word_1_85' title='bbox 1927 934 2063 962; x_wconf 90' lang='lat' dir='ltr'>comu-</span> 
     </span>
     <span class='ocr_line' id='line_1_11' title="bbox 345 986 1960 1042; baseline 0.001 -13"><span class='ocrx_word' id='word_1_86' title='bbox 345 987 442 1029; x_wconf 81' lang='lat' dir='ltr'>nale</span> <span class='ocrx_word' id='word_1_87' title='bbox 469 990 578 1029; x_wconf 87' lang='lat'><em>1880</em></span> <span class='ocrx_word' id='word_1_88' title='bbox 604 1002 649 1041; x_wconf 88' lang='lat' dir='ltr'>p.</span> <span class='ocrx_word' id='word_1_89' title='bbox 672 989 774 1028; x_wconf 83' lang='lat'><strong><em>136:</em></strong></span> <span class='ocrx_word' id='word_1_90' title='bbox 805 986 998 1042; x_wconf 80' lang='lat' dir='ltr'>Sulpicia</span> <span class='ocrx_word' id='word_1_91' title='bbox 1029 986 1076 1029; x_wconf 82' lang='lat' dir='ltr'>C.</span> <span class='ocrx_word' id='word_1_92' title='bbox 1109 986 1138 1030; x_wconf 91' lang='lat' dir='ltr'>f.</span> <span class='ocrx_word' id='word_1_93' title='bbox 1170 986 1393 1029; x_wconf 83' lang='lat' dir='ltr'>Platorina</span> <span class='ocrx_word' id='word_1_94' title='bbox 1423 987 1597 1030; x_wconf 87' lang='lat' dir='ltr'>Corneli</span> <span class='ocrx_word' id='word_1_95' title='bbox 1630 989 1767 1030; x_wconf 81' lang='lat' dir='ltr'>Prisci</span> <span class='ocrx_word' id='word_1_96' title='bbox 1799 989 1960 1042; x_wconf 86' lang='lat' dir='ltr'>(uxor).</span> 
     </span>
    </p>

    <p class='ocr_par' dir='ltr' id='par_1_6' title="bbox 265 1054 2062 1110">
     <span class='ocr_line' id='line_1_12' title="bbox 265 1054 2062 1110; baseline 0.001 -13"><span class='ocrx_word' id='word_1_97' title='bbox 265 1057 367 1097; x_wconf 83' lang='lat'>1161</span> <span class='ocrx_word' id='word_1_98' title='bbox 402 1055 716 1109; x_wconf 86' lang='lat' dir='ltr'>COR(NELIVS)</span> <span class='ocrx_word' id='word_1_99' title='bbox 738 1054 1030 1108; x_wconf 84' lang='lat' dir='ltr'>PROC(VLVS)</span> <span class='ocrx_word' id='word_1_100' title='bbox 1050 1058 1306 1097; x_wconf 85' lang='lat' dir='ltr'>memoratur</span> <span class='ocrx_word' id='word_1_101' title='bbox 1332 1056 1376 1097; x_wconf 89' lang='lat' dir='ltr'>in</span> <span class='ocrx_word' id='word_1_102' title='bbox 1399 1056 1616 1110; x_wconf 72' lang='lat' dir='ltr'>siynaculo</span> <span class='ocrx_word' id='word_1_103' title='bbox 1636 1057 1746 1098; x_wconf 84' lang='lat' dir='ltr'>servi</span> <span class='ocrx_word' id='word_1_104' title='bbox 1763 1056 1811 1098; x_wconf 91' lang='lat' dir='ltr'><strong><em>X</em></strong></span> <span class='ocrx_word' id='word_1_105' title='bbox 1829 1059 1952 1107; x_wconf 85' lang='lat'><em>8059,</em></span> <span class='ocrx_word' id='word_1_106' title='bbox 1968 1059 2062 1100; x_wconf 81' lang='lat'><em>377.</em></span> 
     </span>
    </p>

    <p class='ocr_par' dir='ltr' id='par_1_7' title="bbox 264 1122 2063 1245">
     <span class='ocr_line' id='line_1_13' title="bbox 264 1122 2063 1182; baseline 0 -16"><span class='ocrx_word' id='word_1_107' title='bbox 264 1125 371 1166; x_wconf 84' lang='lat'>1162</span> <span class='ocrx_word' id='word_1_108' title='bbox 402 1130 443 1165; x_wconf 86' lang='lat' dir='ltr'>P.</span> <span class='ocrx_word' id='word_1_109' title='bbox 476 1130 753 1165; x_wconf 86' lang='lat' dir='ltr'>CORNELIVS</span> <span class='ocrx_word' id='word_1_110' title='bbox 784 1129 1071 1182; x_wconf 45' lang='lat' dir='ltr'>PROOVLVS„</span> <span class='ocrx_word' id='word_1_111' title='bbox 1093 1122 1260 1178; x_wconf 79' lang='lat' dir='ltr'>legatus</span> <span class='ocrx_word' id='word_1_112' title='bbox 1291 1124 1540 1165; x_wconf 83' lang='lat' dir='ltr'>Pannoniae</span> <span class='ocrx_word' id='word_1_113' title='bbox 1571 1126 1805 1180; x_wconf 85' lang='lat' dir='ltr'>superioris</span> <span class='ocrx_word' id='word_1_114' title='bbox 1836 1139 1948 1166; x_wconf 82' lang='lat' dir='ltr'>anno</span> <span class='ocrx_word' id='word_1_115' title='bbox 1982 1125 2063 1166; x_wconf 86' lang='lat'>133</span> 
     </span>
     <span class='ocr_line' id='line_1_14' title="bbox 348 1191 981 1245; baseline 0.002 -13"><span class='ocrx_word' id='word_1_116' title='bbox 348 1191 447 1245; x_wconf 78' lang='lat' dir='ltr'>(lipl.</span> <span class='ocrx_word' id='word_1_117' title='bbox 475 1191 562 1235; x_wconf 86' lang='lat' dir='ltr'>mil.</span> <span class='ocrx_word' id='word_1_118' title='bbox 594 1192 682 1234; x_wconf 89' lang='lat' dir='ltr'>III</span> <span class='ocrx_word' id='word_1_119' title='bbox 706 1191 751 1234; x_wconf 81' lang='lat' dir='ltr'>S.</span> <span class='ocrx_word' id='word_1_120' title='bbox 783 1191 868 1233; x_wconf 83' lang='lat' dir='ltr'>XL</span> <span class='ocrx_word' id='word_1_121' title='bbox 881 1191 981 1233; x_wconf 85' lang='lat' dir='ltr'><strong><em>VII.</em></strong></span> 
     </span>
    </p>

    <p class='ocr_par' dir='ltr' id='par_1_8' title="bbox 288 1265 1276 1303">
     <span class='ocr_line' id='line_1_15' title="bbox 288 1265 1276 1303; baseline 0.002 -3"><span class='ocrx_word' id='word_1_122' title='bbox 288 1284 343 1288; x_wconf 90' lang='lat'><strong>—</strong></span> <span class='ocrx_word' id='word_1_123' title='bbox 375 1266 451 1303; x_wconf 87' lang='lat' dir='ltr'>CN.</span> <span class='ocrx_word' id='word_1_124' title='bbox 482 1266 664 1300; x_wconf 88' lang='lat' dir='ltr'>ARRIVS</span> <span class='ocrx_word' id='word_1_125' title='bbox 697 1265 978 1301; x_wconf 85' lang='lat' dir='ltr'>CORNELIVS</span> <span class='ocrx_word' id='word_1_126' title='bbox 1007 1265 1276 1303; x_wconf 78' lang='lat' dir='ltr'>PROCVLVS.</span> 
     </span>
    </p>
   </div>
   <div class='ocr_carea' id='block_1_4' title="bbox 287 1334 2109 1371">
    <p class='ocr_par' dir='ltr' id='par_1_9' title="bbox 287 1334 2109 1371">
     <span class='ocr_line' id='line_1_16' title="bbox 287 1334 2109 1371; baseline 0.001 -3"><span class='ocrx_word' id='word_1_127' title='bbox 287 1352 344 1356; x_wconf 93' lang='lat'><strong>—</strong></span> <span class='ocrx_word' id='word_1_128' title='bbox 374 1334 417 1369; x_wconf 90' lang='lat' dir='ltr'>L.</span> <span class='ocrx_word' id='word_1_129' title='bbox 441 1334 652 1369; x_wconf 85' lang='lat' dir='ltr'>FVLVIVS</span> <span class='ocrx_word' id='word_1_130' title='bbox 677 1360 800 1370; x_wconf 92' lang='grc'><strong>.....</strong></span> <span class='ocrx_word' id='word_1_131' title='bbox 825 1334 866 1371; x_wconf 88' lang='lat' dir='ltr'>C.</span> <span class='ocrx_word' id='word_1_132' title='bbox 888 1334 1134 1369; x_wconf 90' lang='lat' dir='ltr'>BRVTTIVS</span> <span class='ocrx_word' id='word_1_133' title='bbox 1156 1334 1414 1370; x_wconf 89' lang='lat' dir='ltr'>PRAESENS</span> <span class='ocrx_word' id='word_1_134' title='bbox 1436 1334 1530 1369; x_wconf 83' lang='lat' dir='ltr'>MIN</span> <span class='ocrx_word' id='word_1_135' title='bbox 1548 1361 1558 1371; x_wconf 89' lang='lat'><strong>.</strong></span> <span class='ocrx_word' id='word_1_136' title='bbox 1577 1361 1587 1371; x_wconf 87' lang='lat'><strong>.</strong></span> <span class='ocrx_word' id='word_1_137' title='bbox 1605 1362 1614 1371; x_wconf 92' lang='lat'><em>.</em></span> <span class='ocrx_word' id='word_1_138' title='bbox 1637 1335 1888 1371; x_wconf 91' lang='lat' dir='ltr'>VALERIVS</span> <span class='ocrx_word' id='word_1_139' title='bbox 1914 1335 2063 1370; x_wconf 91' lang='lat' dir='ltr'>MAXI-</span> <span class='ocrx_word' id='word_1_140' title='bbox 2107 1334 2109 1337; x_wconf 79' lang='lat'>&#39;</span> 
     </span>
    </p>
   </div>
   <div class='ocr_carea' id='block_1_5' title="bbox 260 1401 2102 3435">
    <p class='ocr_par' dir='ltr' id='par_1_10' title="bbox 346 1401 2064 1506">
     <span class='ocr_line' id='line_1_17' title="bbox 346 1401 2064 1448; baseline 0.001 -12"><span class='ocrx_word' id='word_1_141' title='bbox 346 1403 444 1437; x_wconf 92' lang='lat' dir='ltr'>MVS</span> <span class='ocrx_word' id='word_1_142' title='bbox 466 1401 712 1436; x_wconf 90' lang='lat' dir='ltr'>POMPEIVS</span> <span class='ocrx_word' id='word_1_143' title='bbox 731 1402 761 1436; x_wconf 91' lang='lat' dir='ltr'>L</span> <span class='ocrx_word' id='word_1_144' title='bbox 780 1428 931 1438; x_wconf 90' lang='grc'><strong>......</strong></span> <span class='ocrx_word' id='word_1_145' title='bbox 949 1402 1148 1438; x_wconf 83' lang='lat' dir='ltr'>VALENS</span> <span class='ocrx_word' id='word_1_146' title='bbox 1172 1402 1452 1438; x_wconf 87' lang='lat' dir='ltr'>CORNELIVS</span> <span class='ocrx_word' id='word_1_147' title='bbox 1475 1403 1730 1439; x_wconf 83' lang='lat' dir='ltr'>PROCVLVS</span> <span class='ocrx_word' id='word_1_148' title='bbox 1753 1429 1906 1442; x_wconf 89' lang='grc'><strong>......</strong></span> <span class='ocrx_word' id='word_1_149' title='bbox 1927 1403 2064 1448; x_wconf 81' lang='lat' dir='ltr'>AQVI-</span> 
     </span>
     <span class='ocr_line' id='line_1_18' title="bbox 346 1470 721 1506; baseline 0 -1"><span class='ocrx_word' id='word_1_150' title='bbox 346 1470 456 1505; x_wconf 85' lang='lat' dir='ltr'>LlVS</span> <span class='ocrx_word' id='word_1_151' title='bbox 486 1470 721 1506; x_wconf 86' lang='lat' dir='ltr'>VEIENTO.</span> 
     </span>
    </p>

    <p class='ocr_par' dir='ltr' id='par_1_11' title="bbox 263 1533 2066 2476">
     <span class='ocr_line' id='line_1_19' title="bbox 263 1533 2061 1584; baseline 0.001 -10"><span class='ocrx_word' id='word_1_152' title='bbox 263 1533 371 1575; x_wconf 74' lang='lat'>1163</span> <span class='ocrx_word' id='word_1_153' title='bbox 402 1539 446 1574; x_wconf 88' lang='lat' dir='ltr'>L.</span> <span class='ocrx_word' id='word_1_154' title='bbox 488 1538 781 1574; x_wconf 88' lang='lat' dir='ltr'>STERTINIVS</span> <span class='ocrx_word' id='word_1_155' title='bbox 824 1538 1178 1583; x_wconf 77' lang='lat' dir='ltr'>QVINTILIANVS</span> <span class='ocrx_word' id='word_1_156' title='bbox 1218 1539 1416 1575; x_wconf 87' lang='lat' dir='ltr'>ACILIVS</span> <span class='ocrx_word' id='word_1_157' title='bbox 1464 1539 1653 1575; x_wconf 87' lang='lat' dir='ltr'>STRABO</span> <span class='ocrx_word' id='word_1_158' title='bbox 1696 1540 1739 1584; x_wconf 81' lang='lat' dir='ltr'>Q.</span> <span class='ocrx_word' id='word_1_159' title='bbox 1783 1540 2061 1576; x_wconf 84' lang='lat' dir='ltr'>CORNELIVS</span> 
     </span>
     <span class='ocr_line' id='line_1_20' title="bbox 346 1602 2066 1656; baseline 0.002 -15"><span class='ocrx_word' id='word_1_160' title='bbox 346 1607 582 1642; x_wconf 81' lang='lat' dir='ltr'>RVSTICVS</span> <span class='ocrx_word' id='word_1_161' title='bbox 614 1607 861 1642; x_wconf 86' lang='lat' dir='ltr'>APRONIVS</span> <span class='ocrx_word' id='word_1_162' title='bbox 895 1607 1108 1642; x_wconf 87' lang='lat' dir='ltr'>SENECIO</span> <span class='ocrx_word' id='word_1_163' title='bbox 1141 1607 1409 1645; x_wconf 88' lang='lat' dir='ltr'>PROCVLVS.</span> <span class='ocrx_word' id='word_1_164' title='bbox 1486 1602 1670 1644; x_wconf 83' lang='lat' dir='ltr'>Titulum</span> <span class='ocrx_word' id='word_1_165' title='bbox 1709 1602 1983 1656; x_wconf 75' lang='lat' dir='ltr'>sepulcralem</span> <span class='ocrx_word' id='word_1_166' title='bbox 2025 1602 2066 1644; x_wconf 78' lang='lat' dir='ltr'>ei</span> 
     </span>
     <span class='ocr_line' id='line_1_21' title="bbox 339 1668 2062 1723; baseline 0.001 -12"><span class='ocrx_word' id='word_1_167' title='bbox 339 1672 572 1723; x_wconf 88' lang='lat' dir='ltr'>posuerunt</span> <span class='ocrx_word' id='word_1_168' title='bbox 593 1668 822 1711; x_wconf 81' lang='lat' dir='ltr'>Corneliae</span> <span class='ocrx_word' id='word_1_169' title='bbox 843 1669 1029 1711; x_wconf 84' lang='lat' dir='ltr'>Procula</span> <span class='ocrx_word' id='word_1_170' title='bbox 1059 1676 1100 1711; x_wconf 91' lang='lat' dir='ltr'>et</span> <span class='ocrx_word' id='word_1_171' title='bbox 1127 1669 1305 1711; x_wconf 86' lang='lat' dir='ltr'>Placida</span> <span class='ocrx_word' id='word_1_172' title='bbox 1335 1669 1450 1712; x_wconf 86' lang='lat' dir='ltr'>filiae</span> <span class='ocrx_word' id='word_1_173' title='bbox 1481 1670 1549 1712; x_wconf 90' lang='lat' dir='ltr'>VI</span> <span class='ocrx_word' id='word_1_174' title='bbox 1560 1673 1680 1714; x_wconf 82' lang='grc'><strong>1387.</strong></span> <span class='ocrx_word' id='word_1_175' title='bbox 1727 1670 1868 1713; x_wconf 87' lang='lat' dir='ltr'>Plena</span> <span class='ocrx_word' id='word_1_176' title='bbox 1889 1672 2062 1713; x_wconf 85' lang='lat' dir='ltr'>nomina</span> 
     </span>
     <span class='ocr_line' id='line_1_22' title="bbox 345 1737 2063 1791; baseline 0.002 -13"><span class='ocrx_word' id='word_1_177' title='bbox 345 1738 507 1779; x_wconf 76' lang='lat' dir='ltr'>exhibet</span> <span class='ocrx_word' id='word_1_178' title='bbox 538 1738 624 1789; x_wconf 82' lang='lat' dir='ltr'>tit.‚·</span> <span class='ocrx_word' id='word_1_179' title='bbox 653 1738 826 1779; x_wconf 88' lang='lat' dir='ltr'>nomina</span> <span class='ocrx_word' id='word_1_180' title='bbox 849 1737 1117 1791; x_wconf 71' lang='lat' dir='ltr'>principalia</span> <span class='ocrx_word' id='word_1_181' title='bbox 1145 1738 1243 1779; x_wconf 77' lang='lat' dir='ltr'>huic</span> <span class='ocrx_word' id='word_1_182' title='bbox 1263 1738 1394 1791; x_wconf 81' lang='lat' dir='ltr'>fuisse</span> <span class='ocrx_word' id='word_1_183' title='bbox 1415 1738 1467 1791; x_wconf 77' lang='lat' dir='ltr'>Q.</span> <span class='ocrx_word' id='word_1_184' title='bbox 1491 1737 1738 1781; x_wconf 86' lang='lat' dir='ltr'>Cornelium</span> <span class='ocrx_word' id='word_1_185' title='bbox 1759 1739 1990 1781; x_wconf 88' lang='lat' dir='ltr'>Proculum</span> <span class='ocrx_word' id='word_1_186' title='bbox 2013 1753 2063 1781; x_wconf 73' lang='lat' dir='ltr'>ex</span> 
     </span>
     <span class='ocr_line' id='line_1_23' title="bbox 343 1805 2062 1862; baseline 0.001 -15"><span class='ocrx_word' id='word_1_187' title='bbox 343 1806 579 1848; x_wconf 85' lang='lat' dir='ltr'>nominibus</span> <span class='ocrx_word' id='word_1_188' title='bbox 598 1809 636 1847; x_wconf 86' lang='lat' dir='ltr'>ct</span> <span class='ocrx_word' id='word_1_189' title='bbox 650 1806 767 1859; x_wconf 66' lang='lat' dir='ltr'>filiae</span> <span class='ocrx_word' id='word_1_190' title='bbox 787 1806 965 1847; x_wconf 85' lang='lat' dir='ltr'>maioris</span> <span class='ocrx_word' id='word_1_191' title='bbox 986 1809 1024 1847; x_wconf 89' lang='lat' dir='ltr'>ct</span> <span class='ocrx_word' id='word_1_192' title='bbox 1040 1806 1093 1858; x_wconf 78' lang='lat' dir='ltr'>Q.</span> <span class='ocrx_word' id='word_1_193' title='bbox 1111 1805 1299 1847; x_wconf 86' lang='lat' dir='ltr'>Cornelii</span> <span class='ocrx_word' id='word_1_194' title='bbox 1319 1806 1566 1849; x_wconf 77' lang='lat' dir='ltr'>Senecionis</span> <span class='ocrx_word' id='word_1_195' title='bbox 1583 1807 1757 1849; x_wconf 89' lang='lat' dir='ltr'>Proculi</span> <span class='ocrx_word' id='word_1_196' title='bbox 1773 1807 1858 1862; x_wconf 70' lang='lat' dir='ltr'>filu·</span> <span class='ocrx_word' id='word_1_197' title='bbox 1878 1807 1945 1850; x_wconf 90' lang='lat' dir='ltr'>VI</span> <span class='ocrx_word' id='word_1_198' title='bbox 1952 1810 2062 1850; x_wconf 85' lang='lat'><em>1388</em></span> 
     </span>
     <span class='ocr_line' id='line_1_24' title="bbox 348 1874 2060 1931; baseline 0.001 -15"><span class='ocrx_word' id='word_1_199' title='bbox 348 1878 538 1929; x_wconf 87' lang='lat' dir='ltr'>apparet.</span> <span class='ocrx_word' id='word_1_200' title='bbox 590 1874 826 1916; x_wconf 89' lang='lat' dir='ltr'>Proconsul</span> <span class='ocrx_word' id='word_1_201' title='bbox 856 1874 987 1916; x_wconf 86' lang='lat' dir='ltr'>Asiae</span> <span class='ocrx_word' id='word_1_202' title='bbox 1018 1875 1081 1918; x_wconf 87' lang='lat' dir='ltr'>tit.</span> <span class='ocrx_word' id='word_1_203' title='bbox 1127 1876 1400 1931; x_wconf 85' lang='lat' dir='ltr'>Rescriptum</span> <span class='ocrx_word' id='word_1_204' title='bbox 1430 1875 1630 1917; x_wconf 88' lang='lat' dir='ltr'>divorum</span> <span class='ocrx_word' id='word_1_205' title='bbox 1661 1876 1842 1918; x_wconf 85' lang='lat' dir='ltr'>fratrum</span> <span class='ocrx_word' id='word_1_206' title='bbox 1871 1876 1927 1917; x_wconf 84' lang='lat' dir='ltr'>ad</span> <span class='ocrx_word' id='word_1_207' title='bbox 1958 1875 2060 1918; x_wconf 88' lang='lat' dir='ltr'>Cor-</span> 
     </span>
     <span class='ocr_line' id='line_1_25' title="bbox 344 1941 2058 1998; baseline 0.001 -14"><span class='ocrx_word' id='word_1_208' title='bbox 344 1943 503 1984; x_wconf 85' lang='lat' dir='ltr'>nelium</span> <span class='ocrx_word' id='word_1_209' title='bbox 534 1941 765 1984; x_wconf 88' lang='lat' dir='ltr'>Proculum</span> <span class='ocrx_word' id='word_1_210' title='bbox 797 1942 1010 1996; x_wconf 85' lang='lat' dir='ltr'>leianus</span> <span class='ocrx_word' id='word_1_211' title='bbox 1040 1943 1088 1984; x_wconf 84' lang='lat' dir='ltr'>de</span> <span class='ocrx_word' id='word_1_212' title='bbox 1120 1943 1262 1998; x_wconf 75' lang='lat' dir='ltr'>officio</span> <span class='ocrx_word' id='word_1_213' title='bbox 1289 1944 1557 1997; x_wconf 74' lang='lat' dir='ltr'>proconsulis</span> <span class='ocrx_word' id='word_1_214' title='bbox 1587 1943 1750 1998; x_wconf 74' lang='lat' dir='ltr'>Diyest.</span> <span class='ocrx_word' id='word_1_215' title='bbox 1779 1946 1846 1995; x_wconf 88' lang='grc'>48,</span> <span class='ocrx_word' id='word_1_216' title='bbox 1869 1946 1934 1994; x_wconf 88' lang='grc'><strong>18,</strong></span> <span class='ocrx_word' id='word_1_217' title='bbox 1961 1948 1998 1994; x_wconf 92' lang='grc'><strong>1,</strong></span> <span class='ocrx_word' id='word_1_218' title='bbox 2019 1947 2058 1994; x_wconf 90' lang='grc'>4,</span> 
     </span>
     <span class='ocr_line' id='line_1_26' title="bbox 344 2010 2060 2069; baseline 0.001 -17"><span class='ocrx_word' id='word_1_219' title='bbox 344 2011 488 2053; x_wconf 80' lang='lat' dir='ltr'>(latum</span> <span class='ocrx_word' id='word_1_220' title='bbox 500 2010 787 2064; x_wconf 73' lang='lat' dir='ltr'>probabiliter</span> <span class='ocrx_word' id='word_1_221' title='bbox 804 2011 862 2052; x_wconf 80' lang='lat' dir='ltr'>acl</span> <span class='ocrx_word' id='word_1_222' title='bbox 870 2011 1165 2065; x_wconf 77' lang='lat' dir='ltr'>proconsulem</span> <span class='ocrx_word' id='word_1_223' title='bbox 1176 2011 1322 2053; x_wconf 85' lang='lat' dir='ltr'>Asiae.</span> <span class='ocrx_word' id='word_1_224' title='bbox 1344 2012 1541 2054; x_wconf 89' lang='lat' dir='ltr'>Alterum</span> <span class='ocrx_word' id='word_1_225' title='bbox 1559 2012 1789 2054; x_wconf 87' lang='lat' dir='ltr'>eorundem</span> <span class='ocrx_word' id='word_1_226' title='bbox 1806 2013 2060 2069; x_wconf 84' lang='lat' dir='ltr'>rescriptum</span> 
     </span>
     <span class='ocr_line' id='line_1_27' title="bbox 342 2077 2064 2136; baseline 0.001 -15"><span class='ocrx_word' id='word_1_227' title='bbox 342 2080 397 2121; x_wconf 85' lang='lat' dir='ltr'>ad</span> <span class='ocrx_word' id='word_1_228' title='bbox 419 2078 664 2121; x_wconf 87' lang='lat' dir='ltr'>Cornelium</span> <span class='ocrx_word' id='word_1_229' title='bbox 688 2078 920 2120; x_wconf 88' lang='lat' dir='ltr'>Proculum</span> <span class='ocrx_word' id='word_1_230' title='bbox 943 2077 1052 2131; x_wconf 90' lang='lat' dir='ltr'>(cum</span> <span class='ocrx_word' id='word_1_231' title='bbox 1073 2083 1290 2132; x_wconf 80' lang='lat' dir='ltr'>praeesset</span> <span class='ocrx_word' id='word_1_232' title='bbox 1310 2081 1560 2134; x_wconf 84' lang='lat' dir='ltr'>provinciae</span> <span class='ocrx_word' id='word_1_233' title='bbox 1583 2081 1722 2122; x_wconf 90' lang='lat' dir='ltr'>nescio</span> <span class='ocrx_word' id='word_1_234' title='bbox 1744 2081 1827 2136; x_wconf 89' lang='lat' dir='ltr'>cui)</span> <span class='ocrx_word' id='word_1_235' title='bbox 1857 2083 2064 2123; x_wconf 88' lang='lat' dir='ltr'>memorat</span> 
     </span>
     <span class='ocr_line' id='line_1_28' title="bbox 343 2144 2062 2203; baseline 0.001 -13"><span class='ocrx_word' id='word_1_236' title='bbox 343 2148 507 2190; x_wconf 91' lang='lat' dir='ltr'>Paulus</span> <span class='ocrx_word' id='word_1_237' title='bbox 521 2147 683 2202; x_wconf 73' lang='lat' dir='ltr'>Diyest.</span> <span class='ocrx_word' id='word_1_238' title='bbox 696 2151 765 2198; x_wconf 87' lang='grc'><strong>26,</strong></span> <span class='ocrx_word' id='word_1_239' title='bbox 782 2150 821 2198; x_wconf 87' lang='grc'>5,</span> <span class='ocrx_word' id='word_1_240' title='bbox 836 2151 906 2198; x_wconf 91' lang='grc'><strong>24,</strong></span> <span class='ocrx_word' id='word_1_241' title='bbox 923 2148 1032 2190; x_wconf 78' lang='lat' dir='ltr'>unde</span> <span class='ocrx_word' id='word_1_242' title='bbox 1047 2147 1274 2190; x_wconf 83' lang='lat' dir='ltr'>Proculum</span> <span class='ocrx_word' id='word_1_243' title='bbox 1295 2149 1614 2202; x_wconf 81' lang='lat' dir='ltr'>imperatoriam</span> <span class='ocrx_word' id='word_1_244' title='bbox 1622 2149 1892 2203; x_wconf 82' lang='lat' dir='ltr'>provinciam</span> <span class='ocrx_word' id='word_1_245' title='bbox 1905 2144 2062 2191; x_wconf 77' lang='lat' dir='ltr'>rexisse</span> 
     </span>
     <span class='ocr_line' id='line_1_29' title="bbox 339 2216 2060 2271; baseline 0.001 -13"><span class='ocrx_word' id='word_1_246' title='bbox 339 2231 566 2271; x_wconf 84' lang='lat' dir='ltr'>perperam</span> <span class='ocrx_word' id='word_1_247' title='bbox 596 2216 760 2271; x_wconf 71' lang='lat' dir='ltr'>colleyit</span> <span class='ocrx_word' id='word_1_248' title='bbox 790 2216 1088 2271; x_wconf 70' lang='lat' dir='ltr'>Wadolinyton,</span> <span class='ocrx_word' id='word_1_249' title='bbox 1115 2216 1270 2259; x_wconf 86' lang='lat' dir='ltr'>Fastes</span> <span class='ocrx_word' id='word_1_250' title='bbox 1298 2231 1340 2259; x_wconf 90' lang='lat' dir='ltr'>n.</span> <span class='ocrx_word' id='word_1_251' title='bbox 1365 2220 1454 2259; x_wconf 89' lang='lat'><strong><em>150.</em></strong></span> <span class='ocrx_word' id='word_1_252' title='bbox 1508 2217 1652 2270; x_wconf 77' lang='lat' dir='ltr'>Neque</span> <span class='ocrx_word' id='word_1_253' title='bbox 1675 2218 1784 2259; x_wconf 86' lang='lat' dir='ltr'>enim</span> <span class='ocrx_word' id='word_1_254' title='bbox 1803 2218 1849 2259; x_wconf 88' lang='lat' dir='ltr'>in</span> <span class='ocrx_word' id='word_1_255' title='bbox 1867 2218 2060 2259; x_wconf 84' lang='lat' dir='ltr'>universo</span> 
     </span>
     <span class='ocr_line' id='line_1_30' title="bbox 343 2284 2060 2340; baseline 0.001 -14"><span class='ocrx_word' id='word_1_256' title='bbox 343 2286 402 2326; x_wconf 85' lang='lat' dir='ltr'>tit.</span> <span class='ocrx_word' id='word_1_257' title='bbox 437 2284 479 2327; x_wconf 90' lang='lat' dir='ltr'>V</span> <span class='ocrx_word' id='word_1_258' title='bbox 495 2284 587 2326; x_wconf 90' lang='lat' dir='ltr'>ulla</span> <span class='ocrx_word' id='word_1_259' title='bbox 625 2285 676 2339; x_wconf 71' lang='lat' dir='ltr'>fit</span> <span class='ocrx_word' id='word_1_260' title='bbox 715 2284 927 2326; x_wconf 82' lang='lat' dir='ltr'>distinctio</span> <span class='ocrx_word' id='word_1_261' title='bbox 966 2285 1077 2327; x_wconf 88' lang='lat' dir='ltr'>inter</span> <span class='ocrx_word' id='word_1_262' title='bbox 1118 2285 1298 2339; x_wconf 69' lang='lat' dir='ltr'>leyatum</span> <span class='ocrx_word' id='word_1_263' title='bbox 1338 2289 1375 2328; x_wconf 89' lang='lat' dir='ltr'>et</span> <span class='ocrx_word' id='word_1_264' title='bbox 1407 2286 1702 2340; x_wconf 74' lang='lat' dir='ltr'>proconsulem</span> <span class='ocrx_word' id='word_1_265' title='bbox 1734 2300 1863 2340; x_wconf 81' lang='lat' dir='ltr'>neque</span> <span class='ocrx_word' id='word_1_266' title='bbox 1891 2287 2060 2328; x_wconf 84' lang='lat' dir='ltr'>verbum</span> 
     </span>
     <span class='ocr_line' id='line_1_31' title="bbox 343 2352 2059 2409; baseline 0.002 -15"><span class='ocrx_word' id='word_1_267' title='bbox 343 2352 600 2409; x_wconf 82' lang='lat' dir='ltr'>‘praesidis&#39;,</span> <span class='ocrx_word' id='word_1_268' title='bbox 633 2367 712 2406; x_wconf 76' lang='lat' dir='ltr'>quo</span> <span class='ocrx_word' id='word_1_269' title='bbox 742 2354 879 2394; x_wconf 88' lang='lat' dir='ltr'>utitur</span> <span class='ocrx_word' id='word_1_270' title='bbox 908 2354 1169 2407; x_wconf 85' lang='lat' dir='ltr'>rescriptum,</span> <span class='ocrx_word' id='word_1_271' title='bbox 1205 2354 1382 2407; x_wconf 89' lang='lat' dir='ltr'>speciem</span> <span class='ocrx_word' id='word_1_272' title='bbox 1411 2353 1625 2407; x_wconf 80' lang='lat' dir='ltr'>quandam</span> <span class='ocrx_word' id='word_1_273' title='bbox 1653 2357 1862 2396; x_wconf 88' lang='lat' dir='ltr'>rectorum</span> <span class='ocrx_word' id='word_1_274' title='bbox 1886 2355 2059 2408; x_wconf 85' lang='lat' dir='ltr'>provin-</span> 
     </span>
     <span class='ocr_line' id='line_1_32' title="bbox 342 2421 1810 2476; baseline 0.001 -14"><span class='ocrx_word' id='word_1_275' title='bbox 342 2422 505 2462; x_wconf 85' lang='lat' dir='ltr'>ciarum</span> <span class='ocrx_word' id='word_1_276' title='bbox 533 2421 759 2475; x_wconf 71' lang='lat' dir='ltr'>siqnificat,</span> <span class='ocrx_word' id='word_1_277' title='bbox 792 2421 865 2463; x_wconf 85' lang='lat' dir='ltr'>sed</span> <span class='ocrx_word' id='word_1_278' title='bbox 887 2421 1142 2475; x_wconf 62' lang='lat' dir='ltr'>generaliter</span> <span class='ocrx_word' id='word_1_279' title='bbox 1173 2422 1221 2463; x_wconf 84' lang='lat' dir='ltr'>de</span> <span class='ocrx_word' id='word_1_280' title='bbox 1252 2422 1365 2464; x_wconf 89' lang='lat' dir='ltr'>omni</span> <span class='ocrx_word' id='word_1_281' title='bbox 1389 2436 1537 2476; x_wconf 72' lang='lat' dir='ltr'>qenere</span> <span class='ocrx_word' id='word_1_282' title='bbox 1567 2426 1810 2476; x_wconf 88' lang='lat' dir='ltr'>usurpatur.</span> 
     </span>
    </p>

    <p class='ocr_par' dir='ltr' id='par_1_12' title="bbox 337 2490 2062 2887">
     <span class='ocr_line' id='line_1_33' title="bbox 425 2490 2062 2546; baseline 0.001 -14"><span class='ocrx_word' id='word_1_283' title='bbox 425 2490 693 2544; x_wconf 86' lang='lat' dir='ltr'>Rescriptum</span> <span class='ocrx_word' id='word_1_284' title='bbox 721 2490 932 2533; x_wconf 86' lang='lat' dir='ltr'>Antonini</span> <span class='ocrx_word' id='word_1_285' title='bbox 961 2490 1036 2532; x_wconf 87' lang='lat' dir='ltr'>Pii</span> <span class='ocrx_word' id='word_1_286' title='bbox 1065 2491 1122 2532; x_wconf 78' lang='lat' dir='ltr'>acl</span> <span class='ocrx_word' id='word_1_287' title='bbox 1158 2491 1398 2533; x_wconf 80' lang='lat' dir='ltr'>Cornelium</span> <span class='ocrx_word' id='word_1_288' title='bbox 1436 2491 1665 2533; x_wconf 87' lang='lat' dir='ltr'>Proculum</span> <span class='ocrx_word' id='word_1_289' title='bbox 1695 2491 1857 2546; x_wconf 72' lang='lat' dir='ltr'>Diyest.</span> <span class='ocrx_word' id='word_1_290' title='bbox 1887 2495 1931 2543; x_wconf 90' lang='grc'><strong>2,</strong></span> <span class='ocrx_word' id='word_1_291' title='bbox 1961 2495 2001 2543; x_wconf 88' lang='grc'>8,</span> <span class='ocrx_word' id='word_1_292' title='bbox 2035 2495 2062 2534; x_wconf 82' lang='grc'><strong><em>7</em></strong></span> 
     </span>
     <span class='ocr_line' id='line_1_34' title="bbox 337 2558 2060 2615; baseline 0.002 -15"><span class='ocrx_word' id='word_1_293' title='bbox 337 2562 515 2613; x_wconf 86' lang='lat' dir='ltr'>propter</span> <span class='ocrx_word' id='word_1_294' title='bbox 546 2562 776 2613; x_wconf 88' lang='lat' dir='ltr'>temporum</span> <span class='ocrx_word' id='word_1_295' title='bbox 805 2560 991 2601; x_wconf 86' lang='lat' dir='ltr'>rationes</span> <span class='ocrx_word' id='word_1_296' title='bbox 1022 2559 1079 2601; x_wconf 84' lang='lat' dir='ltr'>acl</span> <span class='ocrx_word' id='word_1_297' title='bbox 1104 2558 1175 2604; x_wconf 79' lang='lat' dir='ltr'>On.</span> <span class='ocrx_word' id='word_1_298' title='bbox 1198 2559 1378 2601; x_wconf 89' lang='lat' dir='ltr'>Arrium</span> <span class='ocrx_word' id='word_1_299' title='bbox 1399 2559 1635 2602; x_wconf 83' lang='lat' dir='ltr'>Cornelium</span> <span class='ocrx_word' id='word_1_300' title='bbox 1656 2559 1886 2602; x_wconf 88' lang='lat' dir='ltr'>Proculum</span> <span class='ocrx_word' id='word_1_301' title='bbox 1912 2560 2060 2615; x_wconf 86' lang='lat' dir='ltr'>(supra</span> 
     </span>
     <span class='ocr_line' id='line_1_35' title="bbox 342 2627 2060 2682; baseline 0.001 -14"><span class='ocrx_word' id='word_1_302' title='bbox 342 2627 384 2668; x_wconf 82' lang='lat' dir='ltr'><strong><em>A</em></strong></span> <span class='ocrx_word' id='word_1_303' title='bbox 407 2627 503 2675; x_wconf 88' lang='lat'><em>901)</em></span> <span class='ocrx_word' id='word_1_304' title='bbox 522 2627 774 2670; x_wconf 85' lang='lat' dir='ltr'>rettulimus.</span> <span class='ocrx_word' id='word_1_305' title='bbox 799 2652 849 2657; x_wconf 92' lang='lat'>—-</span> <span class='ocrx_word' id='word_1_306' title='bbox 874 2627 989 2670; x_wconf 92' lang='lat' dir='ltr'>Num</span> <span class='ocrx_word' id='word_1_307' title='bbox 1020 2629 1063 2669; x_wconf 87' lang='lat' dir='ltr'>in</span> <span class='ocrx_word' id='word_1_308' title='bbox 1095 2628 1217 2670; x_wconf 86' lang='lat' dir='ltr'>titulo</span> <span class='ocrx_word' id='word_1_309' title='bbox 1238 2628 1539 2682; x_wconf 75' lang='lat' dir='ltr'>Sayalassensi</span> <span class='ocrx_word' id='word_1_310' title='bbox 1556 2628 1886 2678; x_wconf 70' lang='lat' dir='ltr'>Lanckoronski‚</span> <span class='ocrx_word' id='word_1_311' title='bbox 1909 2627 2060 2671; x_wconf 79' lang='lat' dir='ltr'>Stadtc</span> 
     </span>
     <span class='ocr_line' id='line_1_36' title="bbox 341 2695 2056 2750; baseline 0.001 -14"><span class='ocrx_word' id='word_1_312' title='bbox 341 2695 641 2749; x_wconf 76' lang='lat' dir='ltr'>Pamphyliens</span> <span class='ocrx_word' id='word_1_313' title='bbox 675 2695 764 2737; x_wconf 78' lang='lat' dir='ltr'>und</span> <span class='ocrx_word' id='word_1_314' title='bbox 802 2695 1014 2738; x_wconf 84' lang='lat' dir='ltr'>Pisidiens</span> <span class='ocrx_word' id='word_1_315' title='bbox 1051 2696 1112 2738; x_wconf 92' lang='lat' dir='ltr'>II</span> <span class='ocrx_word' id='word_1_316' title='bbox 1134 2711 1181 2750; x_wconf 89' lang='lat' dir='ltr'>p.</span> <span class='ocrx_word' id='word_1_317' title='bbox 1213 2699 1303 2739; x_wconf 89' lang='grc'>226</span> <span class='ocrx_word' id='word_1_318' title='bbox 1340 2710 1382 2738; x_wconf 88' lang='lat' dir='ltr'>n.</span> <span class='ocrx_word' id='word_1_319' title='bbox 1412 2700 1498 2739; x_wconf 90' lang='grc'><strong>200</strong></span> <span class='ocrx_word' id='word_1_320' title='bbox 1523 2701 1558 2735; x_wconf 91' lang='lat' dir='ltr'>V</span> <span class='ocrx_word' id='word_1_321' title='bbox 1583 2697 1750 2739; x_wconf 87' lang='lat' dir='ltr'>omnino</span> <span class='ocrx_word' id='word_1_322' title='bbox 1784 2696 2056 2750; x_wconf 84' lang='lat' dir='ltr'>supplendum</span> 
     </span>
     <span class='ocr_line' id='line_1_37' title="bbox 342 2763 2062 2821; baseline 0.001 -17"><span class='ocrx_word' id='word_1_323' title='bbox 342 2764 398 2805; x_wconf 87' lang='lat' dir='ltr'>sit</span> <span class='ocrx_word' id='word_1_324' title='bbox 428 2763 504 2818; x_wconf 83' lang='grc' dir='ltr'>[ἐπὶ</span> <span class='ocrx_word' id='word_1_325' title='bbox 533 2763 772 2820; x_wconf 78' lang='grc' dir='ltr'>Κορνηλίου]</span> <span class='ocrx_word' id='word_1_326' title='bbox 809 2763 988 2821; x_wconf 82' lang='grc' dir='ltr'>Πρόκλου</span> <span class='ocrx_word' id='word_1_327' title='bbox 1021 2769 1088 2807; x_wconf 78' lang='grc' dir='ltr'>τοῦ</span> <span class='ocrx_word' id='word_1_328' title='bbox 1123 2767 1363 2821; x_wconf 84' lang='grc' dir='ltr'>σεμνοτάτου</span> <span class='ocrx_word' id='word_1_329' title='bbox 1392 2764 1639 2821; x_wconf 80' lang='grc' dir='ltr'>ἡγεμόνο[ς],</span> <span class='ocrx_word' id='word_1_330' title='bbox 1679 2768 1727 2806; x_wconf 84' lang='lat' dir='ltr'>ut</span> <span class='ocrx_word' id='word_1_331' title='bbox 1754 2765 1961 2819; x_wconf 77' lang='lat' dir='ltr'>supplevit</span> <span class='ocrx_word' id='word_1_332' title='bbox 1987 2765 2062 2819; x_wconf 80' lang='lat' dir='ltr'>qui</span> 
     </span>
     <span class='ocr_line' id='line_1_38' title="bbox 342 2831 1952 2887; baseline 0.001 -14"><span class='ocrx_word' id='word_1_333' title='bbox 342 2831 484 2881; x_wconf 79' lang='lat' dir='ltr'>edidit,</span> <span class='ocrx_word' id='word_1_334' title='bbox 517 2833 562 2873; x_wconf 88' lang='lat' dir='ltr'>in</span> <span class='ocrx_word' id='word_1_335' title='bbox 593 2833 831 2886; x_wconf 75' lang='lat' dir='ltr'>coynomine</span> <span class='ocrx_word' id='word_1_336' title='bbox 859 2834 965 2874; x_wconf 89' lang='lat' dir='ltr'>satis</span> <span class='ocrx_word' id='word_1_337' title='bbox 994 2833 1165 2886; x_wconf 79' lang='lat' dir='ltr'>vulqari</span> <span class='ocrx_word' id='word_1_338' title='bbox 1184 2833 1317 2887; x_wconf 86' lang='lat' dir='ltr'>plane</span> <span class='ocrx_word' id='word_1_339' title='bbox 1347 2834 1551 2875; x_wconf 87' lang='lat' dir='ltr'>incertum</span> <span class='ocrx_word' id='word_1_340' title='bbox 1581 2836 1652 2875; x_wconf 90' lang='lat' dir='ltr'>est.</span> <span class='ocrx_word' id='word_1_341' title='bbox 1948 2858 1952 2862; x_wconf 41' lang='grc' dir='ltr'>ν</span> 
     </span>
    </p>

    <p class='ocr_par' dir='ltr' id='par_1_13' title="bbox 260 2899 2102 3435">
     <span class='ocr_line' id='line_1_39' title="bbox 260 2899 2059 2955; baseline 0.001 -13"><span class='ocrx_word' id='word_1_342' title='bbox 260 2901 370 2942; x_wconf 85' lang='grc'><strong>1164</strong></span> <span class='ocrx_word' id='word_1_343' title='bbox 400 2903 475 2943; x_wconf 89' lang='lat' dir='ltr'>Cn.</span> <span class='ocrx_word' id='word_1_344' title='bbox 507 2899 732 2942; x_wconf 91' lang='lat' dir='ltr'>Cornelius</span> <span class='ocrx_word' id='word_1_345' title='bbox 764 2900 962 2942; x_wconf 89' lang='lat' dir='ltr'>Pulcher.</span> <span class='ocrx_word' id='word_1_346' title='bbox 1015 2901 1183 2943; x_wconf 84' lang='lat' dir='ltr'>Titulus</span> <span class='ocrx_word' id='word_1_347' title='bbox 1213 2902 1301 2943; x_wconf 90' lang='lat' dir='ltr'>eius</span> <span class='ocrx_word' id='word_1_348' title='bbox 1325 2901 1552 2955; x_wconf 72' lang='lat' dir='ltr'>Aryolicus</span> <span class='ocrx_word' id='word_1_349' title='bbox 1573 2900 1681 2944; x_wconf 79' lang='lat' dir='ltr'>OIG</span> <span class='ocrx_word' id='word_1_350' title='bbox 1701 2903 1809 2943; x_wconf 87' lang='grc'><strong>1186</strong></span> <span class='ocrx_word' id='word_1_351' title='bbox 1829 2901 2059 2955; x_wconf 84' lang='lat' dir='ltr'>descriptus</span> 
     </span>
     <span class='ocr_line' id='line_1_40' title="bbox 343 2966 2102 3024; baseline 0.002 -15"><span class='ocrx_word' id='word_1_352' title='bbox 343 2971 402 3009; x_wconf 88' lang='lat' dir='ltr'>cst</span> <span class='ocrx_word' id='word_1_353' title='bbox 432 2982 459 3009; x_wconf 87' lang='lat' dir='ltr'>a</span> <span class='ocrx_word' id='word_1_354' title='bbox 489 2966 748 3018; x_wconf 74' lang='lat' dir='ltr'>Ghancllero,</span> <span class='ocrx_word' id='word_1_355' title='bbox 781 2969 1084 3023; x_wconf 84' lang='lat' dir='ltr'>Inscriptiones</span> <span class='ocrx_word' id='word_1_356' title='bbox 1115 2970 1312 3023; x_wconf 82' lang='lat' dir='ltr'>antiquae</span> <span class='ocrx_word' id='word_1_357' title='bbox 1332 2983 1444 3023; x_wconf 86' lang='lat' dir='ltr'>pars</span> <span class='ocrx_word' id='word_1_358' title='bbox 1472 2970 1533 3012; x_wconf 92' lang='lat' dir='ltr'>II</span> <span class='ocrx_word' id='word_1_359' title='bbox 1547 2984 1595 3024; x_wconf 88' lang='lat' dir='ltr'>p.</span> <span class='ocrx_word' id='word_1_360' title='bbox 1616 2972 1671 3011; x_wconf 88' lang='grc'><strong>81</strong></span> <span class='ocrx_word' id='word_1_361' title='bbox 1698 2983 1739 3011; x_wconf 94' lang='lat' dir='ltr'>n.</span> <span class='ocrx_word' id='word_1_362' title='bbox 1761 2972 1854 3023; x_wconf 82' lang='lat'><strong><em>137,</em></strong></span> <span class='ocrx_word' id='word_1_363' title='bbox 1885 2982 2059 3023; x_wconf 79' lang='lat' dir='ltr'>quocum</span> <span class='ocrx_word' id='word_1_364' title='bbox 2100 3009 2102 3012; x_wconf 83' lang='lat'><em>.</em></span> 
     </span>
     <span class='ocr_line' id='line_1_41' title="bbox 343 3036 2056 3093; baseline 0.002 -16"><span class='ocrx_word' id='word_1_365' title='bbox 343 3036 545 3077; x_wconf 87' lang='lat' dir='ltr'>consentit</span> <span class='ocrx_word' id='word_1_366' title='bbox 592 3036 681 3088; x_wconf 80' lang='lat' dir='ltr'>fere</span> <span class='ocrx_word' id='word_1_367' title='bbox 722 3036 951 3090; x_wconf 70' lang='lat' dir='ltr'>exemplum</span> <span class='ocrx_word' id='word_1_368' title='bbox 992 3040 1119 3079; x_wconf 89' lang='lat' dir='ltr'>antea</span> <span class='ocrx_word' id='word_1_369' title='bbox 1160 3051 1187 3078; x_wconf 85' lang='lat' dir='ltr'>a</span> <span class='ocrx_word' id='word_1_370' title='bbox 1225 3037 1485 3079; x_wconf 90' lang='lat' dir='ltr'>Fourmonto</span> <span class='ocrx_word' id='word_1_371' title='bbox 1525 3037 1690 3079; x_wconf 78' lang='lat' dir='ltr'>clatum:</span> <span class='ocrx_word' id='word_1_372' title='bbox 1731 3038 1794 3080; x_wconf 87' lang='grc' dir='ltr'>Γν.</span> <span class='ocrx_word' id='word_1_373' title='bbox 1838 3036 2056 3093; x_wconf 86' lang='grc' dir='ltr'>Κορνήλιον</span> 
     </span>
     <span class='ocr_line' id='line_1_42' title="bbox 343 3103 2058 3162; baseline 0.001 -17"><span class='ocrx_word' id='word_1_374' title='bbox 343 3103 519 3160; x_wconf 82' lang='grc' dir='ltr'>Τιβερίου</span> <span class='ocrx_word' id='word_1_375' title='bbox 552 3105 634 3146; x_wconf 84' lang='grc' dir='ltr'>υἱὸν</span> <span class='ocrx_word' id='word_1_376' title='bbox 669 3105 802 3161; x_wconf 85' lang='grc' dir='ltr'>Φαβία</span> <span class='ocrx_word' id='word_1_377' title='bbox 835 3104 1043 3161; x_wconf 80' lang='grc' dir='ltr'>Ποῦλχρον</span> <span class='ocrx_word' id='word_1_378' title='bbox 1075 3107 1306 3162; x_wconf 86' lang='grc' dir='ltr'>χειλίαρχον</span> <span class='ocrx_word' id='word_1_379' title='bbox 1328 3108 1409 3161; x_wconf 79' lang='grc' dir='ltr'>λεγ.</span> <span class='ocrx_word' id='word_1_380' title='bbox 1435 3104 1469 3147; x_wconf 83' lang='grc' dir='ltr'>δ’</span> <span class='ocrx_word' id='word_1_381' title='bbox 1492 3106 1690 3160; x_wconf 78' lang='grc' dir='ltr'>Σκυθικῆς</span> <span class='ocrx_word' id='word_1_382' title='bbox 1709 3109 1764 3146; x_wconf 86' lang='grc' dir='ltr'>ΔΥ</span> <span class='ocrx_word' id='word_1_383' title='bbox 1794 3103 1870 3157; x_wconf 78' lang='lat' dir='ltr'>(sic</span> <span class='ocrx_word' id='word_1_384' title='bbox 1889 3105 2058 3148; x_wconf 76' lang='lat' dir='ltr'>Bocckh</span> 
     </span>
     <span class='ocr_line' id='line_1_43' title="bbox 342 3170 2058 3230; baseline 0.002 -18"><span class='ocrx_word' id='word_1_385' title='bbox 342 3184 434 3212; x_wconf 93' lang='lat' dir='ltr'>cum</span> <span class='ocrx_word' id='word_1_386' title='bbox 461 3170 735 3221; x_wconf 85' lang='lat' dir='ltr'>Fourmonto‚</span> <span class='ocrx_word' id='word_1_387' title='bbox 768 3177 827 3212; x_wconf 76' lang='grc' dir='ltr'>ΔΚ</span> <span class='ocrx_word' id='word_1_388' title='bbox 857 3172 1089 3221; x_wconf 77' lang='lat' dir='ltr'>Chandler)</span> <span class='ocrx_word' id='word_1_389' title='bbox 1120 3176 1273 3230; x_wconf 82' lang='grc' dir='ltr'>ἀνδρῶν</span> <span class='ocrx_word' id='word_1_390' title='bbox 1306 3175 1604 3229; x_wconf 81' lang='grc' dir='ltr'>ἀντιστράτηγον</span> <span class='ocrx_word' id='word_1_391' title='bbox 1643 3174 1685 3216; x_wconf 89' lang='grc' dir='ltr'>ἐν</span> <span class='ocrx_word' id='word_1_392' title='bbox 1728 3172 1911 3229; x_wconf 78' lang='grc' dir='ltr'>Κορίνθῳ</span> <span class='ocrx_word' id='word_1_393' title='bbox 1942 3173 2058 3230; x_wconf 83' lang='grc' dir='ltr'>εὐθη-</span> 
     </span>
     <span class='ocr_line' id='line_1_44' title="bbox 344 3239 2057 3298; baseline 0.001 -17"><span class='ocrx_word' id='word_1_394' title='bbox 344 3239 456 3292; x_wconf 83' lang='grc' dir='ltr'>[ν]ίας</span> <span class='ocrx_word' id='word_1_395' title='bbox 495 3239 746 3297; x_wconf 73' lang='grc' dir='ltr'>ἐπιμελητήν,</span> <span class='ocrx_word' id='word_1_396' title='bbox 790 3242 1042 3298; x_wconf 77' lang='grc' dir='ltr'>ἀγωνοθέτην</span> <span class='ocrx_word' id='word_1_397' title='bbox 1085 3241 1325 3298; x_wconf 83' lang='grc' dir='ltr'>Καισαρήων</span> <span class='ocrx_word' id='word_1_398' title='bbox 1367 3241 1632 3297; x_wconf 82' lang='grc' dir='ltr'>Νερουανήων</span> <span class='ocrx_word' id='word_1_399' title='bbox 1674 3241 1904 3298; x_wconf 77' lang='grc' dir='ltr'>Τραιανήων</span> <span class='ocrx_word' id='word_1_400' title='bbox 1935 3241 2057 3298; x_wconf 84' lang='grc' dir='ltr'>Σεβα-</span> 
     </span>
     <span class='ocr_line' id='line_1_45' title="bbox 343 3308 2057 3366; baseline 0.002 -18"><span class='ocrx_word' id='word_1_401' title='bbox 343 3309 472 3362; x_wconf 82' lang='grc' dir='ltr'>στήων</span> <span class='ocrx_word' id='word_1_402' title='bbox 507 3308 786 3365; x_wconf 77' lang='grc' dir='ltr'>Γερμανικήων</span> <span class='ocrx_word' id='word_1_403' title='bbox 822 3309 992 3363; x_wconf 84' lang='grc' dir='ltr'>Δακήων</span> <span class='ocrx_word' id='word_1_404' title='bbox 1024 3312 1086 3352; x_wconf 85' lang='grc' dir='ltr'>καὶ</span> <span class='ocrx_word' id='word_1_405' title='bbox 1119 3309 1302 3365; x_wconf 84' lang='grc' dir='ltr'>Ἰσθμίων</span> <span class='ocrx_word' id='word_1_406' title='bbox 1331 3312 1394 3352; x_wconf 87' lang='grc' dir='ltr'>καὶ</span> <span class='ocrx_word' id='word_1_407' title='bbox 1432 3308 1672 3365; x_wconf 81' lang='grc' dir='ltr'>Καισαρήων</span> <span class='ocrx_word' id='word_1_408' title='bbox 1713 3311 1778 3352; x_wconf 81' lang='grc' dir='ltr'>καὶ</span> <span class='ocrx_word' id='word_1_409' title='bbox 1806 3309 2057 3366; x_wconf 81' lang='grc' dir='ltr'>ἀγωνοθέτην</span> 
     </span>
     <span class='ocr_line' id='line_1_46' title="bbox 342 3375 2057 3435; baseline 0.002 -18"><span class='ocrx_word' id='word_1_410' title='bbox 342 3376 588 3434; x_wconf 55' lang='lat' dir='ltr'>§efflas-tecm</span> <span class='ocrx_word' id='word_1_411' title='bbox 632 3375 892 3434; x_wconf 80' lang='grc' dir='ltr'>Ἀσκληπείων</span> <span class='ocrx_word' id='word_1_412' title='bbox 934 3381 997 3420; x_wconf 78' lang='grc' dir='ltr'>καὶ</span> <span class='ocrx_word' id='word_1_413' title='bbox 1035 3381 1249 3435; x_wconf 71' lang='grc' dir='ltr'>στρατηγὸν</span> <span class='ocrx_word' id='word_1_414' title='bbox 1293 3381 1357 3421; x_wconf 82' lang='grc' dir='ltr'>καὶ</span> <span class='ocrx_word' id='word_1_415' title='bbox 1397 3378 1632 3435; x_wconf 84' lang='grc' dir='ltr'>γραμματέα</span> <span class='ocrx_word' id='word_1_416' title='bbox 1669 3382 1747 3421; x_wconf 88' lang='grc' dir='ltr'>τῶν</span> <span class='ocrx_word' id='word_1_417' title='bbox 1787 3375 1952 3434; x_wconf 84' lang='grc' dir='ltr'>Ἀχαίων</span> <span class='ocrx_word' id='word_1_418' title='bbox 1990 3377 2057 3420; x_wconf 81' lang='grc' dir='ltr'>καὶ</span> 
     </span>
    </p>
   </div>
  </div>
 </body>
</html>
