2176 3750
101 305 339 343 ANNAEVS
984 302 1040 346 59
1670 309 1908 347 ANNAEVS

188 438 400 482 coloniam
419 452 561 480 meam
581 454 648 481 me
668 440 893 482 continuit’
919 439 1080 482 Seneca
1101 443 1282 483 controv.
1294 444 1320 483 1
1330 441 1477 495 praef.
1497 444 1560 483 11.
1592 440 1908 484 Cordubensis:

191 506 400 563 ‘duosque
431 506 618 550 Senecas
640 533 699 538 —
716 533 775 538 —
795 507 983 550 facunda
1011 507 1204 564 loquitur
1233 508 1454 551 Corduba'
1490 509 1690 553 Martial.
1720 513 1760 560 1,
1782 513 1847 560 61,
1872 514 1909 552 7.

186 574 399 617 Marullus
426 582 682 632 praeceptor
711 578 803 618 eius
826 576 988 619 Seneca
1008 580 1138 620 contr.
1162 581 1188 618 1
1210 578 1356 631 praef.
1378 581 1442 621 22
1450 591 1465 629 ,·
1492 581 1535 628 2,
1557 581 1601 628 2,
1625 581 1674 629 7,·
1706 581 1744 628 7,
1767 581 1811 628 2,
1834 581 1912 629 11;

186 650 380 686 mortuus
411 651 511 686 ante
542 643 722 686 exilium
746 644 825 686 filii
846 646 904 700 (a.
924 647 995 700 43)
1019 645 1180 687 Seneca
1201 645 1260 687 ad
1282 646 1404 689 Hezv.
1425 650 1496 697 12,
1518 649 1558 689 5.
1608 645 1769 688 Helvia
1798 661 1910 688 uxor

185 712 278 754 vide
297 712 433 763 Helv„
466 719 553 754 tres
582 712 708 754 liberi
734 713 896 756 Seneca
926 713 984 755 ad
1011 713 1132 756 Hezv.
1162 717 1206 764 2,
1236 717 1276 756 4.
1322 714 1505 769 Novato,
1538 715 1739 769 Senecae,
1770 713 1911 757 Melae

185 780 284 822 filiis
315 781 535 823 dedicavit
567 780 702 824 libros
742 783 1133 824 controversiarum
1162 789 1205 824 et
1234 784 1523 825 suasoriarum
1548 783 1694 837 praef.
1720 785 1851 825 contr.
1883 781 1910 826 l.

186 853 225 892 1.
255 853 299 892 2.
328 853 369 892 3.
400 854 440 892 4.
473 853 511 892 7.
540 852 579 894 9.
609 853 677 892 10.
747 851 856 893 Eius
895 851 1100 907 antiquus
1140 851 1260 905 rigor
1296 851 1458 894 Seneca
1497 851 1555 894 ad
1589 850 1711 894 Helv.
1753 854 1819 901 17,
1859 854 1887 894 3
1897 864 1911 902 ;

185 917 501 974 philosophiam
535 918 686 961 oderat
716 918 877 962 Seneca
907 933 968 973 θΡ.
1000 921 1095 969 108,
1121 921 1195 962 22.

273 986 456 1043 Scripsit
495 987 694 1029 historias
739 987 794 1030 ab
840 989 961 1030 initio
1007 987 1216 1030 bellorum
1262 987 1456 1030 civilium
1499 1002 1636 1043 paene
1677 1003 1814 1044 usque
1855 987 1911 1029 ad

186 1056 336 1097 mortis
376 1070 480 1097 suae
519 1055 652 1110 diem,
695 1055 806 1109 quod
835 1069 939 1110 opus
968 1057 1056 1110 ipSe
1091 1070 1177 1098 non
1217 1056 1349 1098 edidit
1379 1056 1540 1099 Seneca
1572 1056 1621 1098 de
1649 1056 1739 1098 vita
1763 1056 1911 1110 patris

184 1124 340 1178 fraym.
371 1124 462 1166 III
476 1138 522 1178 Ρ.
544 1127 627 1166 437
645 1124 701 1166 Η.
749 1124 865 1178 (Huc
893 1138 994 1166 num
1015 1125 1261 1179 pertineant
1290 1138 1397 1178 quae
1427 1138 1479 1167 ex
1508 1124 1672 1166 Seneca
1702 1124 1752 1166 de
1779 1127 1912 1166 morte

190 1192 351 1234 Tiberii
371 1191 500 1243 affert
524 1192 750 1235 Suetonius
775 1193 865 1235 Tib.
890 1196 941 1235 73
958 1194 1162 1235 incertum
1181 1196 1241 1235 est
1260 1207 1389 1246 neque
1416 1194 1568 1242 minus,
1599 1207 1679 1246 quo
1708 1193 1912 1247 respiciat

186 1261 442 1302 Lactantius
469 1261 602 1303 instit.
627 1264 665 1311 7,
686 1264 751 1311 15,
773 1264 827 1304 14
856 1261 1037 1303 laudans
1059 1261 1262 1304 Senecam
1291 1262 1365 1314 qui
1396 1262 1630 1303 ‘Romanae
1657 1260 1777 1303 urbis
1809 1268 1911 1302 tem-

183 1343 291 1385 pora
320 1328 541 1371 distribuit
570 1330 614 1370 in
644 1330 856 1383 aetates’).
900 1329 1044 1372 Senex
1072 1330 1143 1384 (cf.
1160 1329 1305 1383 praef.
1329 1332 1460 1371 contr.
1482 1333 1521 1379 1,
1542 1333 1586 1378 2,
1610 1329 1755 1383 praef.
1776 1332 1843 1378 10,
1867 1329 1909 1382 1)

186 1398 358 1453 scripsit
386 1396 520 1439 libros
550 1398 940 1439 controversiarum
967 1404 1009 1439 et
1038 1398 1344 1439 suasoriarum.
1396 1397 1503 1439 Loci
1527 1411 1669 1439 eorum
1699 1397 1912 1440 codicibus

184 1479 269 1507 non
296 1465 456 1508 servati
483 1466 671 1507 citantur
701 1479 729 1507 a
756 1465 1020 1518 Quintiliano
1050 1468 1089 1507 et
1118 1464 1291 1507 Donato
1322 1465 1376 1518 cf.
1408 1465 1626 1519 Kiessliny
1646 1480 1695 1519 Ρ.
1715 1469 1814 1509 526.

99 1533 182 1576 458
212 1539 256 1577 L.
285 1539 521 1575 ANNAEVS
554 1539 771 1588 SENECA,
810 1533 961 1576 consul
992 1534 1124 1587 (suff.)
1162 1549 1200 1576 a.
1231 1534 1287 1576 56
1326 1533 1383 1576 In
1422 1533 1664 1575 consulatu:
1704 1533 1911 1576 Annaeus

187 1600 352 1644 Seneca
379 1600 519 1643 Gaius
538 1605 581 1651 2,
603 1604 688 1644 253
710 1621 763 1636 =
782 1602 970 1644 Institut.
991 1606 1034 1652 2,
1056 1605 1126 1652 23,
1150 1605 1189 1651 4,
1220 1600 1384 1656 Diyest.
1409 1604 1475 1651 36,
1499 1605 1537 1651 1,
1562 1605 1601 1651 1,
1632 1601 1683 1643 L.
1706 1601 1914 1644 Annaeus

187 1670 272 1713 tab.
314 1683 395 1711 cer.
426 1668 574 1724 Pomp.
605 1673 690 1720 22,
733 1670 942 1724 amphora
983 1670 1247 1724 Pompeiana
1289 1669 1462 1712 Natizie
1501 1669 1612 1723 deyli
1648 1670 1766 1712 scavi
1803 1673 1912 1713 1891

186 1752 234 1792 Ρ.
255 1741 349 1780 169.
379 1762 437 1768 —
471 1738 624 1780 Tribus
651 1739 893 1781 nominibus
921 1739 1011 1793 ipse
1038 1739 1175 1780 utitur
1206 1738 1304 1781 Sen.
1337 1739 1467 1792 benef.
1498 1742 1537 1788 4,
1565 1740 1605 1788 8,
1629 1741 1678 1780 3.·
1710 1739 1762 1780 ‘si
1795 1741 1911 1795 quod

185 1821 211 1848 a
242 1806 407 1849 Seneca
440 1807 691 1863 accepisses,
723 1806 905 1849 Annaeo
937 1814 979 1849 te
1009 1806 1169 1849 debere
1208 1806 1374 1849 diceres
1406 1806 1476 1848 vel
1505 1807 1662 1861 Lucio,
1705 1821 1793 1849 non
1822 1821 1911 1849 cre-

185 1874 366 1917 ditorem
389 1881 591 1930 mutares,
615 1874 689 1917 sed
712 1880 910 1929 nomen'3
933 1875 1097 1919 Seneca
1116 1876 1205 1930 ipse
1225 1888 1268 1917 se
1289 1874 1533 1928 adloquitur
1548 1875 1647 1918 Sen.
1670 1890 1731 1930 ep.
1753 1879 1819 1927 68,
1844 1880 1911 1920 10.

186 1943 238 1987 L.
268 1943 474 1986 Annaeus
506 1943 671 1986 Seneca
704 1943 794 1985 Dio
823 1946 887 1993 59,
921 1946 987 1993 19,
1017 1944 1265 1998 Hieronym.
1298 1943 1438 1985 chron.
1470 1947 1608 1994 2082,
1649 1945 1727 1986 vir.
1756 1944 1818 1996 ill.
1849 1945 1911 1987 II

187 2027 235 2066 Ρ.
261 2015 341 2055 835
366 2012 437 2064 V.;
467 2011 673 2054 Annaeus
706 2011 870 2055 Seneca
899 2013 984 2054 sive
1016 2012 1181 2056 Seneca
1211 2012 1331 2054 alibi.

273 2080 413 2123 Filius
431 2080 603 2122 Annaei
633 2080 825 2123 Senecae
854 2087 896 2122 et
925 2079 1111 2122 Helviae
1139 2082 1193 2134 cf.
1213 2084 1396 2135 patrem,
1429 2080 1562 2123 frater
1582 2081 1751 2123 Annaei
1772 2080 1912 2123 Melae

189 2157 231 2192 et
260 2148 430 2192 Annaei
464 2149 636 2202 Novati,
674 2150 748 2205 qui
788 2155 938 2205 postea
977 2149 1128 2191 Iunius
1160 2148 1303 2192 Gallio
1340 2149 1438 2191 Tac.
1471 2163 1510 2191 a.
1542 2152 1605 2199 15,
1639 2152 1714 2200 73,·
1743 2152 1808 2199 16,
1843 2152 1910 2198 17,

187 2217 275 2260 Dio
305 2221 371 2268 60,
401 2220 476 2268 35,
519 2217 680 2260 Vaccae
708 2219 779 2260 vit.
811 2218 981 2260 Isucani
1001 2232 1047 2271 Ρ.
1072 2221 1123 2260 76
1140 2216 1295 2269 Reiff.,
1337 2217 1582 2271 Hieronym.
1615 2217 1757 2260 chron.
1787 2220 1911 2260 2080.

187 2288 326 2337 2084;
345 2285 638 2328 Cordubensis
662 2286 863 2329 Martial.
891 2291 925 2335 1,
948 2289 1014 2335 61,
1036 2289 1075 2335 7,
1106 2286 1352 2340 Hieronym.
1373 2285 1459 2327 chr.
1481 2288 1615 2335 2082,
1636 2286 1715 2328 vir.
1735 2285 1798 2327 ill.
1821 2285 1847 2327 l.
1871 2285 1910 2335 l,

190 2355 245 2408 cf.
278 2354 376 2398 Sen.
409 2354 458 2396 de
486 2355 757 2396 matrimonio
785 2357 841 2396 88
866 2354 955 2396 ΙΙΙ
969 2369 1017 2408 Ρ.
1037 2357 1119 2396 434
1138 2354 1211 2404 H,
1244 2354 1356 2396 Stat.
1377 2353 1468 2395 silv.
1488 2357 1531 2404 2,
1556 2357 1592 2404 7,
1614 2357 1692 2405 31;
1721 2355 1910 2409 equestri

188 2437 239 2465 ac
277 2421 537 2478 provinciali
572 2421 666 2464 loco
708 2429 826 2464 ortus
872 2423 970 2464 Tac.
1002 2437 1041 2466 a.
1073 2426 1138 2473 14,
1168 2425 1233 2465 55.
1292 2421 1333 2464 Α
1365 2437 1511 2464 sorore
1550 2423 1698 2464 matris
1732 2421 1911 2464 Romam

188 2491 422 2533 translatus
452 2490 566 2534 illius
596 2498 792 2533 materno
821 2492 1007 2533 nutricio
1039 2506 1116 2547 per
1143 2490 1320 2545 longum
1351 2497 1518 2547 tempus
1538 2504 1669 2545 aeger
1691 2490 1913 2532 convaluit

191 2559 290 2602 Sen.
323 2560 381 2602 ad
408 2559 529 2602 Helv.
560 2563 626 2610 19,
657 2563 711 2610 2;
750 2561 794 2601 in
835 2559 1000 2601 Tiberii
1043 2559 1241 2602 Caesaris
1281 2560 1573 2615 principatum
1613 2560 1815 2601 iuventus
1851 2560 1912 2600 in-

133 2633 138 2636 “
191 2628 296 2670 cidit
327 2628 425 2672 Sen.
448 2643 509 2682 εΡ.
532 2630 626 2678 108,
651 2631 722 2671 22.
782 2627 956 2670 Attalus
988 2634 1030 2670 et
1056 2628 1175 2671 Sotio
1205 2629 1400 2682 magistri
1429 2629 1519 2669 eius
1550 2627 1648 2670 Sen.
1671 2643 1732 2683 ep.
1759 2631 1853 2678 108,
1874 2631 1912 2669 3.

188 2699 253 2740 13.
274 2699 332 2738 17
338 2710 352 2748 ;
370 2700 437 2747 49,
459 2699 502 2747 2,
534 2697 780 2751 Hieronytn.
803 2696 945 2738 chron.
966 2699 1096 2747 2029,
1118 2697 1196 2738 vir.
1217 2696 1279 2738 ill.
1303 2696 1330 2739 l.
1354 2696 1401 2747 l.,·
1422 2697 1646 2752 Papirium
1667 2696 1911 2738 Fabianum

189 2764 396 2807 audiebat
425 2765 525 2808 Sen.
557 2779 619 2819 ep.
650 2768 744 2807 100.
811 2765 1024 2818 Quaestor
1066 2765 1206 2807 factus
1251 2765 1515 2819 suffragante
1558 2779 1704 2807 sorore
1747 2765 1911 2822 matris,

189 2848 302 2890 quae
331 2848 408 2889 pro
439 2840 675 2890 quaestura
704 2834 796 2875 eius
825 2835 1010 2888 gratiam
1032 2848 1154 2875 suam
1175 2833 1435 2876 extendebat
1455 2833 1552 2876 Sen.
1576 2833 1635 2875 ad
1651 2833 1771 2875 Helv.
1794 2836 1860 2883 19,
1882 2836 1914 2875 2

190 2902 267 2944 sub
298 2902 426 2956 finem
453 2902 626 2956 imperii
660 2902 822 2944 Tiberii
848 2905 896 2943 ut
921 2902 1097 2944 videtur.
1154 2901 1284 2945 Anno
1315 2903 1370 2944 39
1401 2917 1538 2958 paene
1569 2902 1754 2956 interiit,
1796 2900 1913 2957 quod

192 2985 367 3012 causam
396 2969 586 3027 aliquam
617 2971 727 3015 Gaio
757 2971 1016 3027 imperatore
1046 2977 1272 3026 praesente
1301 2971 1346 3012 in
1385 2977 1537 3013 senatu
1566 2971 1739 3025 egregie
1768 2975 1915 3023 egerat

188 3038 276 3082 Dio
295 3041 363 3090 58,
383 3042 451 3082 19.
495 3039 624 3082 Anno
646 3041 696 3083 41
731 3039 1001 3081 insimulatus
1029 3039 1231 3081 adulterii
1256 3038 1391 3081 Iuliae
1411 3038 1596 3081 Livillae
1626 3041 1671 3081 in
1692 3038 1913 3081 Corsicam

192 3106 406 3162 relegatus
435 3114 500 3150 est
530 3107 619 3150 Dio
649 3111 716 3159 60,
746 3111 796 3159 3;
826 3111 891 3159 61,
914 3111 980 3158 10,
1011 3107 1137 3149 schol.
1165 3107 1224 3149 ad
1251 3107 1442 3150 Juvenal.
1471 3110 1510 3162 5,
1542 3110 1624 3150 109
1654 3107 1708 3160 cf.
1743 3107 1839 3148 Tac.
1872 3120 1912 3148 a.

191 3179 256 3226 13,
277 3179 347 3219 42.
379 3175 533 3218 Exulis
554 3176 787 3218 fidissimus
808 3177 971 3218 amicus
989 3175 1224 3218 Caesonius
1244 3176 1464 3217 Maximus
1481 3175 1683 3217 Martial.
1706 3178 1743 3224 7,
1763 3178 1828 3223 44,
1847 3177 1913 3217 10.

191 3243 310 3286 Exul
346 3245 449 3287 οὕτω
489 3246 558 3302 τὴν
598 3244 850 3288 Μεσσαλῖναν
890 3246 955 3286 καὶ
993 3245 1082 3290 τοὺς
1111 3243 1312 3287 Κλαυδίου
1353 3244 1633 3301 ἐξελευθέρους
1669 3244 1912 3291 ἐθώπευσεν,

194 3314 298 3355 ὥστε
326 3314 392 3355 καὶ
423 3314 568 3372 βιβλίον
599 3315 707 3371 σφίσι
737 3315 782 3356 ἐκ
811 3317 881 3368 τῆς
910 3315 1030 3369 νήσου
1060 3313 1213 3371 πέμψαι
1242 3313 1423 3359 ἐπαίνους
1454 3313 1583 3354 αὐτῶν
1615 3311 1723 3368 ἔχον,
1760 3311 1781 3353 ὃ
1814 3311 1913 3367 μετὰ

191 3385 313 3424 ταῦτα
343 3380 409 3423 ὑπ’
440 3382 630 3439 αἰσχύνης
659 3383 855 3439 ἀπήλειψε
883 3379 972 3422 Dio
992 3383 1056 3431 61,
1079 3383 1146 3422 10.
1204 3380 1332 3422 Anno
1363 3381 1418 3422 49
1449 3380 1522 3435 (cf.
1558 3380 1656 3422 Tac.
1689 3393 1729 3423 a.
1756 3382 1821 3428 14,
1842 3378 1913 3423 53)
