<?xml version="1.0" encoding="UTF-8"?>
<!DOCTYPE html PUBLIC "-//W3C//DTD XHTML 1.0 Transitional//EN"
    "http://www.w3.org/TR/xhtml1/DTD/xhtml1-transitional.dtd">
<html xmlns="http://www.w3.org/1999/xhtml" xml:lang="en" lang="en">
 <head>
  <title>
</title>
<meta http-equiv="Content-Type" content="text/html;charset=utf-8" />
  <meta name='ocr-system' content='tesseract 3.04.00' />
  <meta name='ocr-capabilities' content='ocr_page ocr_carea ocr_par ocr_line ocrx_word'/>
</head>
<body>
  <div class='ocr_page' id='page_1' title='image "./prosopographiaim01akaduoft/prosopographiaim01akaduoft_0167.png"; bbox 0 0 2202 3730; ppageno 0'>
   <div class='ocr_carea' id='block_1_1' title="bbox 100 268 1913 311">
    <p class='ocr_par' dir='ltr' id='par_1_1' title="bbox 100 268 1913 311">
     <span class='ocr_line' id='line_1_1' title="bbox 100 268 1913 311; baseline 0 -1"><span class='ocrx_word' id='word_1_1' title='bbox 100 274 430 311; x_wconf 86' lang='lat' dir='ltr'><em>ARTAVASDES</em></span> <span class='ocrx_word' id='word_1_2' title='bbox 971 268 1048 310; x_wconf 87' lang='grc'><em>151</em></span> <span class='ocrx_word' id='word_1_3' title='bbox 1583 273 1913 310; x_wconf 89' lang='lat' dir='ltr'><em>ARTAVASDES</em></span> 
     </span>
    </p>
   </div>
   <div class='ocr_carea' id='block_1_2' title="bbox 627 340 1203 342">
    <p class='ocr_par' dir='ltr' id='par_1_2' title="bbox 627 340 1203 342">
     <span class='ocr_line' id='line_1_2' title="bbox 627 340 1203 342; baseline 0 0"><span class='ocrx_word' id='word_1_4' title='bbox 627 340 1203 342; x_wconf 95' lang='lat' dir='ltr'><em> </em></span> 
     </span>
    </p>
   </div>
   <div class='ocr_carea' id='block_1_3' title="bbox 1745 340 1908 343">
    <p class='ocr_par' dir='ltr' id='par_1_3' title="bbox 1745 340 1908 343">
     <span class='ocr_line' id='line_1_3' title="bbox 1745 340 1908 343; baseline 0 0"><span class='ocrx_word' id='word_1_5' title='bbox 1745 340 1908 343; x_wconf 95' lang='lat' dir='ltr'><em> </em></span> 
     </span>
    </p>
   </div>
   <div class='ocr_carea' id='block_1_4' title="bbox 75 403 1943 3408">
    <p class='ocr_par' dir='ltr' id='par_1_4' title="bbox 185 403 1914 462">
     <span class='ocr_line' id='line_1_4' title="bbox 185 403 1914 462; baseline 0 -14"><span class='ocrx_word' id='word_1_6' title='bbox 185 420 326 462; x_wconf 85' lang='lat' dir='ltr'><em>neque</em></span> <span class='ocrx_word' id='word_1_7' title='bbox 365 404 515 447; x_wconf 88' lang='lat' dir='ltr'><em>liberis</em></span> <span class='ocrx_word' id='word_1_8' title='bbox 554 405 648 447; x_wconf 87' lang='lat' dir='ltr'><em>eius</em></span> <span class='ocrx_word' id='word_1_9' title='bbox 684 403 858 457; x_wconf 83' lang='lat' dir='ltr'><em>(scilieet</em></span> <span class='ocrx_word' id='word_1_10' title='bbox 892 405 1072 459; x_wconf 75' lang='lat' dir='ltr'><em>Tiyrani</em></span> <span class='ocrx_word' id='word_1_11' title='bbox 1099 405 1189 447; x_wconf 89' lang='lat' dir='ltr'><em>III</em></span> <span class='ocrx_word' id='word_1_12' title='bbox 1210 408 1250 447; x_wconf 86' lang='lat' dir='ltr'><em>et</em></span> <span class='ocrx_word' id='word_1_13' title='bbox 1277 404 1418 447; x_wconf 76' lang='lat' dir='ltr'><em>Emto</em></span> <span class='ocrx_word' id='word_1_14' title='bbox 1453 403 1610 459; x_wconf 74' lang='lat' dir='ltr'><em>sorori)</em></span> <span class='ocrx_word' id='word_1_15' title='bbox 1650 419 1914 462; x_wconf 87' lang='lat' dir='ltr'><em>quamquam</em></span> 
     </span>
    </p>

    <p class='ocr_par' dir='ltr' id='par_1_5' title="bbox 186 472 1913 530">
     <span class='ocr_line' id='line_1_5' title="bbox 186 472 1913 530; baseline 0 -15"><span class='ocrx_word' id='word_1_16' title='bbox 186 475 357 516; x_wconf 80' lang='lat' dir='ltr'><em>sociatis</em></span> <span class='ocrx_word' id='word_1_17' title='bbox 395 487 515 515; x_wconf 89' lang='lat' dir='ltr'><em>more</em></span> <span class='ocrx_word' id='word_1_18' title='bbox 557 480 735 515; x_wconf 84' lang='lat' dir='ltr'><em>externo</em></span> <span class='ocrx_word' id='word_1_19' title='bbox 777 474 821 515; x_wconf 90' lang='lat' dir='ltr'><em>in</em></span> <span class='ocrx_word' id='word_1_20' title='bbox 857 473 1181 515; x_wconf 86' lang='lat' dir='ltr'><strong>matrimonium</strong></span> <span class='ocrx_word' id='word_1_21' title='bbox 1225 487 1495 530; x_wconf 86' lang='lat' dir='ltr'><strong>regnumque</strong></span> <span class='ocrx_word' id='word_1_22' title='bbox 1539 472 1793 515; x_wconf 84' lang='lat' dir='ltr'><em>diuturnum</em></span> <span class='ocrx_word' id='word_1_23' title='bbox 1838 474 1913 515; x_wconf 94' lang='lat' dir='ltr'><em>im-</em></span> 
     </span>
    </p>

    <p class='ocr_par' dir='ltr' id='par_1_6' title="bbox 186 539 1914 599">
     <span class='ocr_line' id='line_1_6' title="bbox 186 539 1914 599; baseline 0 -15"><span class='ocrx_word' id='word_1_24' title='bbox 186 543 354 599; x_wconf 89' lang='lat' dir='ltr'><em>perium</em></span> <span class='ocrx_word' id='word_1_25' title='bbox 385 541 483 583; x_wconf 79' lang='lat' dir='ltr'><em>fuit‘</em></span> <span class='ocrx_word' id='word_1_26' title='bbox 519 541 620 584; x_wconf 81' lang='lat' dir='ltr'><em>Tae.</em></span> <span class='ocrx_word' id='word_1_27' title='bbox 643 556 683 583; x_wconf 87' lang='lat' dir='ltr'><em>a.</em></span> <span class='ocrx_word' id='word_1_28' title='bbox 705 545 747 593; x_wconf 76' lang='lat'><em>2,</em></span> <span class='ocrx_word' id='word_1_29' title='bbox 769 544 808 592; x_wconf 89' lang='lat'><em>3,</em></span> <span class='ocrx_word' id='word_1_30' title='bbox 840 542 896 596; x_wconf 82' lang='lat' dir='ltr'><em>cf.</em></span> <span class='ocrx_word' id='word_1_31' title='bbox 918 541 1007 584; x_wconf 88' lang='lat' dir='ltr'><em>Dio</em></span> <span class='ocrx_word' id='word_1_32' title='bbox 1036 544 1103 592; x_wconf 88' lang='lat'><em>55,</em></span> <span class='ocrx_word' id='word_1_33' title='bbox 1127 544 1167 592; x_wconf 88' lang='grc'><em>9,</em></span> <span class='ocrx_word' id='word_1_34' title='bbox 1188 545 1216 584; x_wconf 99' lang='grc'><em>4</em></span> <span class='ocrx_word' id='word_1_35' title='bbox 1244 543 1314 599; x_wconf 90' lang='grc' dir='ltr'><em>τὴν</em></span> <span class='ocrx_word' id='word_1_36' title='bbox 1347 539 1550 599; x_wconf 82' lang='grc' dir='ltr'>Ἀρμηνίαν</span> <span class='ocrx_word' id='word_1_37' title='bbox 1581 541 1914 599; x_wconf 81' lang='grc' dir='ltr'>ἀλλοτριουμένην</span> 
     </span>
    </p>

    <p class='ocr_par' dir='ltr' id='par_1_7' title="bbox 187 609 1915 666">
     <span class='ocr_line' id='line_1_7' title="bbox 187 609 1915 666; baseline 0 -13"><span class='ocrx_word' id='word_1_38' title='bbox 187 609 280 664; x_wconf 90' lang='lat' dir='ltr'><em>(ubi</em></span> <span class='ocrx_word' id='word_1_39' title='bbox 317 610 473 653; x_wconf 82' lang='lat' dir='ltr'><em>lacuna</em></span> <span class='ocrx_word' id='word_1_40' title='bbox 513 611 701 653; x_wconf 83' lang='lat' dir='ltr'><em>codicum</em></span> <span class='ocrx_word' id='word_1_41' title='bbox 741 625 791 653; x_wconf 78' lang='lat' dir='ltr'><em>ex</em></span> <span class='ocrx_word' id='word_1_42' title='bbox 820 611 999 654; x_wconf 90' lang='lat' dir='ltr'><em>Zonara</em></span> <span class='ocrx_word' id='word_1_43' title='bbox 1027 614 1096 662; x_wconf 88' lang='lat'><em>10,</em></span> <span class='ocrx_word' id='word_1_44' title='bbox 1125 613 1178 654; x_wconf 88' lang='lat'><em>35</em></span> <span class='ocrx_word' id='word_1_45' title='bbox 1202 625 1250 665; x_wconf 91' lang='lat' dir='ltr'><em>p.</em></span> <span class='ocrx_word' id='word_1_46' title='bbox 1271 614 1365 665; x_wconf 87' lang='grc'><em>447,</em></span> <span class='ocrx_word' id='word_1_47' title='bbox 1397 615 1423 653; x_wconf 95' lang='grc'><em>1</em></span> <span class='ocrx_word' id='word_1_48' title='bbox 1452 610 1654 665; x_wconf 84' lang='lat' dir='ltr'><em>Dindorf</em></span> <span class='ocrx_word' id='word_1_49' title='bbox 1679 610 1915 666; x_wconf 88' lang='lat' dir='ltr'><em>supplenda</em></span> 
     </span>
    </p>

    <p class='ocr_par' dir='ltr' id='par_1_8' title="bbox 186 678 1914 736">
     <span class='ocr_line' id='line_1_8' title="bbox 186 678 1914 736; baseline 0.001 -15"><span class='ocrx_word' id='word_1_50' title='bbox 186 678 283 730; x_wconf 65' lang='lat' dir='ltr'><em>est.)</em></span> <span class='ocrx_word' id='word_1_51' title='bbox 325 678 424 736; x_wconf 82' lang='grc' dir='ltr'>μετὰ</span> <span class='ocrx_word' id='word_1_52' title='bbox 462 680 528 721; x_wconf 87' lang='grc' dir='ltr'><em>τὸν</em></span> <span class='ocrx_word' id='word_1_53' title='bbox 567 682 636 722; x_wconf 79' lang='grc' dir='ltr'>τοῦ</span> <span class='ocrx_word' id='word_1_54' title='bbox 666 678 859 736; x_wconf 84' lang='grc' dir='ltr'>Τιγράνου</span> <span class='ocrx_word' id='word_1_55' title='bbox 890 681 1073 723; x_wconf 80' lang='grc' dir='ltr'>θάνατον.</span> <span class='ocrx_word' id='word_1_56' title='bbox 1137 679 1270 721; x_wconf 86' lang='lat' dir='ltr'>‘Dein</span> <span class='ocrx_word' id='word_1_57' title='bbox 1309 681 1430 722; x_wconf 84' lang='lat' dir='ltr'><em>iussu</em></span> <span class='ocrx_word' id='word_1_58' title='bbox 1458 678 1648 734; x_wconf 81' lang='lat' dir='ltr'><strong>Augusti</strong></span> <span class='ocrx_word' id='word_1_59' title='bbox 1687 679 1914 736; x_wconf 83' lang='lat' dir='ltr'><em>impositus</em></span> 
     </span>
    </p>

    <p class='ocr_par' dir='ltr' id='par_1_9' title="bbox 186 746 1912 803">
     <span class='ocr_line' id='line_1_9' title="bbox 186 746 1912 803; baseline 0.001 -14"><span class='ocrx_word' id='word_1_60' title='bbox 186 747 421 803; x_wconf 74' lang='lat' dir='ltr'><em>(Armeniis</em></span> <span class='ocrx_word' id='word_1_61' title='bbox 439 746 531 802; x_wconf 80' lang='lat' dir='ltr'><em>rex)</em></span> <span class='ocrx_word' id='word_1_62' title='bbox 552 746 820 789; x_wconf 82' lang='lat' dir='ltr'><em>Artavasdes</em></span> <span class='ocrx_word' id='word_1_63' title='bbox 852 754 895 790; x_wconf 86' lang='lat' dir='ltr'><em>et</em></span> <span class='ocrx_word' id='word_1_64' title='bbox 924 762 1010 789; x_wconf 93' lang='lat' dir='ltr'><em>non</em></span> <span class='ocrx_word' id='word_1_65' title='bbox 1041 748 1134 789; x_wconf 85' lang='lat' dir='ltr'><em>sine</em></span> <span class='ocrx_word' id='word_1_66' title='bbox 1162 746 1285 789; x_wconf 83' lang='lat' dir='ltr'><em>clade</em></span> <span class='ocrx_word' id='word_1_67' title='bbox 1305 754 1455 790; x_wconf 83' lang='lat' dir='ltr'><em>nostra</em></span> <span class='ocrx_word' id='word_1_68' title='bbox 1475 747 1685 790; x_wconf 83' lang='lat' dir='ltr'><em>deiectus’</em></span> <span class='ocrx_word' id='word_1_69' title='bbox 1715 747 1814 791; x_wconf 80' lang='lat' dir='ltr'><em>Tac.</em></span> <span class='ocrx_word' id='word_1_70' title='bbox 1835 747 1864 790; x_wconf 92' lang='lat' dir='ltr'><em>l.</em></span> <span class='ocrx_word' id='word_1_71' title='bbox 1884 747 1912 792; x_wconf 92' lang='lat' dir='ltr'><em>l.</em></span> 
     </span>
    </p>

    <p class='ocr_par' dir='ltr' id='par_1_10' title="bbox 186 815 1914 870">
     <span class='ocr_line' id='line_1_10' title="bbox 186 815 1914 870; baseline 0.001 -12"><span class='ocrx_word' id='word_1_72' title='bbox 186 815 295 858; x_wconf 88' lang='lat' dir='ltr'><em>Fuit</em></span> <span class='ocrx_word' id='word_1_73' title='bbox 331 815 420 867; x_wconf 78' lang='lat' dir='ltr'><em>hie,</em></span> <span class='ocrx_word' id='word_1_74' title='bbox 461 818 510 858; x_wconf 92' lang='lat' dir='ltr'><em>ut</em></span> <span class='ocrx_word' id='word_1_75' title='bbox 547 815 792 870; x_wconf 76' lang='lat' dir='ltr'><strong><em>Nipperdey</em></strong></span> <span class='ocrx_word' id='word_1_76' title='bbox 833 815 891 858; x_wconf 91' lang='lat' dir='ltr'><em>ad</em></span> <span class='ocrx_word' id='word_1_77' title='bbox 934 816 1032 860; x_wconf 84' lang='lat' dir='ltr'><em>Tae.</em></span> <span class='ocrx_word' id='word_1_78' title='bbox 1073 815 1098 859; x_wconf 92' lang='lat' dir='ltr'><em>l.</em></span> <span class='ocrx_word' id='word_1_79' title='bbox 1141 815 1167 858; x_wconf 91' lang='lat' dir='ltr'><em>l.</em></span> <span class='ocrx_word' id='word_1_80' title='bbox 1199 815 1489 870; x_wconf 75' lang='lat' dir='ltr'><em>probabiliter</em></span> <span class='ocrx_word' id='word_1_81' title='bbox 1532 815 1728 867; x_wconf 84' lang='lat' dir='ltr'><em>coniecit,</em></span> <span class='ocrx_word' id='word_1_82' title='bbox 1774 816 1914 870; x_wconf 86' lang='lat' dir='ltr'><em>frater</em></span> 
     </span>
    </p>

    <p class='ocr_par' dir='ltr' id='par_1_11' title="bbox 183 883 1913 940">
     <span class='ocr_line' id='line_1_11' title="bbox 183 883 1913 940; baseline 0 -13"><span class='ocrx_word' id='word_1_83' title='bbox 183 885 382 927; x_wconf 71' lang='lat' dir='ltr'><em>Arlaxae</em></span> <span class='ocrx_word' id='word_1_84' title='bbox 412 887 451 928; x_wconf 90' lang='lat' dir='ltr'><em>et</em></span> <span class='ocrx_word' id='word_1_85' title='bbox 486 885 688 939; x_wconf 71' lang='lat' dir='ltr'><em>Tiyranis</em></span> <span class='ocrx_word' id='word_1_86' title='bbox 718 885 791 940; x_wconf 80' lang='lat' dir='ltr'><em>(cf.</em></span> <span class='ocrx_word' id='word_1_87' title='bbox 820 884 910 927; x_wconf 88' lang='lat' dir='ltr'><em>Dio</em></span> <span class='ocrx_word' id='word_1_88' title='bbox 939 887 1005 935; x_wconf 87' lang='grc'><em>51,</em></span> <span class='ocrx_word' id='word_1_89' title='bbox 1037 883 1118 939; x_wconf 82' lang='grc'><em>16),</em></span> <span class='ocrx_word' id='word_1_90' title='bbox 1160 884 1276 939; x_wconf 75' lang='lat' dir='ltr'><em>fillius</em></span> <span class='ocrx_word' id='word_1_91' title='bbox 1304 884 1565 927; x_wconf 86' lang='lat' dir='ltr'><em>Artavasdis</em></span> <span class='ocrx_word' id='word_1_92' title='bbox 1594 884 1707 939; x_wconf 75' lang='lat' dir='ltr'><em>reyis</em></span> <span class='ocrx_word' id='word_1_93' title='bbox 1736 884 1790 927; x_wconf 90' lang='lat' dir='ltr'><em>ab</em></span> <span class='ocrx_word' id='word_1_94' title='bbox 1820 883 1913 927; x_wconf 89' lang='lat' dir='ltr'><em>An-</em></span> 
     </span>
    </p>

    <p class='ocr_par' dir='ltr' id='par_1_12' title="bbox 186 952 1913 1008">
     <span class='ocr_line' id='line_1_12' title="bbox 186 952 1913 1008; baseline 0 -13"><span class='ocrx_word' id='word_1_95' title='bbox 186 954 299 996; x_wconf 76' lang='lat' dir='ltr'><em>tonio</em></span> <span class='ocrx_word' id='word_1_96' title='bbox 321 953 438 1008; x_wconf 84' lang='lat' dir='ltr'><em>eapti</em></span> <span class='ocrx_word' id='word_1_97' title='bbox 447 966 461 1005; x_wconf 90' lang='lat'><em>;</em></span> <span class='ocrx_word' id='word_1_98' title='bbox 491 967 583 995; x_wconf 83' lang='lat' dir='ltr'><em>eum</em></span> <span class='ocrx_word' id='word_1_99' title='bbox 603 956 707 1007; x_wconf 90' lang='lat' dir='ltr'><em>post</em></span> <span class='ocrx_word' id='word_1_100' title='bbox 733 956 907 995; x_wconf 88' lang='lat' dir='ltr'><em>mortem</em></span> <span class='ocrx_word' id='word_1_101' title='bbox 932 953 1134 1008; x_wconf 60' lang='lat' dir='ltr'><em>Tigranis</em></span> <span class='ocrx_word' id='word_1_102' title='bbox 1157 953 1219 995; x_wconf 91' lang='lat' dir='ltr'><em>II</em></span> <span class='ocrx_word' id='word_1_103' title='bbox 1241 954 1462 1008; x_wconf 77' lang='lat' dir='ltr'><em>(incertum</em></span> <span class='ocrx_word' id='word_1_104' title='bbox 1491 967 1571 1007; x_wconf 75' lang='lat' dir='ltr'><em>quo</em></span> <span class='ocrx_word' id='word_1_105' title='bbox 1600 967 1711 996; x_wconf 91' lang='lat' dir='ltr'><em>anno</em></span> <span class='ocrx_word' id='word_1_106' title='bbox 1740 952 1913 1008; x_wconf 77' lang='lat' dir='ltr'><em>mortui)</em></span> 
     </span>
    </p>

    <p class='ocr_par' dir='ltr' id='par_1_13' title="bbox 183 1020 1913 1214">
     <span class='ocr_line' id='line_1_13' title="bbox 186 1020 1912 1077; baseline -0.001 -13"><span class='ocrx_word' id='word_1_107' title='bbox 186 1021 312 1064; x_wconf 87' lang='lat' dir='ltr'><em>liberi</em></span> <span class='ocrx_word' id='word_1_108' title='bbox 349 1022 438 1064; x_wconf 88' lang='lat' dir='ltr'><em>eius</em></span> <span class='ocrx_word' id='word_1_109' title='bbox 478 1021 536 1064; x_wconf 90' lang='lat' dir='ltr'><em>ad</em></span> <span class='ocrx_word' id='word_1_110' title='bbox 573 1021 760 1064; x_wconf 77' lang='lat' dir='ltr'><em>Parthos</em></span> <span class='ocrx_word' id='word_1_111' title='bbox 802 1022 1002 1064; x_wconf 79' lang='lat' dir='ltr'><em>inclinati</em></span> <span class='ocrx_word' id='word_1_112' title='bbox 1050 1021 1122 1077; x_wconf 84' lang='lat' dir='ltr'><strong><em>(cf.</em></strong></span> <span class='ocrx_word' id='word_1_113' title='bbox 1166 1021 1326 1064; x_wconf 83' lang='lat' dir='ltr'><em>Dionis</em></span> <span class='ocrx_word' id='word_1_114' title='bbox 1367 1022 1496 1064; x_wconf 84' lang='lat' dir='ltr'><em>verba</em></span> <span class='ocrx_word' id='word_1_115' title='bbox 1538 1035 1672 1076; x_wconf 92' lang='lat' dir='ltr'><em>supra</em></span> <span class='ocrx_word' id='word_1_116' title='bbox 1716 1020 1912 1077; x_wconf 86' lang='lat' dir='ltr'><em>laudata)</em></span> 
     </span>
     <span class='ocr_line' id='line_1_14' title="bbox 183 1088 1913 1145; baseline -0.001 -12"><span class='ocrx_word' id='word_1_117' title='bbox 183 1093 420 1145; x_wconf 71' lang='lat' dir='ltr'><em>reynarent,</em></span> <span class='ocrx_word' id='word_1_118' title='bbox 451 1089 714 1132; x_wconf 84' lang='lat' dir='ltr'><em>Artavasdes</em></span> <span class='ocrx_word' id='word_1_119' title='bbox 744 1093 893 1132; x_wconf 85' lang='lat' dir='ltr'><em>contra</em></span> <span class='ocrx_word' id='word_1_120' title='bbox 922 1103 991 1133; x_wconf 89' lang='lat' dir='ltr'><em>eos</em></span> <span class='ocrx_word' id='word_1_121' title='bbox 1017 1104 1094 1132; x_wconf 79' lang='lat' dir='ltr'><em>rex</em></span> <span class='ocrx_word' id='word_1_122' title='bbox 1123 1090 1373 1132; x_wconf 78' lang='lat' dir='ltr'><em>constitutus</em></span> <span class='ocrx_word' id='word_1_123' title='bbox 1391 1089 1546 1144; x_wconf 90' lang='lat' dir='ltr'><em>pulsus</em></span> <span class='ocrx_word' id='word_1_124' title='bbox 1576 1093 1636 1132; x_wconf 89' lang='lat' dir='ltr'><em>est</em></span> <span class='ocrx_word' id='word_1_125' title='bbox 1666 1088 1767 1145; x_wconf 78' lang='lat' dir='ltr'><em>(qua</em></span> <span class='ocrx_word' id='word_1_126' title='bbox 1788 1089 1838 1132; x_wconf 93' lang='lat' dir='ltr'><em>de</em></span> <span class='ocrx_word' id='word_1_127' title='bbox 1866 1103 1913 1132; x_wconf 90' lang='lat' dir='ltr'><em>re</em></span> 
     </span>
     <span class='ocr_line' id='line_1_15' title="bbox 186 1157 1912 1214; baseline -0.001 -13"><span class='ocrx_word' id='word_1_128' title='bbox 186 1159 320 1201; x_wconf 73' lang='lat' dir='ltr'><em>tacuit</em></span> <span class='ocrx_word' id='word_1_129' title='bbox 351 1157 571 1212; x_wconf 76' lang='lat' dir='ltr'><em>Auyustus</em></span> <span class='ocrx_word' id='word_1_130' title='bbox 607 1158 654 1199; x_wconf 90' lang='lat' dir='ltr'><em>in</em></span> <span class='ocrx_word' id='word_1_131' title='bbox 685 1157 961 1201; x_wconf 88' lang='lat' dir='ltr'><em>Monumento</em></span> <span class='ocrx_word' id='word_1_132' title='bbox 990 1157 1224 1212; x_wconf 73' lang='lat' dir='ltr'><em>Aneyrano</em></span> <span class='ocrx_word' id='word_1_133' title='bbox 1255 1171 1288 1202; x_wconf 83' lang='lat' dir='ltr'><em>e.</em></span> <span class='ocrx_word' id='word_1_134' title='bbox 1315 1160 1406 1214; x_wconf 76' lang='lat'><em>27).</em></span> <span class='ocrx_word' id='word_1_135' title='bbox 1463 1158 1593 1200; x_wconf 91' lang='lat' dir='ltr'><em>Anno</em></span> <span class='ocrx_word' id='word_1_136' title='bbox 1623 1158 1714 1201; x_wconf 86' lang='lat' dir='ltr'><em>fere</em></span> <span class='ocrx_word' id='word_1_137' title='bbox 1746 1158 1825 1202; x_wconf 81' lang='lat'><em>751</em></span> <span class='ocrx_word' id='word_1_138' title='bbox 1856 1177 1912 1193; x_wconf 89' lang='lat'><strong><em>=</em></strong></span> 
     </span>
    </p>

    <p class='ocr_par' dir='ltr' id='par_1_14' title="bbox 185 1225 1914 1286">
     <span class='ocr_line' id='line_1_16' title="bbox 185 1225 1914 1286; baseline 0 -16"><span class='ocrx_word' id='word_1_139' title='bbox 185 1228 212 1270; x_wconf 84' lang='lat'><strong>3</strong></span> <span class='ocrx_word' id='word_1_140' title='bbox 233 1243 270 1271; x_wconf 89' lang='lat' dir='ltr'><em>a.</em></span> <span class='ocrx_word' id='word_1_141' title='bbox 293 1226 342 1270; x_wconf 87' lang='lat' dir='ltr'><em>C.</em></span> <span class='ocrx_word' id='word_1_142' title='bbox 364 1230 419 1274; x_wconf 84' lang='grc' dir='ltr'><em>ὡς</em></span> <span class='ocrx_word' id='word_1_143' title='bbox 438 1226 630 1270; x_wconf 77' lang='grc' dir='ltr'>ἐπύθοντο</span> <span class='ocrx_word' id='word_1_144' title='bbox 651 1228 687 1269; x_wconf 83' lang='grc' dir='ltr'>οἱ</span> <span class='ocrx_word' id='word_1_145' title='bbox 709 1228 898 1286; x_wconf 87' lang='grc' dir='ltr'>βάρβαροι</span> <span class='ocrx_word' id='word_1_146' title='bbox 927 1228 997 1283; x_wconf 88' lang='grc' dir='ltr'><em>τὴν</em></span> <span class='ocrx_word' id='word_1_147' title='bbox 1028 1225 1297 1284; x_wconf 81' lang='grc' dir='ltr'>ἐπιστρατείαν</span> <span class='ocrx_word' id='word_1_148' title='bbox 1327 1231 1396 1270; x_wconf 80' lang='grc' dir='ltr'>τοῦ</span> <span class='ocrx_word' id='word_1_149' title='bbox 1426 1227 1546 1270; x_wconf 85' lang='grc' dir='ltr'>Γαίου</span> <span class='ocrx_word' id='word_1_150' title='bbox 1569 1252 1622 1257; x_wconf 85' lang='grc'><strong>-</strong></span> <span class='ocrx_word' id='word_1_151' title='bbox 1645 1252 1698 1257; x_wconf 86' lang='lat'><em>-—</em></span> <span class='ocrx_word' id='word_1_152' title='bbox 1720 1227 1914 1285; x_wconf 81' lang='grc' dir='ltr'><strong>Τιγράνης</strong></span> 
     </span>
    </p>

    <p class='ocr_par' dir='ltr' id='par_1_15' title="bbox 186 1293 1914 1353">
     <span class='ocr_line' id='line_1_17' title="bbox 186 1293 1914 1353; baseline 0 -14"><span class='ocrx_word' id='word_1_153' title='bbox 186 1297 303 1343; x_wconf 80' lang='grc' dir='ltr'>εὐθὺς</span> <span class='ocrx_word' id='word_1_154' title='bbox 333 1297 404 1353; x_wconf 82' lang='grc' dir='ltr'><em>μὲν</em></span> <span class='ocrx_word' id='word_1_155' title='bbox 434 1296 505 1338; x_wconf 83' lang='grc' dir='ltr'>οὐκ</span> <span class='ocrx_word' id='word_1_156' title='bbox 534 1295 836 1352; x_wconf 81' lang='grc' dir='ltr'>ἐπρεσβεύσατο,</span> <span class='ocrx_word' id='word_1_157' title='bbox 867 1300 937 1339; x_wconf 80' lang='grc' dir='ltr'>τοῦ</span> <span class='ocrx_word' id='word_1_158' title='bbox 958 1297 1001 1338; x_wconf 85' lang='grc' dir='ltr'><em>δὲ</em></span> <span class='ocrx_word' id='word_1_159' title='bbox 1022 1293 1260 1353; x_wconf 80' lang='grc' dir='ltr'>Ἀρταβάζου</span> <span class='ocrx_word' id='word_1_160' title='bbox 1282 1295 1386 1353; x_wconf 81' lang='grc' dir='ltr'>νόσῳ</span> <span class='ocrx_word' id='word_1_161' title='bbox 1417 1297 1577 1353; x_wconf 76' lang='grc' dir='ltr'>ὕστερον</span> <span class='ocrx_word' id='word_1_162' title='bbox 1607 1298 1914 1352; x_wconf 82' lang='grc' dir='ltr'>τελευτήσαντος</span> 
     </span>
    </p>

    <p class='ocr_par' dir='ltr' id='par_1_16' title="bbox 186 1362 1943 1423">
     <span class='ocr_line' id='line_1_18' title="bbox 186 1362 1943 1423; baseline -0.001 -15"><span class='ocrx_word' id='word_1_163' title='bbox 186 1367 298 1422; x_wconf 87' lang='grc' dir='ltr'>δῶρά</span> <span class='ocrx_word' id='word_1_164' title='bbox 324 1381 368 1408; x_wconf 93' lang='grc' dir='ltr'><em>τε</em></span> <span class='ocrx_word' id='word_1_165' title='bbox 398 1370 457 1423; x_wconf 80' lang='grc' dir='ltr'><em>τῷ</em></span> <span class='ocrx_word' id='word_1_166' title='bbox 483 1362 696 1422; x_wconf 80' lang='grc' dir='ltr'>Αὐγούστῳ</span> <span class='ocrx_word' id='word_1_167' title='bbox 726 1364 882 1422; x_wconf 81' lang='grc' dir='ltr'>ἔπεμψε</span> <span class='ocrx_word' id='word_1_168' title='bbox 915 1368 999 1408; x_wconf 80' lang='grc' dir='ltr'>κτλ.</span> <span class='ocrx_word' id='word_1_169' title='bbox 1033 1364 1320 1419; x_wconf 74' lang='lat' dir='ltr'><em>fraymentum</em></span> <span class='ocrx_word' id='word_1_170' title='bbox 1356 1363 1631 1407; x_wconf 85' lang='lat' dir='ltr'><em>Vrsinianum</em></span> <span class='ocrx_word' id='word_1_171' title='bbox 1664 1364 1823 1408; x_wconf 86' lang='lat' dir='ltr'><em>Dionis</em></span> <span class='ocrx_word' id='word_1_172' title='bbox 1850 1365 1911 1409; x_wconf 88' lang='lat' dir='ltr'><em>ed.</em></span> <span class='ocrx_word' id='word_1_173' title='bbox 1939 1403 1943 1406; x_wconf 76' lang='lat'><em>.</em></span> 
     </span>
    </p>

    <p class='ocr_par' dir='ltr' id='par_1_17' title="bbox 184 1432 1292 1488">
     <span class='ocr_line' id='line_1_19' title="bbox 184 1432 1292 1488; baseline -0.001 -12"><span class='ocrx_word' id='word_1_174' title='bbox 184 1432 318 1477; x_wconf 87' lang='lat' dir='ltr'><em>Dind.</em></span> <span class='ocrx_word' id='word_1_175' title='bbox 352 1433 395 1476; x_wconf 86' lang='lat' dir='ltr'><strong><em>V</em></strong></span> <span class='ocrx_word' id='word_1_176' title='bbox 405 1447 454 1488; x_wconf 93' lang='lat' dir='ltr'><em>p.</em></span> <span class='ocrx_word' id='word_1_177' title='bbox 475 1436 570 1476; x_wconf 82' lang='lat'><em>237.</em></span> <span class='ocrx_word' id='word_1_178' title='bbox 631 1433 836 1474; x_wconf 77' lang='lat' dir='ltr'><em>Mortuus</em></span> <span class='ocrx_word' id='word_1_179' title='bbox 864 1433 998 1487; x_wconf 77' lang='lat' dir='ltr'><em>iyitur</em></span> <span class='ocrx_word' id='word_1_180' title='bbox 1026 1433 1103 1475; x_wconf 88' lang='lat' dir='ltr'><em>sub</em></span> <span class='ocrx_word' id='word_1_181' title='bbox 1136 1446 1175 1475; x_wconf 91' lang='lat' dir='ltr'><em>a.</em></span> <span class='ocrx_word' id='word_1_182' title='bbox 1201 1435 1292 1475; x_wconf 83' lang='lat'><strong><em>753.</em></strong></span> 
     </span>
    </p>

    <p class='ocr_par' dir='ltr' id='par_1_18' title="bbox 268 1500 1914 1556">
     <span class='ocr_line' id='line_1_20' title="bbox 268 1500 1914 1556; baseline 0.001 -12"><span class='ocrx_word' id='word_1_183' title='bbox 268 1501 344 1544; x_wconf 89' lang='lat' dir='ltr'><em>Ad</em></span> <span class='ocrx_word' id='word_1_184' title='bbox 370 1501 480 1544; x_wconf 80' lang='lat' dir='ltr'><em>hune</em></span> <span class='ocrx_word' id='word_1_185' title='bbox 499 1501 788 1556; x_wconf 75' lang='lat' dir='ltr'><em>probabiliter</em></span> <span class='ocrx_word' id='word_1_186' title='bbox 815 1501 980 1543; x_wconf 88' lang='lat' dir='ltr'><em>rettulit</em></span> <span class='ocrx_word' id='word_1_187' title='bbox 1006 1500 1209 1544; x_wconf 80' lang='lat' dir='ltr'><em>Gardner</em></span> <span class='ocrx_word' id='word_1_188' title='bbox 1239 1500 1526 1544; x_wconf 84' lang='lat' dir='ltr'><em>Numismatie</em></span> <span class='ocrx_word' id='word_1_189' title='bbox 1556 1500 1775 1544; x_wconf 76' lang='lat' dir='ltr'><em>Ohroniele</em></span> <span class='ocrx_word' id='word_1_190' title='bbox 1799 1503 1914 1546; x_wconf 81' lang='lat'><strong><em>1872</em></strong></span> 
     </span>
    </p>

    <p class='ocr_par' dir='ltr' id='par_1_19' title="bbox 188 1570 1915 1627">
     <span class='ocr_line' id='line_1_21' title="bbox 188 1570 1915 1627; baseline 0.001 -14"><span class='ocrx_word' id='word_1_191' title='bbox 188 1585 236 1626; x_wconf 90' lang='lat' dir='ltr'><em>p.</em></span> <span class='ocrx_word' id='word_1_192' title='bbox 267 1573 352 1613; x_wconf 87' lang='lat'><em>313</em></span> <span class='ocrx_word' id='word_1_193' title='bbox 380 1584 467 1625; x_wconf 78' lang='lat' dir='ltr'><em>sqq.</em></span> <span class='ocrx_word' id='word_1_194' title='bbox 497 1585 712 1613; x_wconf 90' lang='lat' dir='ltr'><em>nummum</em></span> <span class='ocrx_word' id='word_1_195' title='bbox 742 1573 1007 1626; x_wconf 72' lang='lat' dir='ltr'><em>arqenteum,</em></span> <span class='ocrx_word' id='word_1_196' title='bbox 1040 1571 1114 1625; x_wconf 79' lang='lat' dir='ltr'><em>qui</em></span> <span class='ocrx_word' id='word_1_197' title='bbox 1143 1571 1191 1613; x_wconf 91' lang='lat' dir='ltr'><em>in</em></span> <span class='ocrx_word' id='word_1_198' title='bbox 1219 1573 1351 1625; x_wconf 87' lang='lat' dir='ltr'><em>parte</em></span> <span class='ocrx_word' id='word_1_199' title='bbox 1381 1570 1559 1614; x_wconf 87' lang='lat' dir='ltr'><em>adversa</em></span> <span class='ocrx_word' id='word_1_200' title='bbox 1593 1570 1758 1614; x_wconf 77' lang='lat' dir='ltr'><em>exhibet</em></span> <span class='ocrx_word' id='word_1_201' title='bbox 1787 1574 1915 1627; x_wconf 82' lang='lat' dir='ltr'><em>eaput</em></span> 
     </span>
    </p>

    <p class='ocr_par' dir='ltr' id='par_1_20' title="bbox 183 1638 1914 1697">
     <span class='ocr_line' id='line_1_22' title="bbox 183 1638 1914 1697; baseline 0.002 -16"><span class='ocrx_word' id='word_1_202' title='bbox 183 1639 296 1694; x_wconf 74' lang='lat' dir='ltr'><em>reyis</em></span> <span class='ocrx_word' id='word_1_203' title='bbox 335 1639 622 1682; x_wconf 80' lang='lat' dir='ltr'><em>diadematum</em></span> <span class='ocrx_word' id='word_1_204' title='bbox 661 1653 754 1682; x_wconf 83' lang='lat' dir='ltr'><em>cum</em></span> <span class='ocrx_word' id='word_1_205' title='bbox 791 1640 1065 1694; x_wconf 81' lang='lat' dir='ltr'><em>inscriptione</em></span> <span class='ocrx_word' id='word_1_206' title='bbox 1103 1639 1314 1687; x_wconf 81' lang='grc' dir='ltr'>Βασιλέως</span> <span class='ocrx_word' id='word_1_207' title='bbox 1341 1638 1534 1697; x_wconf 79' lang='grc' dir='ltr'>Μεγάλου</span> <span class='ocrx_word' id='word_1_208' title='bbox 1565 1638 1837 1697; x_wconf 83' lang='grc' dir='ltr'>Ἀρταυάσδου,</span> <span class='ocrx_word' id='word_1_209' title='bbox 1866 1640 1914 1683; x_wconf 90' lang='lat' dir='ltr'><em>in</em></span> 
     </span>
    </p>

    <p class='ocr_par' dir='ltr' id='par_1_21' title="bbox 75 1707 1335 1766">
     <span class='ocr_line' id='line_1_23' title="bbox 75 1707 1335 1766; baseline 0 -15"><span class='ocrx_word' id='word_1_210' title='bbox 75 1756 78 1759; x_wconf 57' lang='grc'><em>,</em></span> <span class='ocrx_word' id='word_1_211' title='bbox 185 1721 334 1751; x_wconf 82' lang='lat' dir='ltr'><em>aversa</em></span> <span class='ocrx_word' id='word_1_212' title='bbox 363 1711 492 1763; x_wconf 74' lang='lat' dir='ltr'><em>eaput</em></span> <span class='ocrx_word' id='word_1_213' title='bbox 519 1707 708 1763; x_wconf 73' lang='lat' dir='ltr'><em>Auyusti</em></span> <span class='ocrx_word' id='word_1_214' title='bbox 735 1707 838 1751; x_wconf 82' lang='grc' dir='ltr'>Θεοῦ</span> <span class='ocrx_word' id='word_1_215' title='bbox 871 1707 1070 1766; x_wconf 83' lang='grc' dir='ltr'>Καίσαρος</span> <span class='ocrx_word' id='word_1_216' title='bbox 1100 1707 1335 1766; x_wconf 84' lang='grc' dir='ltr'>Εὐεργέτου.</span> 
     </span>
    </p>

    <p class='ocr_par' dir='ltr' id='par_1_22' title="bbox 97 1776 1912 1833">
     <span class='ocr_line' id='line_1_24' title="bbox 97 1776 1912 1833; baseline 0.001 -13"><span class='ocrx_word' id='word_1_217' title='bbox 97 1776 180 1820; x_wconf 86' lang='grc'><em>957</em></span> <span class='ocrx_word' id='word_1_218' title='bbox 213 1777 488 1832; x_wconf 86' lang='lat' dir='ltr'><em>Artavasdes,</em></span> <span class='ocrx_word' id='word_1_219' title='bbox 521 1793 601 1820; x_wconf 85' lang='lat' dir='ltr'><em>rex</em></span> <span class='ocrx_word' id='word_1_220' title='bbox 620 1776 853 1820; x_wconf 85' lang='lat' dir='ltr'><em>Armeniae</em></span> <span class='ocrx_word' id='word_1_221' title='bbox 873 1783 916 1820; x_wconf 89' lang='lat' dir='ltr'><em>et</em></span> <span class='ocrx_word' id='word_1_222' title='bbox 934 1777 1118 1822; x_wconf 83' lang='lat' dir='ltr'><em>Mediae.</em></span> <span class='ocrx_word' id='word_1_223' title='bbox 1168 1777 1405 1820; x_wconf 83' lang='lat' dir='ltr'><em>Artavasdi</em></span> <span class='ocrx_word' id='word_1_224' title='bbox 1427 1777 1749 1820; x_wconf 76' lang='lat' dir='ltr'><em>Monumentum</em></span> <span class='ocrx_word' id='word_1_225' title='bbox 1769 1776 1912 1833; x_wconf 78' lang='lat' dir='ltr'><em>Ancy-</em></span> 
     </span>
    </p>

    <p class='ocr_par' dir='ltr' id='par_1_23' title="bbox 181 1843 1914 2245">
     <span class='ocr_line' id='line_1_25' title="bbox 181 1843 1825 1905; baseline 0 -17"><span class='ocrx_word' id='word_1_226' title='bbox 181 1860 335 1889; x_wconf 90' lang='lat' dir='ltr'><em>ranum</em></span> <span class='ocrx_word' id='word_1_227' title='bbox 362 1845 436 1888; x_wconf 92' lang='lat' dir='ltr'><em>lat.</em></span> <span class='ocrx_word' id='word_1_228' title='bbox 456 1848 496 1897; x_wconf 88' lang='lat'><em>5,</em></span> <span class='ocrx_word' id='word_1_229' title='bbox 516 1849 571 1888; x_wconf 87' lang='lat'><em>30</em></span> <span class='ocrx_word' id='word_1_230' title='bbox 603 1865 657 1880; x_wconf 86' lang='lat'>=</span> <span class='ocrx_word' id='word_1_231' title='bbox 687 1843 950 1904; x_wconf 86' lang='grc' dir='ltr'>Ἀρταουάσδη</span> <span class='ocrx_word' id='word_1_232' title='bbox 982 1845 1076 1901; x_wconf 85' lang='lat' dir='ltr'><em>(sie)</em></span> <span class='ocrx_word' id='word_1_233' title='bbox 1104 1860 1244 1901; x_wconf 74' lang='lat' dir='ltr'><em>yraee.</em></span> <span class='ocrx_word' id='word_1_234' title='bbox 1266 1849 1332 1897; x_wconf 87' lang='grc'><em>15,</em></span> <span class='ocrx_word' id='word_1_235' title='bbox 1353 1850 1431 1898; x_wconf 91' lang='grc'><em>11;</em></span> <span class='ocrx_word' id='word_1_236' title='bbox 1459 1845 1692 1905; x_wconf 76' lang='grc' dir='ltr'>Ἀρτάβαζος</span> <span class='ocrx_word' id='word_1_237' title='bbox 1721 1845 1825 1889; x_wconf 91' lang='lat' dir='ltr'><em>Dio.</em></span> 
     </span>
     <span class='ocr_line' id='line_1_26' title="bbox 183 1913 1911 1972; baseline 0.001 -16"><span class='ocrx_word' id='word_1_238' title='bbox 183 1970 196 1972; x_wconf 35' lang='grc' dir='ltr'><em>Π</em></span> <span class='ocrx_word' id='word_1_239' title='bbox 269 1914 406 1957; x_wconf 84' lang='lat' dir='ltr'><em>Filius</em></span> <span class='ocrx_word' id='word_1_240' title='bbox 436 1913 724 1957; x_wconf 88' lang='lat' dir='ltr'><em>Ariobarzani</em></span> <span class='ocrx_word' id='word_1_241' title='bbox 764 1917 879 1970; x_wconf 86' lang='lat' dir='ltr'><em>regis</em></span> <span class='ocrx_word' id='word_1_242' title='bbox 909 1914 1138 1957; x_wconf 77' lang='lat' dir='ltr'><em>Medorum</em></span> <span class='ocrx_word' id='word_1_243' title='bbox 1180 1921 1223 1957; x_wconf 84' lang='lat' dir='ltr'><em>et</em></span> <span class='ocrx_word' id='word_1_244' title='bbox 1250 1914 1584 1967; x_wconf 85' lang='lat' dir='ltr'><em>Armeniorum,</em></span> <span class='ocrx_word' id='word_1_245' title='bbox 1620 1929 1756 1972; x_wconf 84' lang='lat' dir='ltr'><em>nepos</em></span> <span class='ocrx_word' id='word_1_246' title='bbox 1782 1914 1911 1958; x_wconf 88' lang='lat' dir='ltr'><em>Arta·</em></span> 
     </span>
     <span class='ocr_line' id='line_1_27' title="bbox 185 1983 1910 2041; baseline 0.001 -16"><span class='ocrx_word' id='word_1_247' title='bbox 185 1983 330 2025; x_wconf 83' lang='lat' dir='ltr'><em>vasdis</em></span> <span class='ocrx_word' id='word_1_248' title='bbox 360 1984 433 2038; x_wconf 79' lang='lat' dir='ltr'><em>(ef.</em></span> <span class='ocrx_word' id='word_1_249' title='bbox 453 1997 495 2026; x_wconf 90' lang='lat' dir='ltr'><em>n.</em></span> <span class='ocrx_word' id='word_1_250' title='bbox 515 1985 612 2039; x_wconf 85' lang='lat'><em>955)</em></span> <span class='ocrx_word' id='word_1_251' title='bbox 643 1989 741 2039; x_wconf 85' lang='lat' dir='ltr'><em>post</em></span> <span class='ocrx_word' id='word_1_252' title='bbox 767 1989 950 2026; x_wconf 86' lang='lat' dir='ltr'><em>mortem</em></span> <span class='ocrx_word' id='word_1_253' title='bbox 979 1984 1115 2040; x_wconf 85' lang='lat' dir='ltr'><em>patris</em></span> <span class='ocrx_word' id='word_1_254' title='bbox 1145 1983 1200 2027; x_wconf 92' lang='lat' dir='ltr'><em>ab</em></span> <span class='ocrx_word' id='word_1_255' title='bbox 1229 1983 1430 2039; x_wconf 85' lang='lat' dir='ltr'><em>Augusto</em></span> <span class='ocrx_word' id='word_1_256' title='bbox 1461 1991 1697 2041; x_wconf 87' lang='lat' dir='ltr'><em>utrumque</em></span> <span class='ocrx_word' id='word_1_257' title='bbox 1727 1997 1910 2039; x_wconf 88' lang='lat' dir='ltr'><em>regnum</em></span> 
     </span>
     <span class='ocr_line' id='line_1_28' title="bbox 183 2050 1914 2109; baseline 0.002 -16"><span class='ocrx_word' id='word_1_258' title='bbox 183 2053 350 2108; x_wconf 80' lang='lat' dir='ltr'><em>aceepit</em></span> <span class='ocrx_word' id='word_1_259' title='bbox 371 2052 565 2094; x_wconf 79' lang='lat' dir='ltr'><em>Menum.</em></span> <span class='ocrx_word' id='word_1_260' title='bbox 586 2050 747 2106; x_wconf 78' lang='lat' dir='ltr'><em>Aneyr.</em></span> <span class='ocrx_word' id='word_1_261' title='bbox 770 2051 796 2094; x_wconf 91' lang='lat' dir='ltr'><em>l.</em></span> <span class='ocrx_word' id='word_1_262' title='bbox 818 2051 859 2102; x_wconf 90' lang='lat' dir='ltr'><em>l.,</em></span> <span class='ocrx_word' id='word_1_263' title='bbox 890 2051 978 2094; x_wconf 89' lang='lat' dir='ltr'><em>Dio</em></span> <span class='ocrx_word' id='word_1_264' title='bbox 997 2054 1064 2103; x_wconf 87' lang='lat'><em>55,</em></span> <span class='ocrx_word' id='word_1_265' title='bbox 1084 2055 1163 2104; x_wconf 88' lang='lat'><em>10,·</em></span> <span class='ocrx_word' id='word_1_266' title='bbox 1192 2052 1444 2095; x_wconf 84' lang='lat' dir='ltr'><em>interfectus</em></span> <span class='ocrx_word' id='word_1_267' title='bbox 1475 2053 1567 2109; x_wconf 90' lang='lat' dir='ltr'><em>(sub</em></span> <span class='ocrx_word' id='word_1_268' title='bbox 1593 2053 1720 2108; x_wconf 76' lang='lat' dir='ltr'><em>finem</em></span> <span class='ocrx_word' id='word_1_269' title='bbox 1742 2053 1914 2108; x_wconf 86' lang='lat' dir='ltr'><em>imperii</em></span> 
     </span>
     <span class='ocr_line' id='line_1_29' title="bbox 184 2119 1911 2176; baseline 0.002 -14"><span class='ocrx_word' id='word_1_270' title='bbox 184 2120 387 2175; x_wconf 70' lang='lat' dir='ltr'><em>Auyusti)</em></span> <span class='ocrx_word' id='word_1_271' title='bbox 410 2120 601 2164; x_wconf 89' lang='lat' dir='ltr'><em>Monum.</em></span> <span class='ocrx_word' id='word_1_272' title='bbox 623 2119 784 2174; x_wconf 76' lang='lat' dir='ltr'><em>Aneyr.</em></span> <span class='ocrx_word' id='word_1_273' title='bbox 805 2120 861 2174; x_wconf 80' lang='lat' dir='ltr'><em>of.</em></span> <span class='ocrx_word' id='word_1_274' title='bbox 886 2120 985 2163; x_wconf 78' lang='lat' dir='ltr'><em>Tac.</em></span> <span class='ocrx_word' id='word_1_275' title='bbox 1007 2135 1048 2163; x_wconf 90' lang='lat' dir='ltr'><em>a.</em></span> <span class='ocrx_word' id='word_1_276' title='bbox 1068 2124 1111 2171; x_wconf 78' lang='lat'><em>2,</em></span> <span class='ocrx_word' id='word_1_277' title='bbox 1134 2124 1162 2163; x_wconf 86' lang='grc'><em>4</em></span> <span class='ocrx_word' id='word_1_278' title='bbox 1184 2120 1434 2176; x_wconf 82' lang='lat' dir='ltr'><em>‘(Armenii)</em></span> <span class='ocrx_word' id='word_1_279' title='bbox 1455 2120 1752 2164; x_wconf 84' lang='lat' dir='ltr'><em>Ariobarzane</em></span> <span class='ocrx_word' id='word_1_280' title='bbox 1773 2129 1911 2165; x_wconf 82' lang='lat' dir='ltr'><em>morte</em></span> 
     </span>
     <span class='ocr_line' id='line_1_30' title="bbox 185 2188 1413 2245; baseline 0.001 -14"><span class='ocrx_word' id='word_1_281' title='bbox 185 2189 364 2232; x_wconf 82' lang='lat' dir='ltr'><em>fortuita</em></span> <span class='ocrx_word' id='word_1_282' title='bbox 393 2189 623 2245; x_wconf 84' lang='lat' dir='ltr'><em>absumpto</em></span> <span class='ocrx_word' id='word_1_283' title='bbox 655 2189 833 2245; x_wconf 84' lang='lat' dir='ltr'><em>stirpem</em></span> <span class='ocrx_word' id='word_1_284' title='bbox 864 2190 957 2231; x_wconf 80' lang='lat' dir='ltr'><em>eius</em></span> <span class='ocrx_word' id='word_1_285' title='bbox 988 2188 1106 2231; x_wconf 85' lang='lat' dir='ltr'><em>haud</em></span> <span class='ocrx_word' id='word_1_286' title='bbox 1138 2188 1413 2232; x_wconf 81' lang='lat' dir='ltr'><em>toleravere‘.</em></span> 
     </span>
    </p>

    <p class='ocr_par' dir='ltr' id='par_1_24' title="bbox 99 2256 1911 2439">
     <span class='ocr_line' id='line_1_31' title="bbox 99 2256 1911 2313; baseline 0.001 -12"><span class='ocrx_word' id='word_1_287' title='bbox 99 2258 182 2302; x_wconf 88' lang='grc'><em>958</em></span> <span class='ocrx_word' id='word_1_288' title='bbox 213 2257 480 2300; x_wconf 84' lang='lat' dir='ltr'><em>Artabasdes</em></span> <span class='ocrx_word' id='word_1_289' title='bbox 511 2258 587 2313; x_wconf 84' lang='lat' dir='ltr'><em>(sie</em></span> <span class='ocrx_word' id='word_1_290' title='bbox 615 2256 832 2311; x_wconf 83' lang='lat' dir='ltr'><em>traditur),</em></span> <span class='ocrx_word' id='word_1_291' title='bbox 873 2271 953 2299; x_wconf 88' lang='lat' dir='ltr'><em>rex</em></span> <span class='ocrx_word' id='word_1_292' title='bbox 981 2257 1288 2300; x_wconf 89' lang='lat' dir='ltr'><em>Armeniorum</em></span> <span class='ocrx_word' id='word_1_293' title='bbox 1329 2257 1553 2312; x_wconf 78' lang='lat' dir='ltr'><em>epistulam</em></span> <span class='ocrx_word' id='word_1_294' title='bbox 1583 2257 1633 2300; x_wconf 91' lang='lat' dir='ltr'><em>de</em></span> <span class='ocrx_word' id='word_1_295' title='bbox 1663 2258 1911 2313; x_wconf 80' lang='lat' dir='ltr'><em>captivitate</em></span> 
     </span>
     <span class='ocr_line' id='line_1_32' title="bbox 184 2324 1909 2381; baseline 0.001 -13"><span class='ocrx_word' id='word_1_296' title='bbox 184 2326 455 2381; x_wconf 90' lang='lat' dir='ltr'><em>imperatoris</em></span> <span class='ocrx_word' id='word_1_297' title='bbox 495 2325 716 2368; x_wconf 86' lang='lat' dir='ltr'><em>Valeriani</em></span> <span class='ocrx_word' id='word_1_298' title='bbox 756 2326 918 2380; x_wconf 70' lang='lat' dir='ltr'><em>(fictam</em></span> <span class='ocrx_word' id='word_1_299' title='bbox 956 2340 984 2368; x_wconf 89' lang='lat' dir='ltr'><em>a</em></span> <span class='ocrx_word' id='word_1_300' title='bbox 1019 2325 1227 2368; x_wconf 81' lang='lat' dir='ltr'><em>Trebellio</em></span> <span class='ocrx_word' id='word_1_301' title='bbox 1254 2324 1463 2380; x_wconf 89' lang='lat' dir='ltr'><em>Pollione)</em></span> <span class='ocrx_word' id='word_1_302' title='bbox 1503 2326 1723 2381; x_wconf 80' lang='lat' dir='ltr'><em>scripsisse</em></span> <span class='ocrx_word' id='word_1_303' title='bbox 1753 2326 1909 2371; x_wconf 82' lang='lat' dir='ltr'><em>dieitur</em></span> 
     </span>
     <span class='ocr_line' id='line_1_33' title="bbox 182 2394 572 2439; baseline -0.003 -3"><span class='ocrx_word' id='word_1_304' title='bbox 182 2395 254 2439; x_wconf 86' lang='lat' dir='ltr'><em>vit.</em></span> <span class='ocrx_word' id='word_1_305' title='bbox 285 2394 507 2437; x_wconf 88' lang='lat' dir='ltr'><em>Valeriani</em></span> <span class='ocrx_word' id='word_1_306' title='bbox 532 2396 572 2436; x_wconf 90' lang='lat'><em>3.</em></span> 
     </span>
    </p>

    <p class='ocr_par' dir='ltr' id='par_1_25' title="bbox 97 2461 1910 3408">
     <span class='ocr_line' id='line_1_34' title="bbox 97 2461 1910 2519; baseline 0.001 -13"><span class='ocrx_word' id='word_1_307' title='bbox 97 2464 181 2506; x_wconf 88' lang='grc'><em>959</em></span> <span class='ocrx_word' id='word_1_308' title='bbox 213 2463 276 2519; x_wconf 81' lang='lat' dir='ltr'><em>[G.</em></span> <span class='ocrx_word' id='word_1_309' title='bbox 307 2462 461 2518; x_wconf 85' lang='lat' dir='ltr'><em>Iulius]</em></span> <span class='ocrx_word' id='word_1_310' title='bbox 492 2461 768 2506; x_wconf 81' lang='lat' dir='ltr'><em>ArtabasdeS.</em></span> <span class='ocrx_word' id='word_1_311' title='bbox 834 2461 999 2504; x_wconf 83' lang='lat' dir='ltr'><em>Titulus</em></span> <span class='ocrx_word' id='word_1_312' title='bbox 1034 2461 1123 2504; x_wconf 88' lang='lat' dir='ltr'><em>eius</em></span> <span class='ocrx_word' id='word_1_313' title='bbox 1151 2461 1401 2516; x_wconf 81' lang='lat' dir='ltr'><em>sepulcralis</em></span> <span class='ocrx_word' id='word_1_314' title='bbox 1429 2462 1464 2505; x_wconf 93' lang='lat' dir='ltr'><strong><em>I</em></strong></span> <span class='ocrx_word' id='word_1_315' title='bbox 1465 2461 1538 2506; x_wconf 66' lang='grc' dir='ltr'><em>ΘΙ</em></span> <span class='ocrx_word' id='word_1_316' title='bbox 1562 2466 1671 2506; x_wconf 87' lang='grc'><em>1674</em></span> <span class='ocrx_word' id='word_1_317' title='bbox 1707 2463 1910 2519; x_wconf 75' lang='lat' dir='ltr'><em>bilinyuis</em></span> 
     </span>
     <span class='ocr_line' id='line_1_35' title="bbox 184 2530 1909 2587; baseline 0.001 -13"><span class='ocrx_word' id='word_1_318' title='bbox 184 2532 375 2575; x_wconf 86' lang='lat' dir='ltr'><em>urbanus</em></span> <span class='ocrx_word' id='word_1_319' title='bbox 395 2531 532 2584; x_wconf 87' lang='lat' dir='ltr'><em>(euius</em></span> <span class='ocrx_word' id='word_1_320' title='bbox 554 2530 777 2585; x_wconf 83' lang='lat' dir='ltr'><em>particula</em></span> <span class='ocrx_word' id='word_1_321' title='bbox 804 2534 931 2573; x_wconf 90' lang='lat' dir='ltr'><em>antea</em></span> <span class='ocrx_word' id='word_1_322' title='bbox 961 2530 1029 2573; x_wconf 86' lang='lat' dir='ltr'><em>VI</em></span> <span class='ocrx_word' id='word_1_323' title='bbox 1043 2533 1153 2573; x_wconf 85' lang='grc'><em>1798</em></span> <span class='ocrx_word' id='word_1_324' title='bbox 1173 2530 1287 2573; x_wconf 89' lang='lat' dir='ltr'><em>edita</em></span> <span class='ocrx_word' id='word_1_325' title='bbox 1309 2530 1408 2585; x_wconf 87' lang='lat' dir='ltr'><em>est).·</em></span> <span class='ocrx_word' id='word_1_326' title='bbox 1437 2531 1570 2586; x_wconf 80' lang='grc' dir='ltr'>[Γάιος</span> <span class='ocrx_word' id='word_1_327' title='bbox 1592 2530 1769 2587; x_wconf 53' lang='lat' dir='ltr'><em>’lomim</em></span> <span class='ocrx_word' id='word_1_328' title='bbox 1788 2533 1909 2577; x_wconf 81' lang='grc' dir='ltr'>Γαίου</span> 
     </span>
     <span class='ocr_line' id='line_1_36' title="bbox 184 2596 1910 2659; baseline 0.001 -16"><span class='ocrx_word' id='word_1_329' title='bbox 184 2600 352 2658; x_wconf 73' lang='grc' dir='ltr'>Φαβ(ίᾳ)</span> <span class='ocrx_word' id='word_1_330' title='bbox 386 2598 680 2657; x_wconf 79' lang='grc' dir='ltr'>[Ἀρταβάσδη]ς</span> <span class='ocrx_word' id='word_1_331' title='bbox 720 2596 981 2656; x_wconf 84' lang='grc' dir='ltr'>Ἀρταβάσδου</span> <span class='ocrx_word' id='word_1_332' title='bbox 1025 2631 1150 2642; x_wconf 88' lang='grc'><strong>.....</strong></span> <span class='ocrx_word' id='word_1_333' title='bbox 1187 2599 1311 2654; x_wconf 79' lang='grc' dir='ltr'>[ὑ]ιός,</span> <span class='ocrx_word' id='word_1_334' title='bbox 1354 2601 1549 2657; x_wconf 82' lang='grc' dir='ltr'>βασιλέως</span> <span class='ocrx_word' id='word_1_335' title='bbox 1581 2598 1910 2659; x_wconf 78' lang='grc' dir='ltr'>[Ἀριοβαρζάν]ου</span> 
     </span>
     <span class='ocr_line' id='line_1_37' title="bbox 185 2666 1909 2726; baseline 0 -13"><span class='ocrx_word' id='word_1_336' title='bbox 185 2669 335 2720; x_wconf 87' lang='grc' dir='ltr'><em>υἱωνός,</em></span> <span class='ocrx_word' id='word_1_337' title='bbox 359 2669 416 2724; x_wconf 85' lang='grc' dir='ltr'><em>[ὃς</em></span> <span class='ocrx_word' id='word_1_338' title='bbox 436 2668 592 2725; x_wconf 77' lang='grc' dir='ltr'>ἔζησ]εν</span> <span class='ocrx_word' id='word_1_339' title='bbox 614 2668 850 2723; x_wconf 82' lang='grc' dir='ltr'>ἐνιαυτ(ούς)</span> <span class='ocrx_word' id='word_1_340' title='bbox 872 2666 949 2719; x_wconf 85' lang='grc' dir='ltr'><em>λθ’,</em></span> <span class='ocrx_word' id='word_1_341' title='bbox 966 2667 1030 2723; x_wconf 84' lang='lat' dir='ltr'><em>[C.</em></span> <span class='ocrx_word' id='word_1_342' title='bbox 1052 2667 1189 2710; x_wconf 85' lang='lat' dir='ltr'><em>Iulius</em></span> <span class='ocrx_word' id='word_1_343' title='bbox 1210 2667 1258 2711; x_wconf 84' lang='lat' dir='ltr'><em>C.</em></span> <span class='ocrx_word' id='word_1_344' title='bbox 1276 2668 1303 2711; x_wconf 91' lang='lat' dir='ltr'><em>f.</em></span> <span class='ocrx_word' id='word_1_345' title='bbox 1325 2667 1450 2724; x_wconf 61' lang='lat' dir='ltr'><em>Fau]</em></span> <span class='ocrx_word' id='word_1_346' title='bbox 1467 2668 1745 2725; x_wconf 85' lang='lat' dir='ltr'><em>Artabasdes‚</em></span> <span class='ocrx_word' id='word_1_347' title='bbox 1769 2670 1909 2726; x_wconf 85' lang='lat' dir='ltr'><em>[Arta-</em></span> 
     </span>
     <span class='ocr_line' id='line_1_38' title="bbox 183 2735 1907 2793; baseline 0.001 -12"><span class='ocrx_word' id='word_1_348' title='bbox 183 2738 330 2782; x_wconf 84' lang='lat' dir='ltr'><em>basdis</em></span> <span class='ocrx_word' id='word_1_349' title='bbox 356 2737 497 2792; x_wconf 85' lang='lat' dir='ltr'><em>fili]us,</em></span> <span class='ocrx_word' id='word_1_350' title='bbox 529 2737 644 2792; x_wconf 86' lang='lat' dir='ltr'><em>regis</em></span> <span class='ocrx_word' id='word_1_351' title='bbox 664 2735 972 2778; x_wconf 86' lang='lat' dir='ltr'><em>Ariobarzanis</em></span> <span class='ocrx_word' id='word_1_352' title='bbox 1000 2736 1162 2793; x_wconf 84' lang='lat' dir='ltr'><em>[nepos,</em></span> <span class='ocrx_word' id='word_1_353' title='bbox 1194 2737 1271 2793; x_wconf 90' lang='lat' dir='ltr'><em>qui</em></span> <span class='ocrx_word' id='word_1_354' title='bbox 1299 2737 1428 2792; x_wconf 84' lang='lat' dir='ltr'><em>vixi]t</em></span> <span class='ocrx_word' id='word_1_355' title='bbox 1456 2752 1591 2780; x_wconf 84' lang='lat' dir='ltr'><em>annos</em></span> <span class='ocrx_word' id='word_1_356' title='bbox 1622 2738 1907 2784; x_wconf 89' lang='lat' dir='ltr'><strong>XXXVIIII.</strong></span> 
     </span>
     <span class='ocr_line' id='line_1_39' title="bbox 181 2803 1910 2865; baseline 0.001 -16"><span class='ocrx_word' id='word_1_357' title='bbox 181 2806 303 2860; x_wconf 76' lang='lat' dir='ltr'><em>Quod</em></span> <span class='ocrx_word' id='word_1_358' title='bbox 321 2806 489 2849; x_wconf 88' lang='lat' dir='ltr'><em>verbum</em></span> <span class='ocrx_word' id='word_1_359' title='bbox 509 2808 611 2860; x_wconf 91' lang='lat' dir='ltr'><em>post</em></span> <span class='ocrx_word' id='word_1_360' title='bbox 631 2803 892 2863; x_wconf 81' lang='grc' dir='ltr'>Ἀρταβάσδου</span> <span class='ocrx_word' id='word_1_361' title='bbox 914 2804 1127 2856; x_wconf 77' lang='lat' dir='ltr'><em>exciderit,</em></span> <span class='ocrx_word' id='word_1_362' title='bbox 1148 2819 1234 2848; x_wconf 92' lang='lat' dir='ltr'><em>non</em></span> <span class='ocrx_word' id='word_1_363' title='bbox 1264 2805 1414 2859; x_wconf 77' lang='lat' dir='ltr'><em>liquet,·</em></span> <span class='ocrx_word' id='word_1_364' title='bbox 1444 2809 1553 2848; x_wconf 89' lang='lat' dir='ltr'><em>eerte</em></span> <span class='ocrx_word' id='word_1_365' title='bbox 1580 2820 1666 2849; x_wconf 91' lang='lat' dir='ltr'><em>non</em></span> <span class='ocrx_word' id='word_1_366' title='bbox 1693 2807 1780 2861; x_wconf 80' lang='lat' dir='ltr'><em>fuit</em></span> <span class='ocrx_word' id='word_1_367' title='bbox 1804 2809 1910 2865; x_wconf 86' lang='grc' dir='ltr'>βασι-</span> 
     </span>
     <span class='ocr_line' id='line_1_40' title="bbox 187 2873 1910 2931; baseline 0.001 -13"><span class='ocrx_word' id='word_1_368' title='bbox 187 2875 300 2926; x_wconf 86' lang='grc' dir='ltr'><em>λέως,</em></span> <span class='ocrx_word' id='word_1_369' title='bbox 321 2874 434 2928; x_wconf 84' lang='lat' dir='ltr'><em>quod</em></span> <span class='ocrx_word' id='word_1_370' title='bbox 442 2874 646 2929; x_wconf 89' lang='lat' dir='ltr'><em>postponi</em></span> <span class='ocrx_word' id='word_1_371' title='bbox 664 2888 749 2916; x_wconf 77' lang='lat' dir='ltr'><em>non</em></span> <span class='ocrx_word' id='word_1_372' title='bbox 760 2874 918 2927; x_wconf 87' lang='lat' dir='ltr'><em>potuit.</em></span> <span class='ocrx_word' id='word_1_373' title='bbox 963 2874 1114 2927; x_wconf 80' lang='lat' dir='ltr'><em>Itaque</em></span> <span class='ocrx_word' id='word_1_374' title='bbox 1133 2873 1201 2916; x_wconf 79' lang='lat' dir='ltr'><em>hie</em></span> <span class='ocrx_word' id='word_1_375' title='bbox 1220 2874 1294 2928; x_wconf 78' lang='lat' dir='ltr'><em>qui</em></span> <span class='ocrx_word' id='word_1_376' title='bbox 1312 2873 1476 2917; x_wconf 90' lang='lat' dir='ltr'><em>Romae</em></span> <span class='ocrx_word' id='word_1_377' title='bbox 1497 2875 1602 2917; x_wconf 88' lang='lat' dir='ltr'><em>obiit</em></span> <span class='ocrx_word' id='word_1_378' title='bbox 1624 2875 1702 2919; x_wconf 89' lang='lat' dir='ltr'><em>sub</em></span> <span class='ocrx_word' id='word_1_379' title='bbox 1732 2876 1910 2931; x_wconf 89' lang='lat' dir='ltr'><em>imperio</em></span> 
     </span>
     <span class='ocr_line' id='line_1_41' title="bbox 184 2941 1909 2999; baseline 0.001 -14"><span class='ocrx_word' id='word_1_380' title='bbox 184 2943 370 2998; x_wconf 72' lang='lat' dir='ltr'><em>Auyusti</em></span> <span class='ocrx_word' id='word_1_381' title='bbox 396 2943 459 2985; x_wconf 86' lang='lat' dir='ltr'><em>vel</em></span> <span class='ocrx_word' id='word_1_382' title='bbox 494 2943 668 2992; x_wconf 85' lang='lat' dir='ltr'><em>Tiberii,</em></span> <span class='ocrx_word' id='word_1_383' title='bbox 707 2956 884 2996; x_wconf 79' lang='lat' dir='ltr'><em>quorum</em></span> <span class='ocrx_word' id='word_1_384' title='bbox 913 2945 1093 2985; x_wconf 88' lang='lat' dir='ltr'><em>aetatem</em></span> <span class='ocrx_word' id='word_1_385' title='bbox 1123 2941 1289 2985; x_wconf 89' lang='lat' dir='ltr'><em>litterae</em></span> <span class='ocrx_word' id='word_1_386' title='bbox 1319 2942 1436 2985; x_wconf 89' lang='lat' dir='ltr'><em>tituli</em></span> <span class='ocrx_word' id='word_1_387' title='bbox 1460 2942 1666 2994; x_wconf 79' lang='lat' dir='ltr'><em>indicant,</em></span> <span class='ocrx_word' id='word_1_388' title='bbox 1706 2944 1793 2998; x_wconf 80' lang='lat' dir='ltr'><em>fuit</em></span> <span class='ocrx_word' id='word_1_389' title='bbox 1812 2945 1909 2999; x_wconf 89' lang='lat' dir='ltr'><em>pri-</em></span> 
     </span>
     <span class='ocr_line' id='line_1_42' title="bbox 181 3010 1910 3066; baseline 0.001 -12"><span class='ocrx_word' id='word_1_390' title='bbox 181 3013 272 3054; x_wconf 85' lang='lat' dir='ltr'><em>vati</em></span> <span class='ocrx_word' id='word_1_391' title='bbox 308 3011 489 3054; x_wconf 75' lang='lat' dir='ltr'><em>bominis</em></span> <span class='ocrx_word' id='word_1_392' title='bbox 530 3010 667 3066; x_wconf 74' lang='lat' dir='ltr'><em>filius,</em></span> <span class='ocrx_word' id='word_1_393' title='bbox 712 3023 840 3065; x_wconf 82' lang='lat' dir='ltr'><em>nepos</em></span> <span class='ocrx_word' id='word_1_394' title='bbox 876 3010 1193 3054; x_wconf 71' lang='lat' dir='ltr'><em>Ariobarzanis</em></span> <span class='ocrx_word' id='word_1_395' title='bbox 1234 3011 1346 3065; x_wconf 74' lang='lat' dir='ltr'><em>reqis</em></span> <span class='ocrx_word' id='word_1_396' title='bbox 1383 3010 1560 3054; x_wconf 87' lang='lat' dir='ltr'><em>Mediae</em></span> <span class='ocrx_word' id='word_1_397' title='bbox 1600 3014 1639 3054; x_wconf 90' lang='lat' dir='ltr'><em>et</em></span> <span class='ocrx_word' id='word_1_398' title='bbox 1676 3012 1910 3057; x_wconf 85' lang='lat' dir='ltr'><em>Armeniae</em></span> 
     </span>
     <span class='ocr_line' id='line_1_43' title="bbox 185 3078 1910 3136; baseline 0.001 -14"><span class='ocrx_word' id='word_1_399' title='bbox 185 3081 256 3136; x_wconf 81' lang='lat' dir='ltr'><em>(ef.</em></span> <span class='ocrx_word' id='word_1_400' title='bbox 287 3080 331 3122; x_wconf 83' lang='lat' dir='ltr'><em>A</em></span> <span class='ocrx_word' id='word_1_401' title='bbox 359 3079 472 3134; x_wconf 82' lang='lat'><em>857),</em></span> <span class='ocrx_word' id='word_1_402' title='bbox 510 3082 559 3122; x_wconf 91' lang='lat' dir='ltr'><em>ut</em></span> <span class='ocrx_word' id='word_1_403' title='bbox 595 3078 773 3121; x_wconf 86' lang='lat' dir='ltr'><em>videtur.</em></span> <span class='ocrx_word' id='word_1_404' title='bbox 803 3103 861 3108; x_wconf 97' lang='lat'><strong>—</strong></span> <span class='ocrx_word' id='word_1_405' title='bbox 901 3078 1067 3122; x_wconf 86' lang='lat' dir='ltr'><em>Nomen</em></span> <span class='ocrx_word' id='word_1_406' title='bbox 1101 3078 1361 3133; x_wconf 72' lang='lat' dir='ltr'><em>yentilieium</em></span> <span class='ocrx_word' id='word_1_407' title='bbox 1398 3093 1449 3122; x_wconf 75' lang='lat' dir='ltr'><em>ex</em></span> <span class='ocrx_word' id='word_1_408' title='bbox 1475 3083 1579 3122; x_wconf 90' lang='lat' dir='ltr'><em>nota</em></span> <span class='ocrx_word' id='word_1_409' title='bbox 1608 3080 1726 3123; x_wconf 88' lang='lat' dir='ltr'><em>illius</em></span> <span class='ocrx_word' id='word_1_410' title='bbox 1756 3082 1910 3124; x_wconf 88' lang='lat' dir='ltr'><em>aetatis</em></span> 
     </span>
     <span class='ocr_line' id='line_1_44' title="bbox 185 3147 1908 3204; baseline 0.001 -13"><span class='ocrx_word' id='word_1_411' title='bbox 185 3148 479 3191; x_wconf 81' lang='lat' dir='ltr'><em>consuetudine</em></span> <span class='ocrx_word' id='word_1_412' title='bbox 518 3148 768 3198; x_wconf 84' lang='lat' dir='ltr'><em>restituitur,</em></span> <span class='ocrx_word' id='word_1_413' title='bbox 808 3161 894 3201; x_wconf 79' lang='lat' dir='ltr'><em>qua</em></span> <span class='ocrx_word' id='word_1_414' title='bbox 931 3148 1001 3189; x_wconf 80' lang='lat' dir='ltr'><em>usi</em></span> <span class='ocrx_word' id='word_1_415' title='bbox 1028 3148 1248 3201; x_wconf 79' lang='lat' dir='ltr'><em>principes</em></span> <span class='ocrx_word' id='word_1_416' title='bbox 1288 3147 1570 3190; x_wconf 88' lang='lat' dir='ltr'><em>barbarorum</em></span> <span class='ocrx_word' id='word_1_417' title='bbox 1616 3149 1670 3191; x_wconf 89' lang='lat' dir='ltr'><em>ab</em></span> <span class='ocrx_word' id='word_1_418' title='bbox 1715 3148 1908 3204; x_wconf 75' lang='lat' dir='ltr'><em>Auyusto</em></span> 
     </span>
     <span class='ocr_line' id='line_1_45' title="bbox 185 3215 1906 3270; baseline 0.001 -12"><span class='ocrx_word' id='word_1_419' title='bbox 185 3217 353 3259; x_wconf 83' lang='lat' dir='ltr'><em>civitate</em></span> <span class='ocrx_word' id='word_1_420' title='bbox 387 3216 535 3259; x_wconf 89' lang='lat' dir='ltr'><em>donati</em></span> <span class='ocrx_word' id='word_1_421' title='bbox 571 3216 746 3258; x_wconf 89' lang='lat' dir='ltr'><em>nomina</em></span> <span class='ocrx_word' id='word_1_422' title='bbox 782 3216 949 3259; x_wconf 89' lang='lat' dir='ltr'><em>ratione</em></span> <span class='ocrx_word' id='word_1_423' title='bbox 986 3229 1168 3258; x_wconf 90' lang='lat' dir='ltr'><em>romana</em></span> <span class='ocrx_word' id='word_1_424' title='bbox 1200 3216 1456 3270; x_wconf 83' lang='lat' dir='ltr'><em>formarunt,</em></span> <span class='ocrx_word' id='word_1_425' title='bbox 1496 3216 1552 3270; x_wconf 77' lang='lat' dir='ltr'><em>ef.</em></span> <span class='ocrx_word' id='word_1_426' title='bbox 1581 3215 1711 3258; x_wconf 85' lang='lat' dir='ltr'><em>veluti</em></span> <span class='ocrx_word' id='word_1_427' title='bbox 1746 3216 1906 3259; x_wconf 92' lang='lat' dir='ltr'><em>Iulium</em></span> 
     </span>
     <span class='ocr_line' id='line_1_46' title="bbox 182 3283 1910 3340; baseline 0.001 -14"><span class='ocrx_word' id='word_1_428' title='bbox 182 3284 522 3328; x_wconf 62' lang='lat' dir='ltr'><em>Ariobarzanem</em></span> <span class='ocrx_word' id='word_1_429' title='bbox 541 3284 723 3327; x_wconf 88' lang='lat' dir='ltr'><em>eiusdem</em></span> <span class='ocrx_word' id='word_1_430' title='bbox 742 3284 890 3339; x_wconf 84' lang='lat' dir='ltr'><em>stirpis</em></span> <span class='ocrx_word' id='word_1_431' title='bbox 908 3283 953 3326; x_wconf 94' lang='lat' dir='ltr'><em>A</em></span> <span class='ocrx_word' id='word_1_432' title='bbox 972 3286 1096 3327; x_wconf 88' lang='grc' dir='ltr'><em>857α.</em></span> <span class='ocrx_word' id='word_1_433' title='bbox 1144 3283 1202 3326; x_wconf 95' lang='lat' dir='ltr'><em>Id</em></span> <span class='ocrx_word' id='word_1_434' title='bbox 1217 3284 1329 3338; x_wconf 79' lang='lat' dir='ltr'><em>quod</em></span> <span class='ocrx_word' id='word_1_435' title='bbox 1355 3285 1402 3327; x_wconf 92' lang='lat' dir='ltr'><em>in</em></span> <span class='ocrx_word' id='word_1_436' title='bbox 1420 3287 1565 3327; x_wconf 90' lang='lat' dir='ltr'><em>nostro</em></span> <span class='ocrx_word' id='word_1_437' title='bbox 1587 3285 1702 3327; x_wconf 89' lang='lat' dir='ltr'><em>tribu</em></span> <span class='ocrx_word' id='word_1_438' title='bbox 1721 3284 1910 3340; x_wconf 75' lang='lat' dir='ltr'><em>Auyusti</em></span> 
     </span>
     <span class='ocr_line' id='line_1_47' title="bbox 185 3353 641 3408; baseline 0 -13"><span class='ocrx_word' id='word_1_439' title='bbox 185 3353 323 3396; x_wconf 85' lang='lat' dir='ltr'><em>Fabia</em></span> <span class='ocrx_word' id='word_1_440' title='bbox 350 3353 641 3408; x_wconf 72' lang='lat' dir='ltr'><em>confirmatur.</em></span> 
     </span>
    </p>
   </div>
  </div>
 </body>
</html>
