2202 3730
137 260 347 297 ARISTVS
1008 252 1090 295 135
1703 256 1950 293 ARMINIVS

154 417 211 423 —
252 390 505 446 FL(AV1VS)
536 396 759 433 ARISTVS.

153 486 211 491 —
253 466 298 503 Τ.
327 459 580 514 FL(AVrvs)
610 464 819 501 ARISTVS
851 464 1115 502 VLPIANVS.

139 530 223 572 866
253 528 400 583 Arius,
433 528 625 570 centurio
657 542 684 569 a
711 526 885 570 Iudaeis
916 528 974 582 (a.
1002 529 1081 570 750
1099 547 1155 562 =
1177 529 1204 569 4
1225 541 1264 569 a.
1293 525 1359 582 Ο.)
1391 526 1557 568 occisus
1586 524 1750 580 Ioseph.
1774 528 1862 568 ant.
1884 529 1951 577 17,

224 601 289 648 10,
309 600 348 647 7,
381 596 474 639 bell.
495 600 540 647 2,
560 600 600 646 4,
621 599 671 647 3,·
699 599 741 646 2,
762 598 802 646 5,
821 599 860 640 1.

139 667 222 710 867
253 671 514 708 ARMENIVS
542 670 825 719 BROCCHVS,
866 663 1097 721 proconsul
1135 663 1403 719 (provinciae
1443 663 1625 706 alieuius
1658 664 1878 706 orientalis
1906 667 1955 706 ut

225 749 276 778 ex
305 737 498 777 contextu
523 737 714 788 apparet,
746 734 930 788 fortasse
950 733 1176 789 Achaiae),
1208 732 1393 789 epistula
1412 733 1654 775 Domitiani
1684 731 1741 773 ad
1771 746 1870 774 eum
1900 732 1954 775 de

222 803 371 846 liberis
401 803 608 859 expositis
639 802 760 844 Plin.
791 802 850 844 ad
881 802 1058 845 Traian.
1087 804 1153 845 65.
1174 804 1240 844 66.

139 874 222 916 868
254 878 515 914 ARMENIVS
546 877 877 925 PEREGRINVS,
910 876 1084 927 praetor
1113 885 1152 912 a.
1181 871 1277 924 213,
1310 885 1389 926 pro
1418 871 1626 925 magistro
1658 869 1842 912 fratrum
1870 869 1954 912 Ar-

228 941 387 984 valium
427 939 497 983 VI
517 942 649 990 2086,
690 939 824 982 frater
859 938 1034 981 Arvalis
1074 938 1198 981 adest
1236 939 1282 980 in
1322 938 1503 993 collegio
1543 953 1582 980 a.
1613 939 1710 981 213.
1741 939 1838 981 218.
1870 940 1950 981 221

225 1010 294 1053 VI
314 1011 442 1052 2086.
473 1011 599 1051 2104.
629 1010 744 1051 2106
773 1010 872 1050 acta
900 1006 1142 1050 Arvalium.

140 1078 224 1122 869
253 1083 514 1120 ARMENIVS
546 1082 877 1130 PEREGRINVS,
913 1074 1063 1118 consul
1096 1091 1134 1118 a.
1167 1075 1251 1118 244
1281 1089 1381 1117 eum
1411 1074 1567 1116 Fulvio
1594 1073 1852 1117 Aemiliano.
1899 1075 1956 1118 In

227 1146 470 1190 consulatu:
498 1145 733 1188 Armenius
753 1145 1015 1199 Peregrinus
1036 1140 1115 1186 'VI
1133 1147 1252 1194 1447,
1282 1146 1461 1186 ceterum
1481 1144 1743 1198 Peregrinus
1763 1144 1883 1197 fasti.
1897 1168 1955 1172 ——

226 1215 460 1258 Armenius
504 1215 789 1269 Peregrinus,
836 1214 908 1255 vir
950 1212 1234 1267 clarissimus,
1278 1211 1430 1254 consul
1469 1211 1715 1254 ordinarius
1746 1211 1815 1254 VI
1833 1214 1952 1255 1351.

226 1284 373 1326 Filius
399 1283 566 1326 videtur
594 1281 794 1324 Armenii
821 1281 1049 1336 Pereyrini
1069 1281 1289 1335 praetoris
1319 1295 1359 1323 a.
1378 1283 1476 1324 213.

142 1354 226 1396 870
255 1358 517 1395 ARMENIVS
548 1350 882 1404 PEREGRINVS‚
914 1351 982 1392 vir
1012 1349 1277 1391 clarissimus
1307 1349 1350 1392 V
1369 1351 1477 1391 6181
1508 1351 1536 1391 t.
1570 1348 1916 1393 Mediolanensis.

142 1422 219 1465 871
256 1426 516 1463 ARMENIVS
547 1418 898 1474 PERE[GR]INVS
928 1419 966 1472 (‘?
978 1417 1238 1461 Πεισωνεῖνον
1271 1417 1588 1472 Waddinyton)‚
1621 1419 1642 1460 ὃ
1668 1418 1954 1474 λαμπρότατος,

230 1522 354 1534 .....
377 1487 479 1543 (fuit
497 1489 562 1531 vel
581 1487 836 1545 συγκλητικός
859 1487 923 1530 vel
942 1487 1143 1541 ὑπατικός)
1167 1486 1237 1530 CI
1237 1486 1278 1530 G
1297 1489 1406 1530 4435
1421 1506 1476 1521 =
1490 1486 1658 1529 Lebas-
1671 1485 1957 1541 Waddinqton

228 1561 341 1602 1472
370 1561 398 1601 t.
430 1557 606 1600 mutilus
630 1556 923 1611 Pompeiopoli
949 1559 1153 1610 repertus.

142 1627 255 1670 871a
282 1632 545 1669 ARMENIVS
576 1631 841 1668 PISONINVS
873 1625 928 1678 cf.
956 1639 998 1667 n.
1019 1627 1114 1668 871.

143 1697 227 1739 872
257 1694 572 1750 Armentarius‚
604 1693 820 1736 murmillo
852 1693 1002 1737 Cassio
1034 1692 1197 1736 Severo
1234 1691 1475 1735 simillimus
1506 1692 1622 1737 Plin.
1642 1706 1685 1734 n.
1706 1691 1748 1734 li.
1773 1695 1810 1743 7,
1830 1694 1883 1735 55
1904 1712 1959 1727 =

229 1764 402 1808 Solinus
430 1767 469 1814 1,
501 1766 572 1807 82.

146 1833 230 1875 873
259 1831 516 1875 Armillatus
546 1832 794 1886 nominatur
823 1837 872 1873 ut
902 1830 1069 1873 delator
1090 1829 1280 1872 Juvenal.
1310 1833 1350 1881 4,
1372 1833 1426 1873 53
1436 1844 1450 1881 ,·
1482 1835 1696 1886 ‘potentes
1727 1828 1844 1885 apud
1870 1829 1958 1871 Do-

228 1901 459 1944 mitianum
489 1899 555 1942 hi:
587 1898 842 1942 Armillatus
871 1924 930 1929 —
956 1924 1015 1929 —
1045 1900 1157 1941 sicut
1174 1898 1353 1941 rMarius
1382 1898 1602 1941 Maximus
1633 1897 1797 1940 scribit‘
1830 1897 1958 1942 schol.

144 1959 229 2012 874
258 1969 483 2011 Arminius
521 1969 597 2024 (sie
642 1968 835 2018 Tacitus,
875 1968 1077 2019 Velleius;
1121 1967 1231 2009 duce
1270 1966 1477 2009 Armenio
1517 1966 1645 2009 codex
1682 1967 1960 2009 Nazarianus

229 2035 350 2082 Flor.
381 2041 426 2088 2,
455 2041 523 2088 30,
553 2036 746 2079 Armeno
777 2035 1129 2091 Bamberyensis;
1159 2033 1354 2093 Ἀρμένιος
1373 2035 1547 2085 Strabo,
1569 2034 1687 2089 Dio),
1711 2034 1959 2077 Cheruseus

231 2106 408 2149 Velleius
426 2110 469 2156 2,
493 2108 586 2156 105,
608 2109 647 2156 1,
681 2105 778 2149 Tac.
801 2119 842 2149 a.
863 2108 928 2154 11,
950 2108 1004 2147 16
1013 2118 1027 2156 ,·
1059 2105 1244 2146 ‘iuvenis
1272 2118 1432 2158 genere
1461 2103 1630 2157 nobilis,
1662 2118 1796 2145 manu
1821 2103 1955 2157 fortis,

230 2190 359 2217 sensu
379 2174 505 2228 celer,
528 2173 642 2216 ultra
659 2173 892 2216 barbarum
915 2179 1139 2229 promptus
1160 2173 1346 2227 ingenio,
1370 2172 1573 2226 Sigimeri
1594 2172 1801 2228 principis
1816 2171 1958 2225 gentis

229 2244 321 2285 eius
342 2243 448 2298 (scil.
468 2242 793 2298 Germanorum)
810 2241 937 2296 filius,
959 2241 1157 2283 ardorem
1173 2242 1305 2283 animi
1322 2240 1442 2282 cultu
1457 2240 1677 2296 oculisque
1694 2239 1956 2296 praeferens,

228 2311 435 2354 adsiduus
454 2310 632 2353 militiae
652 2316 824 2353 nostrae
846 2311 1003 2366 prioris
1025 2308 1130 2362 (scil.
1148 2309 1455 2364 expeditionum
1479 2324 1519 2351 a.
1535 2312 1683 2363 4-61).
1708 2309 1754 2353 (J.
1777 2309 1832 2362 ef.
1856 2307 1955 2350 Vell.

228 2384 272 2431 2,
296 2383 377 2423 105
396 2379 499 2433 sqq.)
530 2394 670 2421 comes
698 2379 772 2434 (ef.
798 2379 896 2421 Tae.
920 2393 959 2420 a.
981 2381 1024 2429 2,
1046 2381 1099 2420 10
1126 2385 1190 2420 ‘ut
1219 2379 1294 2434 qui
1325 2378 1514 2419 romanis
1545 2379 1590 2419 in
1620 2378 1772 2419 castris
1802 2376 1959 2418 ductor

232 2447 508 2505 popularium
548 2448 825 2502 meruisset‘),
870 2448 963 2489 iure
994 2449 1124 2489 etiam
1153 2447 1340 2488 civitatis
1372 2460 1577 2488 romanae
1614 2446 1828 2502 equestris
1859 2460 1956 2486 eon-

233 2523 406 2559 secutus
435 2516 612 2571 gradus‘
648 2516 826 2558 Velleius
845 2520 890 2566 2,
912 2518 1007 2566 118,
1030 2519 1062 2558 2
1092 2514 1184 2567 (ubi
1213 2514 1400 2557 traditur
1429 2515 1593 2556 Romae
1623 2515 1716 2556 eius
1747 2514 1958 2570 equestris

232 2600 499 2641 consequens
543 2584 706 2639 gradus
750 2585 923 2626 leet-ione
966 2587 1167 2638 corrupta
1209 2579 1283 2626 nee
1329 2586 1436 2625 certe
1477 2582 1706 2637 restituta).
1777 2582 1958 2625 Civitate

232 2655 433 2697 donatum
463 2657 502 2695 et
523 2667 784 2707 praenomen
813 2667 1036 2695 romanum
1056 2655 1095 2696 et
1112 2667 1261 2695 nomen
1284 2651 1547 2706 yentilieium
1574 2651 1772 2693 habuisse
1801 2654 1958 2692 eertum

231 2727 303 2774 est,
333 2722 408 2765 sed
434 2725 575 2764 utrum
602 2722 699 2764 huie
719 2721 945 2764 Arminius
961 2721 1223 2776 qentiliei'um
1242 2721 1374 2774 fuerit
1394 2734 1452 2763 an
1472 2733 1695 2775 coynomen
1714 2734 1765 2761 ex
1791 2720 1957 2761 nomine

229 2792 445 2846 primario
472 2791 715 2846 yermanieo
744 2804 967 2832 romanum
996 2791 1042 2832 in
1070 2789 1239 2832 modum
1268 2790 1635 2842 transformatum,
1676 2791 1784 2830 certe
1815 2788 1958 2841 nequit

230 2859 473 2902 diiudicari.
530 2861 793 2913 Quanquam
822 2858 952 2900 multo
974 2858 1248 2912 probabilius
1277 2861 1338 2900 est
1365 2856 1611 2899 Arminium
1636 2872 1686 2899 ex
1704 2870 1785 2898 usu
1804 2856 1959 2898 aetatis

231 2928 418 2986 Auyusti
433 2942 583 2971 nomen
601 2928 710 2970 Iulii
739 2928 944 2981 accepisse
966 2930 1005 2969 et
1023 2926 1216 2968 Arminii
1243 2940 1465 2981 coynomen
1493 2925 1702 2975 habuisse,
1732 2928 1780 2966 ut
1808 2924 1957 2966 statuit

231 2999 410 3042 Hitbner
423 2998 602 3040 Hermes
614 2996 663 3039 X
675 2995 815 3051 (1876)
828 2998 967 3050 p.393
976 3009 1076 3048 sqq„
1102 2995 1325 3037 Remiselie
1340 2994 1598 3047 Herrseliaf't
1616 2994 1663 3035 in
1683 2993 1958 3046 Westeuropa

227 3083 275 3122 p.
292 3069 394 3118 153;
423 3067 479 3120 ef.
511 3065 561 3108 de
589 3065 757 3107 nomine
777 3063 971 3106 Arminii
990 3064 1040 3105 L.
1063 3063 1255 3106 Schmidt
1277 3063 1514 3106 Germania
1533 3066 1642 3105 1883
1654 3077 1701 3116 p.
1719 3065 1816 3112 342,
1848 3064 1957 3103 1884

228 3150 277 3189 11.
300 3138 393 3185 416,
424 3136 533 3176 1891
554 3148 602 3188 p.
622 3136 714 3182 315,
756 3131 891 3174 Mueli
923 3131 1173 3184 Zeitsehrist
1207 3132 1281 3184 fiir
1321 3131 1535 3174 deutsches
1568 3130 1812 3173 Alterthum
1846 3132 1956 3172 1891

229 3217 278 3257 p.
299 3205 395 3253 379,
427 3202 648 3244 Kossinna
676 3199 1074 3255 Indoyermanische
1102 3199 1405 3255 Forsehunqen
1433 3200 1495 3242 II
1508 3215 1555 3254 p.
1577 3203 1669 3242 174.

317 3270 445 3313 Anno
467 3271 494 3312 9
513 3285 556 3326 p.
574 3270 623 3314 C.
668 3269 875 3313 Germani
901 3268 1099 3311 Arminio
1121 3268 1231 3310 duce
1260 3270 1558 3311 coniuratione
1588 3269 1695 3310 inita
1724 3269 1770 3310 P.
1794 3267 1954 3319 Quine-

233 3339 373 3381 tilium
407 3339 573 3381 Varum
617 3338 808 3393 legatum
848 3339 1067 3379 exereitus
1109 3338 1358 3381 Germanioi
1397 3352 1496 3379 eum
1538 3336 1674 3380 tribus
1714 3333 1954 3390 legionibus
