2202 3730
104 261 332 299 BOLANVS
968 252 1052 295 239
1707 254 1914 293 BRADVA

117 415 175 421 —
218 397 272 433 Μ.
302 396 515 433 VETTIVS
545 394 791 433 BOLANVS.

106 465 188 508 118
219 466 416 519 Bonitus,
449 465 629 520 stipator
660 463 850 507 Gallieni
879 463 952 506 vit.
983 462 1079 518 triy.
1112 464 1192 517 tyr.
1221 465 1288 512 10,
1319 464 1373 504 11
1401 462 1449 505 in
1477 461 1673 516 epistula.

108 539 190 582 119
219 539 442 584 Bononius
486 538 725 591 Maximus,
783 538 851 579 cui
896 537 989 579 divi
1039 536 1226 579 Severus
1275 544 1318 578 et
1360 535 1608 578 Antoninus
1654 529 1915 592 generaliter

188 609 505 663 rescripserunt
543 606 597 648 de
635 607 818 662 pecunia
857 605 1008 647 relicta
1045 605 1101 647 ad
1140 604 1344 647 alimenta
1382 619 1616 660 puerorum
1657 605 1914 649 Marcianus

187 674 351 730 Diyest.
371 677 437 725 35,
457 677 502 726 2,
523 677 591 717 89.
646 674 852 716 Fortasse
872 686 1049 728 praeses
1079 673 1235 726 aliquis
1254 673 1504 727 provinciae
1532 673 1597 716 vel
1624 676 1911 729 mayistratus.

104 756 187 798 120
216 756 414 798 Bonosus
456 754 574 811 apud
614 753 840 796 Coloniam
865 753 1155 809 Agrippinam
1195 759 1346 794 contra
1382 752 1572 795 Probum
1611 755 1914 810 imperatorem

188 823 417 867 rebellavit
456 831 499 866 et
536 824 591 866 ab
633 837 683 864 eo
723 837 952 878 oppressus
987 829 1052 864 est
1088 822 1161 863 vit.
1192 820 1331 863 Probi
1357 823 1426 864 18.
1455 825 1535 872 24,
1574 822 1758 878 Eutrop.
1788 827 1827 875 9,
1858 828 1916 866 17

188 891 303 948 &ride
331 892 507 936 Orosius
537 895 575 942 7,
606 891 694 946 24),
737 891 880 933 Victor
910 889 1030 934 Caes.
1059 893 1127 940 37,
1167 889 1365 944 Epitome
1392 892 1461 933 37.
1489 914 1548 920 —
1587 891 1728 934 Domo
1759 892 1915 949 Hispa-

186 961 339 1016 niensi,
373 961 538 1015 origine
568 960 817 1012 Britannus,
850 958 978 1003 Galla
1005 964 1150 1000 tamen
1177 964 1325 1012 matre,
1358 957 1541 1000 rhetoris
1572 958 1643 1001 vel
1673 959 1913 1016 paedagogi

186 1028 384 1071 litterarii
412 1028 549 1082 filius3
580 1027 783 1070 militavit
802 1028 990 1083 primum
1011 1027 1124 1068 inter
1146 1026 1398 1078 ordinarios,
1421 1026 1578 1069 deinde
1599 1028 1712 1070 inter
1732 1030 1912 1085 equites,

186 1097 313 1139 duxit
343 1096 528 1150 ordines,
560 1095 803 1138 tribunatus
835 1096 935 1149 egit,
969 1094 1060 1136 dux
1089 1094 1238 1136 limitis
1267 1095 1433 1136 Raetici
1463 1095 1568 1150 fuit3
1599 1111 1696 1138 cum
1727 1098 1914 1153 quodam

186 1172 379 1222 tempore
408 1165 452 1206 in
483 1164 635 1207 Rheno
665 1178 863 1206 romanas
892 1162 1077 1205 lusorias
1105 1162 1312 1206 Germani
1343 1163 1645 1218 incendissent,
1676 1167 1830 1208 timore
1858 1182 1914 1209 ne

187 1249 346 1290 poenas
386 1233 530 1287 daret,
573 1233 755 1288 sumpsit
784 1232 1035 1288 imperiumt,
1067 1246 1179 1272 uxor
1208 1231 1373 1273 Hunila
1398 1233 1541 1286 gentis
1577 1233 1758 1276 Goticae
1788 1235 1826 1276 ei
1857 1234 1913 1278 ab

186 1301 422 1344 Aureliano
466 1301 588 1354 data,
630 1301 701 1342 cui
742 1299 910 1342 Probus
951 1314 1088 1355 aeque
1127 1314 1177 1340 ac
1217 1299 1316 1340 filiis
1357 1299 1547 1355 duobus,
1583 1316 1692 1358 quos
1723 1302 1910 1359 reliquit,

186 1371 380 1427 pepercit
407 1371 480 1412 vit.
501 1369 665 1412 Bonosi
682 1370 837 1411 14-15.
893 1368 1009 1421 Quae
1036 1368 1177 1410 omnia
1206 1368 1342 1409 mixta
1363 1371 1593 1422 praeterea
1620 1371 1748 1413 meris
1775 1373 1912 1427 παρεὶς,

185 1453 292 1492 quas
313 1439 536 1493 praeterii,
559 1437 663 1492 plus
691 1451 819 1491 quam
846 1438 1040 1490 suspecta
1068 1439 1178 1480 sunt.

114 1531 173 1537 -—
215 1513 445 1549 RVPILIVS
476 1513 653 1549 BONVS.

101 1589 178 1630 121
213 1588 368 1642 Boter,
410 1586 615 1638 libertus,
653 1601 710 1629 ex
749 1600 834 1642 quo
874 1584 1093 1628 Plautiam
1122 1582 1441 1639 Vrgulanillam
1473 1600 1655 1628 uxorem
1685 1585 1913 1632 Claudiam

186 1654 318 1697 filiam
340 1655 588 1711 concepisse
608 1653 816 1697 Claudius
838 1653 930 1710 (qui
952 1659 1101 1709 postea
1128 1653 1377 1708 imperavit)
1399 1652 1483 1696 sibi
1504 1657 1719 1709 persuasit
1740 1657 1912 1703 Sueton.

186 1722 343 1766 Claud.
374 1726 446 1766 27.

102 1804 185 1845 122
216 1802 437 1845 Boudicca
457 1803 534 1858 asie
553 1805 662 1844 reete
683 1801 810 1844 codex
828 1801 1046 1844 Medioeas
1068 1801 1165 1844 Tae.
1189 1815 1229 1843 a.
1250 1804 1316 1851 14,
1333 1804 1400 1852 37,
1423 1801 1628 1844 Boodicia
1648 1803 1733 1848 ibd.
1755 1809 1820 1856 14,
1840 1810 1914 1859 31,-

188 1871 420 1914 Booducca
447 1875 513 1922 14,
543 1874 598 1913 35
607 1884 621 1922 ,·
662 1870 881 1914 Voadicca
909 1870 972 1912 vel
1009 1869 1219 1912 Voaduca
1258 1869 1360 1911 libri
1389 1869 1589 1912 Vaticani
1615 1871 1805 1927 Ayrieol.
1836 1879 1890 1918 16
1900 1890 1914 1927 ,·

114 1964 126 1966 -
178 1938 437 1990 ,Βουνδουίκα
467 1939 655 1982 traditur
684 1938 801 1994 apud
828 1938 1129 1993 Xiphilinum),
1156 1952 1269 1980 uxor
1295 1939 1527 1993 Prasutagi
1549 1941 1663 1994 regis
1684 1942 1912 1986 Icenorum

191 2008 290 2052 Tae.
320 2023 360 2051 a.
387 2012 452 2059 14,
473 2011 530 2050 31
540 2021 554 2060 ,·
582 2014 680 2064 post
709 2013 891 2049 mortem
920 2007 1065 2049 mariti
1095 2022 1122 2048 a
1148 2007 1353 2048 Romanis
1383 2009 1576 2062 graviter
1605 2009 1768 2052 afflicta
1797 2027 1834 2056 a.
1858 2014 1907 2055 61

185 2077 418 2119 Britannos
455 2076 508 2118 ad
549 2075 827 2119 rebellionem
866 2083 1017 2118 contra
1047 2077 1263 2117 Romanos
1297 2075 1407 2117 filias
1438 2075 1618 2119 violatas
1649 2093 1780 2121 curru
1810 2096 1913 2137 prae

188 2160 233 2186 se
273 2145 436 2187 vehens
476 2145 676 2187 accendit
715 2144 800 2188 ibd.
831 2148 897 2195 14,
928 2147 994 2194 34,
1026 2143 1216 2199 Ayrieol.
1244 2147 1298 2186 16
1307 2157 1321 2195 ,·
1358 2144 1582 2186 Britannis
1618 2146 1743 2188 victis
1780 2149 1913 2190 vitam

185 2228 353 2255 veneno
376 2214 520 2255 finivit
538 2213 625 2255 ibd.
646 2216 712 2263 14,
732 2215 799 2255 37.
845 2212 1012 2255 Eadem
1040 2213 1130 2266 fere
1151 2211 1354 2266 pluribus
1381 2213 1519 2254 verbis
1547 2214 1686 2256 minas
1717 2221 1913 2260 accurate

186 2281 275 2325 Dio
305 2280 509 2338 (Xipha.)
540 2285 609 2332 62,
641 2284 739 2325 2-7
744 2294 758 2332 ;
795 2280 943 2322 morbo
987 2281 1179 2322 extincta
1217 2279 1374 2322 dieitur
1402 2280 1488 2323 ibd.
1514 2284 1583 2332 62,
1614 2285 1684 2332 12,
1724 2283 1836 2336 falso
1865 2288 1914 2327 at

186 2350 363 2393 videtur.

104 2430 186 2472 123
216 2430 267 2472 L.
298 2430 462 2472 Bovius
491 2428 628 2483 Celer,
660 2429 713 2471 L.
735 2427 764 2471 f.
785 2428 837 2471 L.
858 2443 915 2482 n.,
944 2427 1064 2470 tribu
1082 2427 1188 2481 Fal„
1221 2426 1466 2483 praefectus
1494 2428 1679 2484 fabrum,
1712 2430 1914 2475 tribunus

110 2493 113 2494 ⁷
188 2498 372 2547 militum
404 2497 588 2553 legionis
608 2498 677 2540 ΠΙ
698 2496 976 2553 Cyrenaicae,
1005 2502 1263 2553 procurator
1291 2496 1382 2538 ludi
1413 2496 1602 2539 familiae
1631 2497 1914 2552 gladiatoriae

112 2566 115 2568 ’
188 2565 391 2610 Caesaris
420 2565 726 2609 Alexandreae
756 2565 811 2607 ad
840 2565 1112 2621 Aegyptum,
1145 2563 1338 2615 adlectus
1367 2565 1480 2607 inter
1510 2565 1690 2608 selectos
1721 2567 1912 2626 (iudices)

189 2635 244 2677 ab
284 2636 384 2692 imp.
427 2634 551 2677 Caes.
581 2633 806 2689 August03
836 2634 981 2687 Hvir,
1024 2639 1249 2689 quaestor,
1291 2646 1433 2688 augur
1472 2634 1702 2690 (Puteolis)
1731 2635 1782 2679 X
1806 2640 1914 2681 1685

189 2707 218 2746 t.
250 2703 527 2746 Puteolanas.
587 2702 739 2746 Sextia
766 2701 932 2744 Nerula
960 2717 1072 2744 uxor
1101 2700 1186 2743 ibd.

107 2783 189 2826 124
218 2789 423 2824 BRADVA
442 2788 713 2834 MAVRIOVS,
734 2780 966 2838 proconsul
980 2780 1171 2835 Africae,
1191 2781 1447 2838 rescriptum
1468 2781 1618 2824 Severi
1640 2788 1683 2824 et
1701 2782 1912 2826 Antonini

189 2851 246 2895 ad
276 2866 375 2894 eum
405 2851 560 2894 Macer
589 2850 753 2905 Diyest.
774 2853 813 2900 1,
834 2853 905 2900 21,
925 2853 976 2901 4,·
1015 2849 1230 2903 leianus
1248 2852 1319 2900 26,
1341 2853 1409 2901 10,
1431 2854 1470 2901 1,
1492 2854 1532 2893 4.
1602 2850 1776 2894 Videtur
1804 2852 1912 2895 idem

189 2933 275 2963 esse
305 2923 429 2974 atque
459 2919 526 2962 M.
558 2919 753 2962 Valerius
781 2918 966 2961 Bradaa
996 2918 1226 2961 Mauricus
1254 2932 1335 2961 eos.
1367 2932 1408 2961 a.
1438 2922 1534 2962 191.

117 3012 176 3018 —
216 2994 392 3031 APPIVS
423 2994 610 3030 ANNIVS
641 2993 840 3030 ATILIVS
870 2992 1088 3030 BRADVA.

118 3080 174 3085 —
204 3062 270 3108 -M·
299 3063 474 3098 APPIVS
507 3057 723 3111 (ATILIVS
734 3055 775 3110 P)
804 3061 1022 3096 BRADVA.

117 3149 175 3154 —
217 3123 419 3181 Aquilius
448 3124 638 3169 Bradua.

107 3212 177 3222 ·--
219 3199 272 3237 Μ.
302 3199 503 3252 ATILIVS
533 3199 753 3236 BRADVA.

118 3284 176 3291 -·
217 3267 271 3306 Μ.
301 3267 502 3304 ATILIVS
533 3267 772 3303 METILIVS
803 3266 1022 3302 BRADVA.

117 3354 174 3358 —
217 3336 270 3371 M.
302 3336 553 3372 VALERIVS
584 3336 791 3371 BRADVA
821 3334 1087 3372 MAVRIOVS.
