<?xml version="1.0" encoding="UTF-8"?>
<!DOCTYPE html PUBLIC "-//W3C//DTD XHTML 1.0 Transitional//EN"
    "http://www.w3.org/TR/xhtml1/DTD/xhtml1-transitional.dtd">
<html xmlns="http://www.w3.org/1999/xhtml" xml:lang="en" lang="en">
 <head>
  <title>
</title>
<meta http-equiv="Content-Type" content="text/html;charset=utf-8" />
  <meta name='ocr-system' content='tesseract 3.04.00' />
  <meta name='ocr-capabilities' content='ocr_page ocr_carea ocr_par ocr_line ocrx_word'/>
</head>
<body>
  <div class='ocr_page' id='page_1' title='image "./prosopographiaim01akaduoft/prosopographiaim01akaduoft_0204.png"; bbox 0 0 2202 3730; ppageno 0'>
   <div class='ocr_carea' id='block_1_1' title="bbox 248 270 2046 317">
    <p class='ocr_par' dir='ltr' id='par_1_1' title="bbox 248 270 2046 317">
     <span class='ocr_line' id='line_1_1' title="bbox 248 270 2046 317; baseline -0.003 -1"><span class='ocrx_word' id='word_1_1' title='bbox 248 281 452 317; x_wconf 87' lang='lat' dir='ltr'><strong>AVIDIVS</strong></span> <span class='ocrx_word' id='word_1_2' title='bbox 1111 270 1191 313; x_wconf 84' lang='lat'><strong>188</strong></span> <span class='ocrx_word' id='word_1_3' title='bbox 1845 276 2046 312; x_wconf 83' lang='lat' dir='ltr'><strong>AVIDIVS</strong></span> 
     </span>
    </p>
   </div>
   <div class='ocr_carea' id='block_1_2' title="bbox 251 346 414 350">
    <p class='ocr_par' dir='ltr' id='par_1_2' title="bbox 251 346 414 350">
     <span class='ocr_line' id='line_1_2' title="bbox 251 346 414 350; baseline 0 0"><span class='ocrx_word' id='word_1_4' title='bbox 251 346 414 350; x_wconf 95' lang='lat' dir='ltr'><strong> </strong></span> 
     </span>
    </p>
   </div>
   <div class='ocr_carea' id='block_1_3' title="bbox 331 405 2052 1144">
    <p class='ocr_par' dir='ltr' id='par_1_3' title="bbox 333 405 2049 595">
     <span class='ocr_line' id='line_1_3' title="bbox 333 405 2049 463; baseline -0.002 -11"><span class='ocrx_word' id='word_1_5' title='bbox 333 410 497 452; x_wconf 79' lang='lat' dir='ltr'><strong>videtur</strong></span> <span class='ocrx_word' id='word_1_6' title='bbox 517 408 775 451; x_wconf 82' lang='lat' dir='ltr'>Heliodorus</span> <span class='ocrx_word' id='word_1_7' title='bbox 807 406 1100 463; x_wconf 77' lang='lat' dir='ltr'><strong>philosophus,</strong></span> <span class='ocrx_word' id='word_1_8' title='bbox 1134 421 1259 462; x_wconf 89' lang='lat' dir='ltr'><strong>quem</strong></span> <span class='ocrx_word' id='word_1_9' title='bbox 1279 406 1530 449; x_wconf 86' lang='lat' dir='ltr'><strong>Hadrianus</strong></span> <span class='ocrx_word' id='word_1_10' title='bbox 1562 407 1607 448; x_wconf 94' lang='lat' dir='ltr'><strong>in</strong></span> <span class='ocrx_word' id='word_1_11' title='bbox 1637 421 1805 448; x_wconf 87' lang='lat' dir='ltr'><strong>summa</strong></span> <span class='ocrx_word' id='word_1_12' title='bbox 1831 405 2049 448; x_wconf 85' lang='lat' dir='ltr'><strong>familiari-</strong></span> 
     </span>
     <span class='ocr_line' id='line_1_4' title="bbox 336 474 2049 531; baseline -0.002 -11"><span class='ocrx_word' id='word_1_13' title='bbox 336 484 421 520; x_wconf 85' lang='lat' dir='ltr'><strong>tate</strong></span> <span class='ocrx_word' id='word_1_14' title='bbox 456 477 607 519; x_wconf 83' lang='lat' dir='ltr'><strong>habuit</strong></span> <span class='ocrx_word' id='word_1_15' title='bbox 641 477 710 519; x_wconf 84' lang='lat' dir='ltr'><strong>vit.</strong></span> <span class='ocrx_word' id='word_1_16' title='bbox 751 475 977 518; x_wconf 82' lang='lat' dir='ltr'><strong>Hadriani</strong></span> <span class='ocrx_word' id='word_1_17' title='bbox 1015 478 1081 526; x_wconf 89' lang='lat'><strong>16,</strong></span> <span class='ocrx_word' id='word_1_18' title='bbox 1122 478 1200 527; x_wconf 86' lang='lat'><strong>10;</strong></span> <span class='ocrx_word' id='word_1_19' title='bbox 1239 489 1370 531; x_wconf 90' lang='lat' dir='ltr'><strong>quem</strong></span> <span class='ocrx_word' id='word_1_20' title='bbox 1409 475 1523 517; x_wconf 86' lang='lat' dir='ltr'><strong>idem</strong></span> <span class='ocrx_word' id='word_1_21' title='bbox 1561 476 1857 518; x_wconf 80' lang='lat' dir='ltr'><strong>famosissimis</strong></span> <span class='ocrx_word' id='word_1_22' title='bbox 1895 474 2049 518; x_wconf 81' lang='lat' dir='ltr'><strong>litteris</strong></span> 
     </span>
     <span class='ocr_line' id='line_1_5' title="bbox 334 543 1742 595; baseline -0.001 -8"><span class='ocrx_word' id='word_1_23' title='bbox 334 546 550 588; x_wconf 79' lang='lat' dir='ltr'><strong>lacessivit</strong></span> <span class='ocrx_word' id='word_1_24' title='bbox 579 545 664 587; x_wconf 83' lang='lat' dir='ltr'><strong>ibd.</strong></span> <span class='ocrx_word' id='word_1_25' title='bbox 696 546 760 594; x_wconf 86' lang='lat'><strong>15,</strong></span> <span class='ocrx_word' id='word_1_26' title='bbox 789 546 829 587; x_wconf 88' lang='lat'><strong>5.</strong></span> <span class='ocrx_word' id='word_1_27' title='bbox 862 569 915 574; x_wconf 97' lang='lat'><strong>—</strong></span> <span class='ocrx_word' id='word_1_28' title='bbox 947 545 1078 586; x_wconf 90' lang='lat' dir='ltr'><strong>Pater</strong></span> <span class='ocrx_word' id='word_1_29' title='bbox 1107 543 1256 585; x_wconf 89' lang='lat' dir='ltr'><strong>Avidii</strong></span> <span class='ocrx_word' id='word_1_30' title='bbox 1289 543 1426 586; x_wconf 89' lang='lat' dir='ltr'><strong>Cassii</strong></span> <span class='ocrx_word' id='word_1_31' title='bbox 1455 543 1544 587; x_wconf 89' lang='lat' dir='ltr'><strong>Dio</strong></span> <span class='ocrx_word' id='word_1_32' title='bbox 1574 547 1639 595; x_wconf 83' lang='lat'><strong>71,</strong></span> <span class='ocrx_word' id='word_1_33' title='bbox 1667 548 1742 588; x_wconf 78' lang='lat'><strong>22.</strong></span> 
     </span>
    </p>

    <p class='ocr_par' dir='ltr' id='par_1_4' title="bbox 331 610 2052 1144">
     <span class='ocr_line' id='line_1_6' title="bbox 417 610 2052 656; baseline -0.002 0"><span class='ocrx_word' id='word_1_34' title='bbox 417 614 474 656; x_wconf 90' lang='lat' dir='ltr'><strong>In</strong></span> <span class='ocrx_word' id='word_1_35' title='bbox 501 613 589 654; x_wconf 81' lang='lat' dir='ltr'><strong>vita</strong></span> <span class='ocrx_word' id='word_1_36' title='bbox 608 612 759 654; x_wconf 83' lang='lat' dir='ltr'><strong>Avidii</strong></span> <span class='ocrx_word' id='word_1_37' title='bbox 783 610 926 654; x_wconf 89' lang='lat' dir='ltr'><strong>Cassii</strong></span> <span class='ocrx_word' id='word_1_38' title='bbox 952 615 976 654; x_wconf 89' lang='lat'><strong><em>1</em></strong></span> <span class='ocrx_word' id='word_1_39' title='bbox 1007 611 1215 653; x_wconf 75' lang='lat' dir='ltr'><strong>traditur:</strong></span> <span class='ocrx_word' id='word_1_40' title='bbox 1245 611 1431 654; x_wconf 90' lang='lat' dir='ltr'><strong>Avidius</strong></span> <span class='ocrx_word' id='word_1_41' title='bbox 1453 611 1628 654; x_wconf 83' lang='lat' dir='ltr'><strong>Cassius</strong></span> <span class='ocrx_word' id='word_1_42' title='bbox 1654 636 1707 642; x_wconf 90' lang='lat'><strong>—-</strong></span> <span class='ocrx_word' id='word_1_43' title='bbox 1729 635 1782 641; x_wconf 98' lang='lat'><strong>—</strong></span> <span class='ocrx_word' id='word_1_44' title='bbox 1804 626 1860 653; x_wconf 87' lang='lat' dir='ltr'><strong>ex</strong></span> <span class='ocrx_word' id='word_1_45' title='bbox 1889 610 2052 653; x_wconf 85' lang='lat' dir='ltr'><strong>familia</strong></span> 
     </span>
     <span class='ocr_line' id='line_1_7' title="bbox 335 679 2049 736; baseline -0.002 -13"><span class='ocrx_word' id='word_1_46' title='bbox 335 681 580 724; x_wconf 83' lang='lat' dir='ltr'><strong>Cassiorum</strong></span> <span class='ocrx_word' id='word_1_47' title='bbox 612 679 744 722; x_wconf 87' lang='lat' dir='ltr'><strong>fuisse</strong></span> <span class='ocrx_word' id='word_1_48' title='bbox 775 679 946 734; x_wconf 88' lang='lat' dir='ltr'><strong>dicitur,</strong></span> <span class='ocrx_word' id='word_1_49' title='bbox 978 694 1057 736; x_wconf 90' lang='lat' dir='ltr'><strong>per</strong></span> <span class='ocrx_word' id='word_1_50' title='bbox 1085 686 1262 721; x_wconf 88' lang='lat' dir='ltr'><strong>matrem</strong></span> <span class='ocrx_word' id='word_1_51' title='bbox 1291 686 1445 735; x_wconf 87' lang='lat' dir='ltr'><strong>tamen,</strong></span> <span class='ocrx_word' id='word_1_52' title='bbox 1477 680 1642 723; x_wconf 88' lang='lat' dir='ltr'><strong>homine</strong></span> <span class='ocrx_word' id='word_1_53' title='bbox 1672 680 1767 736; x_wconf 90' lang='lat' dir='ltr'><strong>(om.</strong></span> <span class='ocrx_word' id='word_1_54' title='bbox 1790 679 1893 723; x_wconf 83' lang='lat' dir='ltr'><strong>libri</strong></span> <span class='ocrx_word' id='word_1_55' title='bbox 1938 693 2049 721; x_wconf 90' lang='lat' dir='ltr'><strong>novo</strong></span> 
     </span>
     <span class='ocr_line' id='line_1_8' title="bbox 332 743 2050 805; baseline 0.001 -15"><span class='ocrx_word' id='word_1_56' title='bbox 332 750 502 804; x_wconf 85' lang='lat' dir='ltr'><strong>genitus</strong></span> <span class='ocrx_word' id='word_1_57' title='bbox 528 748 686 791; x_wconf 87' lang='lat' dir='ltr'><strong>Avidio</strong></span> <span class='ocrx_word' id='word_1_58' title='bbox 710 748 885 802; x_wconf 82' lang='lat' dir='ltr'><strong>Severo,</strong></span> <span class='ocrx_word' id='word_1_59' title='bbox 919 748 993 803; x_wconf 91' lang='lat' dir='ltr'><strong>qui</strong></span> <span class='ocrx_word' id='word_1_60' title='bbox 1025 747 1199 790; x_wconf 82' lang='lat' dir='ltr'><strong>ordines</strong></span> <span class='ocrx_word' id='word_1_61' title='bbox 1220 743 1404 790; x_wconf 89' lang='lat' dir='ltr'><strong>duxerat</strong></span> <span class='ocrx_word' id='word_1_62' title='bbox 1433 755 1476 790; x_wconf 85' lang='lat' dir='ltr'><strong>et</strong></span> <span class='ocrx_word' id='word_1_63' title='bbox 1504 755 1600 805; x_wconf 87' lang='lat' dir='ltr'><strong>post</strong></span> <span class='ocrx_word' id='word_1_64' title='bbox 1623 748 1679 791; x_wconf 88' lang='lat' dir='ltr'><strong>ad</strong></span> <span class='ocrx_word' id='word_1_65' title='bbox 1704 762 1891 791; x_wconf 89' lang='lat' dir='ltr'><strong>summas</strong></span> <span class='ocrx_word' id='word_1_66' title='bbox 1911 747 2050 803; x_wconf 87' lang='lat' dir='ltr'><strong>digni-</strong></span> 
     </span>
     <span class='ocr_line' id='line_1_9' title="bbox 332 815 2051 874; baseline 0 -14"><span class='ocrx_word' id='word_1_67' title='bbox 332 824 440 860; x_wconf 82' lang='lat' dir='ltr'><strong>tates</strong></span> <span class='ocrx_word' id='word_1_68' title='bbox 481 823 760 873; x_wconf 79' lang='lat' dir='ltr'><strong>pervenerat3</strong></span> <span class='ocrx_word' id='word_1_69' title='bbox 801 817 923 858; x_wconf 88' lang='lat' dir='ltr'><strong>cuius</strong></span> <span class='ocrx_word' id='word_1_70' title='bbox 965 815 1214 868; x_wconf 77' lang='lat' dir='ltr'><strong>Quadratus</strong></span> <span class='ocrx_word' id='word_1_71' title='bbox 1254 817 1300 859; x_wconf 92' lang='lat' dir='ltr'><strong>in</strong></span> <span class='ocrx_word' id='word_1_72' title='bbox 1339 816 1528 860; x_wconf 90' lang='lat' dir='ltr'><strong>historiis</strong></span> <span class='ocrx_word' id='word_1_73' title='bbox 1566 818 1764 860; x_wconf 91' lang='lat' dir='ltr'><strong>meminit</strong></span> <span class='ocrx_word' id='word_1_74' title='bbox 1802 823 1845 860; x_wconf 86' lang='lat' dir='ltr'><strong>et</strong></span> <span class='ocrx_word' id='word_1_75' title='bbox 1874 817 2051 874; x_wconf 89' lang='lat' dir='ltr'><strong>quidem</strong></span> 
     </span>
     <span class='ocr_line' id='line_1_10' title="bbox 332 883 2050 943; baseline 0.001 -17"><span class='ocrx_word' id='word_1_76' title='bbox 332 886 535 939; x_wconf 77' lang='lat' dir='ltr'><strong>graviter,</strong></span> <span class='ocrx_word' id='word_1_77' title='bbox 569 899 668 926; x_wconf 90' lang='lat' dir='ltr'><strong>cum</strong></span> <span class='ocrx_word' id='word_1_78' title='bbox 697 883 817 926; x_wconf 91' lang='lat' dir='ltr'><strong>illum</strong></span> <span class='ocrx_word' id='word_1_79' title='bbox 848 899 1063 926; x_wconf 91' lang='lat' dir='ltr'><strong>summum</strong></span> <span class='ocrx_word' id='word_1_80' title='bbox 1091 885 1234 927; x_wconf 79' lang='lat' dir='ltr'><strong>virum</strong></span> <span class='ocrx_word' id='word_1_81' title='bbox 1269 891 1312 928; x_wconf 87' lang='lat' dir='ltr'><strong>et</strong></span> <span class='ocrx_word' id='word_1_82' title='bbox 1340 887 1628 928; x_wconf 88' lang='lat' dir='ltr'><strong>necessarium</strong></span> <span class='ocrx_word' id='word_1_83' title='bbox 1658 886 1720 928; x_wconf 89' lang='lat' dir='ltr'><strong>rei</strong></span> <span class='ocrx_word' id='word_1_84' title='bbox 1750 885 1950 943; x_wconf 90' lang='lat' dir='ltr'><strong>publicae</strong></span> <span class='ocrx_word' id='word_1_85' title='bbox 1977 884 2050 927; x_wconf 86' lang='lat' dir='ltr'><strong>ad-</strong></span> 
     </span>
     <span class='ocr_line' id='line_1_11' title="bbox 332 952 2051 1010; baseline 0.001 -15"><span class='ocrx_word' id='word_1_86' title='bbox 332 954 435 996; x_wconf 87' lang='lat' dir='ltr'><strong>serit</strong></span> <span class='ocrx_word' id='word_1_87' title='bbox 464 959 507 995; x_wconf 92' lang='lat' dir='ltr'><strong>et</strong></span> <span class='ocrx_word' id='word_1_88' title='bbox 536 953 652 1009; x_wconf 89' lang='lat' dir='ltr'><strong>apud</strong></span> <span class='ocrx_word' id='word_1_89' title='bbox 691 954 833 1008; x_wconf 90' lang='lat' dir='ltr'><strong>ipsum</strong></span> <span class='ocrx_word' id='word_1_90' title='bbox 862 953 1056 995; x_wconf 90' lang='lat' dir='ltr'><strong>Marcum</strong></span> <span class='ocrx_word' id='word_1_91' title='bbox 1099 952 1419 1009; x_wconf 73' lang='lat' dir='ltr'><strong>praevalidumt,</strong></span> <span class='ocrx_word' id='word_1_92' title='bbox 1461 969 1559 996; x_wconf 89' lang='lat' dir='ltr'><strong>nam</strong></span> <span class='ocrx_word' id='word_1_93' title='bbox 1599 954 1685 996; x_wconf 90' lang='lat' dir='ltr'><strong>iam</strong></span> <span class='ocrx_word' id='word_1_94' title='bbox 1725 969 1772 996; x_wconf 93' lang='grc' dir='ltr'><strong>6ο</strong></span> <span class='ocrx_word' id='word_1_95' title='bbox 1813 954 2051 1010; x_wconf 86' lang='lat' dir='ltr'><strong>imperante</strong></span> 
     </span>
     <span class='ocr_line' id='line_1_12' title="bbox 332 1020 2049 1078; baseline 0.002 -16"><span class='ocrx_word' id='word_1_96' title='bbox 332 1022 494 1078; x_wconf 85' lang='lat' dir='ltr'><strong>perisse</strong></span> <span class='ocrx_word' id='word_1_97' title='bbox 534 1020 653 1063; x_wconf 87' lang='lat' dir='ltr'><strong>fatali</strong></span> <span class='ocrx_word' id='word_1_98' title='bbox 695 1027 809 1062; x_wconf 87' lang='lat' dir='ltr'><strong>sorte</strong></span> <span class='ocrx_word' id='word_1_99' title='bbox 838 1021 1103 1076; x_wconf 89' lang='lat' dir='ltr'><strong>perhibetur.</strong></span> <span class='ocrx_word' id='word_1_100' title='bbox 1161 1022 1282 1064; x_wconf 83' lang='lat' dir='ltr'><strong>Haec</strong></span> <span class='ocrx_word' id='word_1_101' title='bbox 1314 1023 1455 1064; x_wconf 90' lang='lat' dir='ltr'><strong>omnia</strong></span> <span class='ocrx_word' id='word_1_102' title='bbox 1482 1022 1647 1065; x_wconf 83' lang='lat' dir='ltr'><strong>nullam</strong></span> <span class='ocrx_word' id='word_1_103' title='bbox 1674 1025 1885 1065; x_wconf 88' lang='lat' dir='ltr'><strong>merentur</strong></span> <span class='ocrx_word' id='word_1_104' title='bbox 1913 1021 2049 1078; x_wconf 63' lang='grc' dir='ltr'><strong><em>Ιίᾶωη,</em></strong></span> 
     </span>
     <span class='ocr_line' id='line_1_13' title="bbox 331 1088 2050 1144; baseline 0.001 -13"><span class='ocrx_word' id='word_1_105' title='bbox 331 1091 482 1144; x_wconf 79' lang='lat' dir='ltr'><strong>quippe</strong></span> <span class='ocrx_word' id='word_1_106' title='bbox 511 1103 617 1144; x_wconf 76' lang='lat' dir='ltr'><strong>quae</strong></span> <span class='ocrx_word' id='word_1_107' title='bbox 658 1088 828 1131; x_wconf 84' lang='lat' dir='ltr'><strong>eundem</strong></span> <span class='ocrx_word' id='word_1_108' title='bbox 867 1089 1042 1143; x_wconf 90' lang='lat' dir='ltr'><strong>sapiant</strong></span> <span class='ocrx_word' id='word_1_109' title='bbox 1073 1089 1290 1140; x_wconf 76' lang='lat' dir='ltr'><strong>rhetorem,</strong></span> <span class='ocrx_word' id='word_1_110' title='bbox 1331 1090 1403 1144; x_wconf 77' lang='lat' dir='ltr'><strong>qui</strong></span> <span class='ocrx_word' id='word_1_111' title='bbox 1440 1093 1529 1133; x_wconf 90' lang='lat' dir='ltr'><strong>tota</strong></span> <span class='ocrx_word' id='word_1_112' title='bbox 1569 1090 1647 1133; x_wconf 83' lang='lat' dir='ltr'><strong>illa</strong></span> <span class='ocrx_word' id='word_1_113' title='bbox 1678 1091 1768 1133; x_wconf 82' lang='lat' dir='ltr'><strong>vita</strong></span> <span class='ocrx_word' id='word_1_114' title='bbox 1796 1089 2050 1141; x_wconf 83' lang='lat' dir='ltr'><strong>hariolatur,</strong></span> 
     </span>
    </p>
   </div>
   <div class='ocr_carea' id='block_1_4' title="bbox 330 1157 2135 1213">
    <p class='ocr_par' dir='ltr' id='par_1_5' title="bbox 330 1157 2135 1213">
     <span class='ocr_line' id='line_1_14' title="bbox 330 1157 2135 1213; baseline -0.002 -12"><span class='ocrx_word' id='word_1_115' title='bbox 330 1172 458 1212; x_wconf 78' lang='lat' dir='ltr'><strong>neque</strong></span> <span class='ocrx_word' id='word_1_116' title='bbox 487 1158 621 1212; x_wconf 73' lang='lat' dir='ltr'><strong>iyitur</strong></span> <span class='ocrx_word' id='word_1_117' title='bbox 653 1157 846 1201; x_wconf 78' lang='lat' dir='ltr'><strong>‘Severo&#39;</strong></span> <span class='ocrx_word' id='word_1_118' title='bbox 879 1158 926 1200; x_wconf 90' lang='lat' dir='ltr'><strong>in</strong></span> <span class='ocrx_word' id='word_1_119' title='bbox 959 1157 1119 1213; x_wconf 78' lang='lat' dir='ltr'><strong>‘Syro³,</strong></span> <span class='ocrx_word' id='word_1_120' title='bbox 1159 1161 1208 1200; x_wconf 90' lang='lat' dir='ltr'><strong>ut</strong></span> <span class='ocrx_word' id='word_1_121' title='bbox 1238 1159 1466 1212; x_wconf 76' lang='lat' dir='ltr'><strong>proposuit</strong></span> <span class='ocrx_word' id='word_1_122' title='bbox 1503 1158 1762 1213; x_wconf 81' lang='lat' dir='ltr'><strong>Hirschfeld,</strong></span> <span class='ocrx_word' id='word_1_123' title='bbox 1803 1157 2051 1201; x_wconf 82' lang='lat' dir='ltr'><strong>mutandum</strong></span> <span class='ocrx_word' id='word_1_124' title='bbox 2132 1195 2135 1197; x_wconf 88' lang='lat'><strong>.</strong></span> 
     </span>
    </p>
   </div>
   <div class='ocr_carea' id='block_1_5' title="bbox 248 1225 2076 3395">
    <p class='ocr_par' dir='ltr' id='par_1_6' title="bbox 329 1225 2052 1350">
     <span class='ocr_line' id='line_1_15' title="bbox 331 1225 2052 1283; baseline 0.001 -14"><span class='ocrx_word' id='word_1_125' title='bbox 331 1227 422 1276; x_wconf 87' lang='lat' dir='ltr'><strong>erit,</strong></span> <span class='ocrx_word' id='word_1_126' title='bbox 446 1240 498 1269; x_wconf 85' lang='lat' dir='ltr'><strong>ne</strong></span> <span class='ocrx_word' id='word_1_127' title='bbox 519 1226 782 1281; x_wconf 71' lang='lat' dir='ltr'><strong>eorriyamus</strong></span> <span class='ocrx_word' id='word_1_128' title='bbox 802 1228 1014 1269; x_wconf 77' lang='lat' dir='ltr'><strong>auctorem</strong></span> <span class='ocrx_word' id='word_1_129' title='bbox 1039 1226 1176 1281; x_wconf 86' lang='lat' dir='ltr'><strong>inepte</strong></span> <span class='ocrx_word' id='word_1_130' title='bbox 1197 1227 1364 1270; x_wconf 90' lang='lat' dir='ltr'><strong>omnino</strong></span> <span class='ocrx_word' id='word_1_131' title='bbox 1384 1227 1431 1270; x_wconf 92' lang='lat' dir='ltr'><strong>in</strong></span> <span class='ocrx_word' id='word_1_132' title='bbox 1459 1227 1699 1270; x_wconf 77' lang='lat' dir='ltr'><strong>nominibus</strong></span> <span class='ocrx_word' id='word_1_133' title='bbox 1719 1227 1914 1283; x_wconf 89' lang='lat' dir='ltr'><strong>propriis</strong></span> <span class='ocrx_word' id='word_1_134' title='bbox 1943 1225 2052 1270; x_wconf 83' lang='lat' dir='ltr'><strong>ludi-</strong></span> 
     </span>
     <span class='ocr_line' id='line_1_16' title="bbox 329 1295 538 1350; baseline 0 -13"><span class='ocrx_word' id='word_1_135' title='bbox 329 1295 538 1350; x_wconf 69' lang='lat' dir='ltr'><strong>ficantem</strong></span> 
     </span>
    </p>

    <p class='ocr_par' dir='ltr' id='par_1_7' title="bbox 248 1362 2056 1488">
     <span class='ocr_line' id='line_1_17' title="bbox 248 1362 2056 1419; baseline 0 -13"><span class='ocrx_word' id='word_1_136' title='bbox 248 1364 356 1406; x_wconf 87' lang='lat'>1169</span> <span class='ocrx_word' id='word_1_137' title='bbox 388 1370 428 1407; x_wconf 83' lang='lat' dir='ltr'><strong>C.</strong></span> <span class='ocrx_word' id='word_1_138' title='bbox 452 1369 655 1405; x_wconf 88' lang='lat' dir='ltr'><strong>AVIDIVS</strong></span> <span class='ocrx_word' id='word_1_139' title='bbox 677 1368 915 1405; x_wconf 84' lang='lat' dir='ltr'><strong>NIGRINVS</strong></span> <span class='ocrx_word' id='word_1_140' title='bbox 941 1365 1199 1405; x_wconf 87' lang='lat' dir='ltr'><strong>memoratur</strong></span> <span class='ocrx_word' id='word_1_141' title='bbox 1227 1363 1275 1406; x_wconf 91' lang='lat' dir='ltr'><strong>in</strong></span> <span class='ocrx_word' id='word_1_142' title='bbox 1299 1362 1421 1406; x_wconf 81' lang='lat' dir='ltr'><strong>titulo</strong></span> <span class='ocrx_word' id='word_1_143' title='bbox 1440 1363 1648 1418; x_wconf 62' lang='lat' dir='ltr'><strong>Dehahioo</strong></span> <span class='ocrx_word' id='word_1_144' title='bbox 1670 1363 1852 1419; x_wconf 74' lang='lat' dir='ltr'><strong>bilinqui</strong></span> <span class='ocrx_word' id='word_1_145' title='bbox 1872 1363 1962 1407; x_wconf 90' lang='lat' dir='ltr'><strong>III</strong></span> <span class='ocrx_word' id='word_1_146' title='bbox 1970 1365 2056 1407; x_wconf 80' lang='lat'><strong>567</strong></span> 
     </span>
     <span class='ocr_line' id='line_1_18' title="bbox 331 1430 1846 1488; baseline 0.001 -14"><span class='ocrx_word' id='word_1_147' title='bbox 331 1451 386 1466; x_wconf 84' lang='lat'>=</span> <span class='ocrx_word' id='word_1_148' title='bbox 414 1430 524 1474; x_wconf 74' lang='lat' dir='ltr'><strong>CIG</strong></span> <span class='ocrx_word' id='word_1_149' title='bbox 556 1434 662 1473; x_wconf 84' lang='lat'><strong><em>1711</em></strong></span> <span class='ocrx_word' id='word_1_150' title='bbox 691 1430 750 1486; x_wconf 87' lang='lat'><strong>(1)</strong></span> <span class='ocrx_word' id='word_1_151' title='bbox 781 1434 820 1473; x_wconf 83' lang='lat' dir='ltr'><strong>et</strong></span> <span class='ocrx_word' id='word_1_152' title='bbox 850 1431 895 1473; x_wconf 92' lang='lat' dir='ltr'><strong>in</strong></span> <span class='ocrx_word' id='word_1_153' title='bbox 925 1433 954 1473; x_wconf 88' lang='lat' dir='ltr'><strong>t.</strong></span> <span class='ocrx_word' id='word_1_154' title='bbox 986 1430 1128 1473; x_wconf 83' lang='lat' dir='ltr'><strong>liberti</strong></span> <span class='ocrx_word' id='word_1_155' title='bbox 1155 1431 1273 1486; x_wconf 76' lang='lat' dir='ltr'><strong>filiae</strong></span> <span class='ocrx_word' id='word_1_156' title='bbox 1301 1431 1350 1475; x_wconf 92' lang='lat' dir='ltr'><strong><em>X</em></strong></span> <span class='ocrx_word' id='word_1_157' title='bbox 1376 1434 1484 1474; x_wconf 82' lang='lat'><em>6706</em></span> <span class='ocrx_word' id='word_1_158' title='bbox 1514 1432 1577 1488; x_wconf 76' lang='lat'><strong>(2)</strong></span> <span class='ocrx_word' id='word_1_159' title='bbox 1607 1431 1846 1476; x_wconf 86' lang='lat' dir='ltr'><strong>Antiatino.</strong></span> 
     </span>
    </p>

    <p class='ocr_par' dir='ltr' id='par_1_8' title="bbox 330 1499 2054 1758">
     <span class='ocr_line' id='line_1_19' title="bbox 417 1499 2052 1554; baseline 0 -11"><span class='ocrx_word' id='word_1_160' title='bbox 417 1499 466 1543; x_wconf 88' lang='lat' dir='ltr'><strong>C.</strong></span> <span class='ocrx_word' id='word_1_161' title='bbox 487 1499 673 1542; x_wconf 89' lang='lat' dir='ltr'><strong>Avidius</strong></span> <span class='ocrx_word' id='word_1_162' title='bbox 693 1499 899 1554; x_wconf 84' lang='lat' dir='ltr'><strong>Nigrinus</strong></span> <span class='ocrx_word' id='word_1_163' title='bbox 927 1502 953 1543; x_wconf 92' lang='lat' dir='ltr'><strong>t.</strong></span> <span class='ocrx_word' id='word_1_164' title='bbox 975 1502 1013 1550; x_wconf 93' lang='lat'><strong>1,</strong></span> <span class='ocrx_word' id='word_1_165' title='bbox 1034 1499 1179 1542; x_wconf 82' lang='lat' dir='ltr'><strong>eadem</strong></span> <span class='ocrx_word' id='word_1_166' title='bbox 1196 1500 1371 1542; x_wconf 91' lang='lat' dir='ltr'><strong>nomina</strong></span> <span class='ocrx_word' id='word_1_167' title='bbox 1391 1500 1629 1554; x_wconf 81' lang='lat' dir='ltr'><strong>procedunt</strong></span> <span class='ocrx_word' id='word_1_168' title='bbox 1658 1515 1707 1543; x_wconf 76' lang='lat' dir='ltr'><strong>ex</strong></span> <span class='ocrx_word' id='word_1_169' title='bbox 1737 1504 1764 1543; x_wconf 90' lang='lat' dir='ltr'><strong>t.</strong></span> <span class='ocrx_word' id='word_1_170' title='bbox 1795 1504 1847 1544; x_wconf 79' lang='lat'><strong>2.-</strong></span> <span class='ocrx_word' id='word_1_171' title='bbox 1874 1499 1924 1545; x_wconf 89' lang='lat' dir='ltr'><strong>C.</strong></span> <span class='ocrx_word' id='word_1_172' title='bbox 1947 1500 2052 1543; x_wconf 81' lang='lat' dir='ltr'><strong>Avi-</strong></span> 
     </span>
     <span class='ocr_line' id='line_1_20' title="bbox 334 1567 2054 1624; baseline 0.001 -14"><span class='ocrx_word' id='word_1_173' title='bbox 334 1568 429 1610; x_wconf 88' lang='lat' dir='ltr'><strong>dius</strong></span> <span class='ocrx_word' id='word_1_174' title='bbox 460 1567 646 1610; x_wconf 89' lang='lat' dir='ltr'><strong>Avidiae</strong></span> <span class='ocrx_word' id='word_1_175' title='bbox 674 1567 871 1609; x_wconf 85' lang='lat' dir='ltr'><strong>Plautiae</strong></span> <span class='ocrx_word' id='word_1_176' title='bbox 897 1567 1070 1622; x_wconf 87' lang='lat' dir='ltr'><strong>Nigrini</strong></span> <span class='ocrx_word' id='word_1_177' title='bbox 1111 1567 1225 1610; x_wconf 88' lang='lat' dir='ltr'><strong>filiae</strong></span> <span class='ocrx_word' id='word_1_178' title='bbox 1263 1567 1465 1624; x_wconf 84' lang='lat' dir='ltr'><strong>libertus,</strong></span> <span class='ocrx_word' id='word_1_179' title='bbox 1506 1582 1598 1611; x_wconf 83' lang='lat' dir='ltr'><strong>eum</strong></span> <span class='ocrx_word' id='word_1_180' title='bbox 1626 1572 1771 1611; x_wconf 84' lang='lat' dir='ltr'><strong>notum</strong></span> <span class='ocrx_word' id='word_1_181' title='bbox 1799 1570 1856 1611; x_wconf 87' lang='lat' dir='ltr'><strong>sit</strong></span> <span class='ocrx_word' id='word_1_182' title='bbox 1884 1568 2054 1612; x_wconf 83' lang='lat' dir='ltr'><strong>libertos</strong></span> 
     </span>
     <span class='ocr_line' id='line_1_21' title="bbox 330 1636 2052 1692; baseline 0.001 -14"><span class='ocrx_word' id='word_1_183' title='bbox 330 1636 520 1678; x_wconf 82' lang='lat' dir='ltr'><strong>mulieris</strong></span> <span class='ocrx_word' id='word_1_184' title='bbox 558 1636 781 1690; x_wconf 82' lang='lat' dir='ltr'><strong>sumpsisse</strong></span> <span class='ocrx_word' id='word_1_185' title='bbox 812 1636 958 1690; x_wconf 88' lang='lat' dir='ltr'><strong>patris</strong></span> <span class='ocrx_word' id='word_1_186' title='bbox 985 1639 1201 1690; x_wconf 89' lang='lat' dir='ltr'><strong>patronae</strong></span> <span class='ocrx_word' id='word_1_187' title='bbox 1229 1651 1378 1679; x_wconf 87' lang='lat' dir='ltr'><strong>nomen</strong></span> <span class='ocrx_word' id='word_1_188' title='bbox 1412 1637 1673 1692; x_wconf 63' lang='lat' dir='ltr'><strong>gentilicium</strong></span> <span class='ocrx_word' id='word_1_189' title='bbox 1703 1640 1742 1680; x_wconf 89' lang='lat' dir='ltr'><strong>et</strong></span> <span class='ocrx_word' id='word_1_190' title='bbox 1771 1650 2052 1692; x_wconf 88' lang='lat' dir='ltr'><strong>praenomen;</strong></span> 
     </span>
     <span class='ocr_line' id='line_1_22' title="bbox 332 1703 1589 1758; baseline 0.001 -12"><span class='ocrx_word' id='word_1_191' title='bbox 332 1703 518 1746; x_wconf 87' lang='lat' dir='ltr'><strong>Avidius</strong></span> <span class='ocrx_word' id='word_1_192' title='bbox 548 1703 756 1758; x_wconf 88' lang='lat' dir='ltr'><strong>Nigrinus</strong></span> <span class='ocrx_word' id='word_1_193' title='bbox 787 1703 987 1755; x_wconf 82' lang='lat' dir='ltr'><strong>Plinius;</strong></span> <span class='ocrx_word' id='word_1_194' title='bbox 1016 1703 1225 1758; x_wconf 86' lang='lat' dir='ltr'><strong>Nigrinus</strong></span> <span class='ocrx_word' id='word_1_195' title='bbox 1254 1705 1325 1746; x_wconf 83' lang='lat' dir='ltr'><strong>vit.</strong></span> <span class='ocrx_word' id='word_1_196' title='bbox 1357 1704 1589 1749; x_wconf 85' lang='lat' dir='ltr'><strong>Hadriani.</strong></span> 
     </span>
    </p>

    <p class='ocr_par' dir='ltr' id='par_1_9' title="bbox 329 1771 2055 2852">
     <span class='ocr_line' id='line_1_23' title="bbox 419 1771 2054 1830; baseline 0.001 -16"><span class='ocrx_word' id='word_1_197' title='bbox 419 1772 616 1828; x_wconf 89' lang='lat' dir='ltr'><strong>Epistula</strong></span> <span class='ocrx_word' id='word_1_198' title='bbox 637 1772 875 1814; x_wconf 90' lang='lat' dir='ltr'><strong>Domitiani</strong></span> <span class='ocrx_word' id='word_1_199' title='bbox 902 1771 956 1814; x_wconf 88' lang='lat' dir='ltr'><strong>ad</strong></span> <span class='ocrx_word' id='word_1_200' title='bbox 978 1772 1187 1815; x_wconf 91' lang='lat' dir='ltr'><strong>Avidium</strong></span> <span class='ocrx_word' id='word_1_201' title='bbox 1207 1773 1438 1828; x_wconf 84' lang='lat' dir='ltr'><strong>Nigrinum</strong></span> <span class='ocrx_word' id='word_1_202' title='bbox 1468 1773 1769 1830; x_wconf 83' lang='lat' dir='ltr'><strong>proconsulem</strong></span> <span class='ocrx_word' id='word_1_203' title='bbox 1798 1776 2054 1816; x_wconf 83' lang='lat' dir='ltr'><strong>memoratur</strong></span> 
     </span>
     <span class='ocr_line' id='line_1_24' title="bbox 330 1840 2055 1896; baseline 0.001 -14"><span class='ocrx_word' id='word_1_204' title='bbox 330 1840 447 1882; x_wconf 75' lang='lat' dir='ltr'><strong>Ptin.</strong></span> <span class='ocrx_word' id='word_1_205' title='bbox 479 1840 598 1895; x_wconf 88' lang='lat' dir='ltr'><strong>epist.</strong></span> <span class='ocrx_word' id='word_1_206' title='bbox 630 1840 688 1882; x_wconf 83' lang='lat' dir='ltr'><strong>ad</strong></span> <span class='ocrx_word' id='word_1_207' title='bbox 721 1840 898 1885; x_wconf 83' lang='lat' dir='ltr'><strong>Traian.</strong></span> <span class='ocrx_word' id='word_1_208' title='bbox 928 1843 993 1883; x_wconf 87' lang='lat'><strong>65.</strong></span> <span class='ocrx_word' id='word_1_209' title='bbox 1024 1844 1088 1891; x_wconf 87' lang='lat'><strong>66,</strong></span> <span class='ocrx_word' id='word_1_210' title='bbox 1124 1841 1200 1883; x_wconf 83' lang='lat' dir='ltr'><strong>ubi</strong></span> <span class='ocrx_word' id='word_1_211' title='bbox 1233 1855 1284 1883; x_wconf 75' lang='lat' dir='ltr'><strong>ex</strong></span> <span class='ocrx_word' id='word_1_212' title='bbox 1313 1845 1505 1884; x_wconf 72' lang='lat' dir='ltr'><strong>contextu</strong></span> <span class='ocrx_word' id='word_1_213' title='bbox 1532 1843 1624 1884; x_wconf 82' lang='lat' dir='ltr'><strong>veri</strong></span> <span class='ocrx_word' id='word_1_214' title='bbox 1649 1842 1784 1885; x_wconf 83' lang='lat' dir='ltr'><strong>simile</strong></span> <span class='ocrx_word' id='word_1_215' title='bbox 1815 1845 1875 1884; x_wconf 86' lang='lat' dir='ltr'><strong>est</strong></span> <span class='ocrx_word' id='word_1_216' title='bbox 1905 1841 2055 1896; x_wconf 74' lang='lat' dir='ltr'><strong>Niyri-</strong></span> 
     </span>
     <span class='ocr_line' id='line_1_25' title="bbox 329 1909 2052 1965; baseline 0.001 -15"><span class='ocrx_word' id='word_1_217' title='bbox 329 1922 430 1950; x_wconf 90' lang='lat' dir='ltr'><strong>num</strong></span> <span class='ocrx_word' id='word_1_218' title='bbox 460 1909 703 1963; x_wconf 82' lang='lat' dir='ltr'><strong>praefuisse</strong></span> <span class='ocrx_word' id='word_1_219' title='bbox 731 1909 982 1963; x_wconf 82' lang='lat' dir='ltr'><strong>provinciae</strong></span> <span class='ocrx_word' id='word_1_220' title='bbox 1022 1909 1153 1951; x_wconf 79' lang='lat' dir='ltr'><strong>alicui</strong></span> <span class='ocrx_word' id='word_1_221' title='bbox 1193 1910 1410 1952; x_wconf 83' lang='lat' dir='ltr'><strong>orientalis</strong></span> <span class='ocrx_word' id='word_1_222' title='bbox 1447 1911 1592 1964; x_wconf 91' lang='lat' dir='ltr'><strong>partis</strong></span> <span class='ocrx_word' id='word_1_223' title='bbox 1638 1911 1827 1965; x_wconf 89' lang='lat' dir='ltr'><strong>imperii,</strong></span> <span class='ocrx_word' id='word_1_224' title='bbox 1869 1911 2052 1964; x_wconf 81' lang='lat' dir='ltr'><strong>fortasse</strong></span> 
     </span>
     <span class='ocr_line' id='line_1_26' title="bbox 331 1977 2053 2034; baseline 0.001 -15"><span class='ocrx_word' id='word_1_225' title='bbox 331 1977 536 2019; x_wconf 81' lang='lat' dir='ltr'><strong>Achaiae.</strong></span> <span class='ocrx_word' id='word_1_226' title='bbox 597 1977 788 2032; x_wconf 88' lang='lat' dir='ltr'><strong>Legatus</strong></span> <span class='ocrx_word' id='word_1_227' title='bbox 818 1977 1006 2031; x_wconf 87' lang='lat' dir='ltr'><strong>Augusti</strong></span> <span class='ocrx_word' id='word_1_228' title='bbox 1038 1992 1115 2033; x_wconf 90' lang='lat' dir='ltr'><strong>pro</strong></span> <span class='ocrx_word' id='word_1_229' title='bbox 1149 1993 1214 2034; x_wconf 87' lang='lat' dir='ltr'><strong>pr.</strong></span> <span class='ocrx_word' id='word_1_230' title='bbox 1246 1981 1274 2021; x_wconf 93' lang='lat' dir='ltr'><strong>t.</strong></span> <span class='ocrx_word' id='word_1_231' title='bbox 1301 1982 1340 2029; x_wconf 92' lang='lat'><strong>1,</strong></span> <span class='ocrx_word' id='word_1_232' title='bbox 1378 1979 1452 2032; x_wconf 80' lang='lat' dir='ltr'><strong>qui</strong></span> <span class='ocrx_word' id='word_1_233' title='bbox 1478 1979 1705 2021; x_wconf 86' lang='lat' dir='ltr'><strong>sententias</strong></span> <span class='ocrx_word' id='word_1_234' title='bbox 1735 1978 1843 2020; x_wconf 81' lang='lat' dir='ltr'><strong>duas</strong></span> <span class='ocrx_word' id='word_1_235' title='bbox 1871 1979 2053 2021; x_wconf 82' lang='lat' dir='ltr'><strong>eontinet</strong></span> 
     </span>
     <span class='ocr_line' id='line_1_27' title="bbox 330 2046 2050 2103; baseline 0.001 -17"><span class='ocrx_word' id='word_1_236' title='bbox 330 2059 508 2099; x_wconf 80' lang='lat' dir='ltr'><strong>quarum</strong></span> <span class='ocrx_word' id='word_1_237' title='bbox 536 2059 666 2087; x_wconf 86' lang='lat' dir='ltr'><strong>unam</strong></span> <span class='ocrx_word' id='word_1_238' title='bbox 694 2046 902 2100; x_wconf 86' lang='lat' dir='ltr'><strong>Nigrinus</strong></span> <span class='ocrx_word' id='word_1_239' title='bbox 943 2060 998 2087; x_wconf 85' lang='lat' dir='ltr'><strong>ex</strong></span> <span class='ocrx_word' id='word_1_240' title='bbox 1036 2047 1156 2088; x_wconf 89' lang='lat' dir='ltr'><strong>iussu</strong></span> <span class='ocrx_word' id='word_1_241' title='bbox 1186 2047 1333 2102; x_wconf 91' lang='lat' dir='ltr'><strong>optimi</strong></span> <span class='ocrx_word' id='word_1_242' title='bbox 1372 2047 1580 2103; x_wconf 88' lang='lat' dir='ltr'><strong>principis</strong></span> <span class='ocrx_word' id='word_1_243' title='bbox 1611 2046 1665 2089; x_wconf 88' lang='lat' dir='ltr'><strong>de</strong></span> <span class='ocrx_word' id='word_1_244' title='bbox 1704 2046 1854 2088; x_wconf 88' lang='lat' dir='ltr'><strong>finium</strong></span> <span class='ocrx_word' id='word_1_245' title='bbox 1884 2052 2050 2089; x_wconf 89' lang='lat' dir='ltr'><strong>contro-</strong></span> 
     </span>
     <span class='ocr_line' id='line_1_28' title="bbox 331 2104 2049 2170; baseline 0.001 -15"><span class='ocrx_word' id='word_1_246' title='bbox 331 2115 484 2156; x_wconf 85' lang='lat' dir='ltr'><strong>versiis</strong></span> <span class='ocrx_word' id='word_1_247' title='bbox 514 2115 627 2155; x_wconf 86' lang='lat' dir='ltr'><strong>inter</strong></span> <span class='ocrx_word' id='word_1_248' title='bbox 646 2113 840 2169; x_wconf 89' lang='lat' dir='ltr'><strong>Delphos</strong></span> <span class='ocrx_word' id='word_1_249' title='bbox 871 2120 913 2155; x_wconf 88' lang='lat' dir='ltr'><strong>et</strong></span> <span class='ocrx_word' id='word_1_250' title='bbox 936 2113 1245 2170; x_wconf 84' lang='lat' dir='ltr'><strong>Anticyrenses</strong></span> <span class='ocrx_word' id='word_1_251' title='bbox 1274 2114 1479 2157; x_wconf 90' lang='lat' dir='ltr'><strong>finitimos</strong></span> <span class='ocrx_word' id='word_1_252' title='bbox 1497 2115 1562 2157; x_wconf 94' lang='lat' dir='ltr'><strong>VI</strong></span> <span class='ocrx_word' id='word_1_253' title='bbox 1590 2114 1687 2157; x_wconf 90' lang='lat' dir='ltr'><strong>idus</strong></span> <span class='ocrx_word' id='word_1_254' title='bbox 1717 2114 1892 2158; x_wconf 86' lang='lat' dir='ltr'><strong>Octobr.</strong></span> <span class='ocrx_word' id='word_1_255' title='bbox 1923 2104 2049 2157; x_wconf 84' lang='lat' dir='ltr'><strong>Eleu-</strong></span> 
     </span>
     <span class='ocr_line' id='line_1_29' title="bbox 331 2181 2052 2240; baseline 0.001 -17"><span class='ocrx_word' id='word_1_256' title='bbox 331 2183 423 2223; x_wconf 88' lang='lat' dir='ltr'><strong>sine</strong></span> <span class='ocrx_word' id='word_1_257' title='bbox 453 2181 585 2224; x_wconf 91' lang='lat' dir='ltr'><strong>latine</strong></span> <span class='ocrx_word' id='word_1_258' title='bbox 615 2181 730 2234; x_wconf 87' lang='lat' dir='ltr'><strong>tulit,</strong></span> <span class='ocrx_word' id='word_1_259' title='bbox 765 2182 944 2224; x_wconf 80' lang='lat' dir='ltr'><strong>alteram</strong></span> <span class='ocrx_word' id='word_1_260' title='bbox 971 2196 1121 2237; x_wconf 74' lang='lat' dir='ltr'><strong>yraeee</strong></span> <span class='ocrx_word' id='word_1_261' title='bbox 1150 2182 1264 2239; x_wconf 85' lang='grc' dir='ltr'><strong>πρ(ὸ)</strong></span> <span class='ocrx_word' id='word_1_262' title='bbox 1295 2181 1319 2226; x_wconf 84' lang='grc' dir='ltr'><strong>ι’</strong></span> <span class='ocrx_word' id='word_1_263' title='bbox 1349 2181 1451 2226; x_wconf 87' lang='grc' dir='ltr'><strong>Καλ.</strong></span> <span class='ocrx_word' id='word_1_264' title='bbox 1484 2182 1680 2240; x_wconf 84' lang='grc' dir='ltr'><strong>Ὀκτωβρ.</strong></span> <span class='ocrx_word' id='word_1_265' title='bbox 1711 2182 1765 2225; x_wconf 89' lang='lat' dir='ltr'><strong>de</strong></span> <span class='ocrx_word' id='word_1_266' title='bbox 1794 2181 1978 2238; x_wconf 89' lang='lat' dir='ltr'><strong>Delphis</strong></span> <span class='ocrx_word' id='word_1_267' title='bbox 2008 2188 2052 2225; x_wconf 87' lang='lat' dir='ltr'><strong>et</strong></span> 
     </span>
     <span class='ocr_line' id='line_1_30' title="bbox 332 2249 2052 2306; baseline 0.001 -15"><span class='ocrx_word' id='word_1_268' title='bbox 332 2249 737 2306; x_wconf 81' lang='lat' dir='ltr'><strong>Amphissensibus3</strong></span> <span class='ocrx_word' id='word_1_269' title='bbox 775 2249 936 2293; x_wconf 78' lang='lat' dir='ltr'><strong>decreto</strong></span> <span class='ocrx_word' id='word_1_270' title='bbox 976 2250 1109 2293; x_wconf 83' lang='lat' dir='ltr'><strong>latino</strong></span> <span class='ocrx_word' id='word_1_271' title='bbox 1139 2251 1416 2305; x_wconf 78' lang='lat' dir='ltr'><strong>praescripta</strong></span> <span class='ocrx_word' id='word_1_272' title='bbox 1454 2254 1551 2293; x_wconf 86' lang='lat' dir='ltr'><strong>sunt</strong></span> <span class='ocrx_word' id='word_1_273' title='bbox 1587 2251 1762 2294; x_wconf 91' lang='lat' dir='ltr'><strong>nomina</strong></span> <span class='ocrx_word' id='word_1_274' title='bbox 1794 2251 1922 2306; x_wconf 71' lang='lat' dir='ltr'><strong>leyati</strong></span> <span class='ocrx_word' id='word_1_275' title='bbox 1950 2264 2052 2293; x_wconf 78' lang='lat' dir='ltr'><strong>casu</strong></span> 
     </span>
     <span class='ocr_line' id='line_1_31' title="bbox 330 2318 2051 2374; baseline 0.001 -14"><span class='ocrx_word' id='word_1_276' title='bbox 330 2322 457 2363; x_wconf 76' lang='lat' dir='ltr'><strong>sexto.</strong></span> <span class='ocrx_word' id='word_1_277' title='bbox 485 2319 601 2372; x_wconf 72' lang='lat' dir='ltr'><strong>Quas</strong></span> <span class='ocrx_word' id='word_1_278' title='bbox 615 2319 842 2361; x_wconf 87' lang='lat' dir='ltr'><strong>sententias</strong></span> <span class='ocrx_word' id='word_1_279' title='bbox 858 2333 937 2372; x_wconf 83' lang='lat' dir='ltr'><strong>quo</strong></span> <span class='ocrx_word' id='word_1_280' title='bbox 954 2319 1046 2361; x_wconf 91' lang='lat' dir='ltr'><strong>iure</strong></span> <span class='ocrx_word' id='word_1_281' title='bbox 1064 2318 1218 2369; x_wconf 85' lang='lat' dir='ltr'><strong>tulerit,</strong></span> <span class='ocrx_word' id='word_1_282' title='bbox 1233 2333 1394 2373; x_wconf 89' lang='lat' dir='ltr'><strong>parum</strong></span> <span class='ocrx_word' id='word_1_283' title='bbox 1410 2319 1559 2373; x_wconf 77' lang='lat' dir='ltr'><strong>liquet,·</strong></span> <span class='ocrx_word' id='word_1_284' title='bbox 1577 2319 1748 2362; x_wconf 87' lang='lat' dir='ltr'><strong>missum</strong></span> <span class='ocrx_word' id='word_1_285' title='bbox 1764 2332 1849 2362; x_wconf 86' lang='lat' dir='ltr'><strong>esse</strong></span> <span class='ocrx_word' id='word_1_286' title='bbox 1870 2319 2051 2374; x_wconf 77' lang='lat' dir='ltr'><strong>leqatum</strong></span> 
     </span>
     <span class='ocr_line' id='line_1_32' title="bbox 331 2386 2052 2442; baseline 0 -12"><span class='ocrx_word' id='word_1_287' title='bbox 331 2390 375 2430; x_wconf 92' lang='lat' dir='ltr'><strong>in</strong></span> <span class='ocrx_word' id='word_1_288' title='bbox 395 2387 607 2429; x_wconf 78' lang='lat' dir='ltr'><strong>Achaiam</strong></span> <span class='ocrx_word' id='word_1_289' title='bbox 629 2386 686 2428; x_wconf 83' lang='lat' dir='ltr'><strong>ad</strong></span> <span class='ocrx_word' id='word_1_290' title='bbox 706 2387 987 2429; x_wconf 76' lang='lat' dir='ltr'><strong>ordinandum</strong></span> <span class='ocrx_word' id='word_1_291' title='bbox 1015 2387 1078 2429; x_wconf 79' lang='lat' dir='ltr'><strong>vel</strong></span> <span class='ocrx_word' id='word_1_292' title='bbox 1109 2387 1402 2441; x_wconf 71' lang='lat' dir='ltr'><strong>eorriyendum</strong></span> <span class='ocrx_word' id='word_1_293' title='bbox 1431 2390 1588 2430; x_wconf 86' lang='lat' dir='ltr'><strong>statum</strong></span> <span class='ocrx_word' id='word_1_294' title='bbox 1615 2401 1757 2430; x_wconf 88' lang='lat' dir='ltr'><strong>rerum</strong></span> <span class='ocrx_word' id='word_1_295' title='bbox 1778 2387 2052 2442; x_wconf 80' lang='lat' dir='ltr'><strong>publicarum</strong></span> 
     </span>
     <span class='ocr_line' id='line_1_33' title="bbox 332 2454 2052 2510; baseline 0 -12"><span class='ocrx_word' id='word_1_296' title='bbox 332 2457 506 2498; x_wconf 79' lang='lat' dir='ltr'><strong>coniecit</strong></span> <span class='ocrx_word' id='word_1_297' title='bbox 522 2456 758 2498; x_wconf 88' lang='lat' dir='ltr'><strong>Mommsen</strong></span> <span class='ocrx_word' id='word_1_298' title='bbox 780 2454 879 2498; x_wconf 90' lang='lat' dir='ltr'><strong>CIL</strong></span> <span class='ocrx_word' id='word_1_299' title='bbox 899 2455 988 2497; x_wconf 91' lang='lat' dir='ltr'><strong>III</strong></span> <span class='ocrx_word' id='word_1_300' title='bbox 991 2470 1039 2510; x_wconf 91' lang='lat' dir='ltr'><strong>p.</strong></span> <span class='ocrx_word' id='word_1_301' title='bbox 1058 2459 1151 2499; x_wconf 83' lang='lat'><strong><em>107.</em></strong></span> <span class='ocrx_word' id='word_1_302' title='bbox 1185 2454 1434 2498; x_wconf 84' lang='lat' dir='ltr'><strong>Consularis</strong></span> <span class='ocrx_word' id='word_1_303' title='bbox 1453 2456 1524 2499; x_wconf 80' lang='lat' dir='ltr'><strong>vit.</strong></span> <span class='ocrx_word' id='word_1_304' title='bbox 1545 2455 1768 2498; x_wconf 82' lang='lat' dir='ltr'><strong>Hadriani</strong></span> <span class='ocrx_word' id='word_1_305' title='bbox 1787 2459 1824 2506; x_wconf 82' lang='lat'><strong>7,</strong></span> <span class='ocrx_word' id='word_1_306' title='bbox 1845 2459 1885 2507; x_wconf 88' lang='grc'><strong>3,</strong></span> <span class='ocrx_word' id='word_1_307' title='bbox 1909 2455 2052 2498; x_wconf 85' lang='lat' dir='ltr'><strong>consul</strong></span> 
     </span>
     <span class='ocr_line' id='line_1_34' title="bbox 331 2523 2051 2579; baseline -0.001 -13"><span class='ocrx_word' id='word_1_308' title='bbox 331 2523 530 2576; x_wconf 78' lang='lat' dir='ltr'><strong>suffectus</strong></span> <span class='ocrx_word' id='word_1_309' title='bbox 559 2524 690 2578; x_wconf 64' lang='lat' dir='ltr'><strong>igitur</strong></span> <span class='ocrx_word' id='word_1_310' title='bbox 721 2537 832 2565; x_wconf 89' lang='lat' dir='ltr'><strong>anno</strong></span> <span class='ocrx_word' id='word_1_311' title='bbox 862 2524 1019 2565; x_wconf 79' lang='lat' dir='ltr'><strong>incerto</strong></span> <span class='ocrx_word' id='word_1_312' title='bbox 1048 2523 1208 2565; x_wconf 83' lang='lat' dir='ltr'><strong>saeculi</strong></span> <span class='ocrx_word' id='word_1_313' title='bbox 1226 2524 1260 2566; x_wconf 92' lang='lat' dir='ltr'><strong><em>I</em></strong></span> <span class='ocrx_word' id='word_1_314' title='bbox 1273 2524 1461 2566; x_wconf 75' lang='lat' dir='ltr'><strong>exeuntis</strong></span> <span class='ocrx_word' id='word_1_315' title='bbox 1480 2523 1543 2566; x_wconf 84' lang='lat' dir='ltr'><strong>vel</strong></span> <span class='ocrx_word' id='word_1_316' title='bbox 1565 2524 1626 2566; x_wconf 93' lang='lat' dir='ltr'><strong>II</strong></span> <span class='ocrx_word' id='word_1_317' title='bbox 1637 2524 1833 2566; x_wconf 84' lang='lat' dir='ltr'><strong>ineuntis.</strong></span> <span class='ocrx_word' id='word_1_318' title='bbox 1878 2523 2051 2579; x_wconf 88' lang='lat' dir='ltr'><strong>Nigrini</strong></span> 
     </span>
     <span class='ocr_line' id='line_1_35' title="bbox 333 2590 2053 2647; baseline 0.001 -14"><span class='ocrx_word' id='word_1_319' title='bbox 333 2592 521 2645; x_wconf 85' lang='lat' dir='ltr'><strong>insidias,</strong></span> <span class='ocrx_word' id='word_1_320' title='bbox 552 2606 658 2647; x_wconf 87' lang='lat' dir='ltr'><strong>quas</strong></span> <span class='ocrx_word' id='word_1_321' title='bbox 689 2591 760 2632; x_wconf 84' lang='lat' dir='ltr'><strong>ille</strong></span> <span class='ocrx_word' id='word_1_322' title='bbox 791 2592 1047 2634; x_wconf 88' lang='lat' dir='ltr'><strong>sacrificanti</strong></span> <span class='ocrx_word' id='word_1_323' title='bbox 1077 2591 1302 2634; x_wconf 86' lang='lat' dir='ltr'><strong>Hadriano</strong></span> <span class='ocrx_word' id='word_1_324' title='bbox 1333 2592 1502 2633; x_wconf 89' lang='lat' dir='ltr'><strong>conscio</strong></span> <span class='ocrx_word' id='word_1_325' title='bbox 1533 2592 1617 2634; x_wconf 87' lang='lat' dir='ltr'><strong>sibi</strong></span> <span class='ocrx_word' id='word_1_326' title='bbox 1640 2592 1772 2634; x_wconf 92' lang='lat' dir='ltr'><strong>Lusio</strong></span> <span class='ocrx_word' id='word_1_327' title='bbox 1794 2590 1987 2646; x_wconf 76' lang='lat' dir='ltr'><strong>(Quieto)</strong></span> <span class='ocrx_word' id='word_1_328' title='bbox 2010 2598 2053 2634; x_wconf 88' lang='lat' dir='ltr'><strong>ct</strong></span> 
     </span>
     <span class='ocr_line' id='line_1_36' title="bbox 331 2659 2052 2715; baseline 0.001 -14"><span class='ocrx_word' id='word_1_329' title='bbox 331 2659 477 2701; x_wconf 87' lang='lat' dir='ltr'><strong>multis</strong></span> <span class='ocrx_word' id='word_1_330' title='bbox 517 2659 612 2701; x_wconf 89' lang='lat' dir='ltr'><strong>aliis</strong></span> <span class='ocrx_word' id='word_1_331' title='bbox 653 2666 905 2715; x_wconf 84' lang='lat' dir='ltr'><strong>paraverat,</strong></span> <span class='ocrx_word' id='word_1_332' title='bbox 947 2675 1045 2702; x_wconf 92' lang='lat' dir='ltr'><strong>cum</strong></span> <span class='ocrx_word' id='word_1_333' title='bbox 1084 2660 1212 2702; x_wconf 88' lang='lat' dir='ltr'><strong>etiam</strong></span> <span class='ocrx_word' id='word_1_334' title='bbox 1252 2674 1543 2702; x_wconf 88' lang='lat' dir='ltr'><strong>successorem</strong></span> <span class='ocrx_word' id='word_1_335' title='bbox 1586 2659 1837 2702; x_wconf 83' lang='lat' dir='ltr'><strong>Hadrianus</strong></span> <span class='ocrx_word' id='word_1_336' title='bbox 1881 2659 2052 2703; x_wconf 85' lang='lat' dir='ltr'><strong>sibimet</strong></span> 
     </span>
     <span class='ocr_line' id='line_1_37' title="bbox 339 2728 2053 2784; baseline 0.001 -14"><span class='ocrx_word' id='word_1_337' title='bbox 339 2728 604 2782; x_wconf 84' lang='lat' dir='ltr'><strong>destinasset,</strong></span> <span class='ocrx_word' id='word_1_338' title='bbox 637 2728 795 2781; x_wconf 80' lang='lat' dir='ltr'><strong>evasit3</strong></span> <span class='ocrx_word' id='word_1_339' title='bbox 828 2742 962 2784; x_wconf 87' lang='lat' dir='ltr'><strong>quare</strong></span> <span class='ocrx_word' id='word_1_340' title='bbox 983 2753 1036 2758; x_wconf 95' lang='lat'><strong>—-</strong></span> <span class='ocrx_word' id='word_1_341' title='bbox 1060 2753 1111 2758; x_wconf 90' lang='lat'>-</span> <span class='ocrx_word' id='word_1_342' title='bbox 1131 2728 1339 2783; x_wconf 86' lang='lat' dir='ltr'><strong>Nigrinus</strong></span> <span class='ocrx_word' id='word_1_343' title='bbox 1369 2728 1606 2771; x_wconf 87' lang='lat' dir='ltr'><strong>Faventiae</strong></span> <span class='ocrx_word' id='word_1_344' title='bbox 1637 2753 1687 2758; x_wconf 80' lang='lat'><strong>—</strong></span> <span class='ocrx_word' id='word_1_345' title='bbox 1709 2752 1766 2758; x_wconf 91' lang='lat'>—</span> <span class='ocrx_word' id='word_1_346' title='bbox 1794 2729 1924 2770; x_wconf 88' lang='lat' dir='ltr'><strong>occisi</strong></span> <span class='ocrx_word' id='word_1_347' title='bbox 1953 2735 2053 2772; x_wconf 88' lang='lat' dir='ltr'><strong>sunt</strong></span> 
     </span>
     <span class='ocr_line' id='line_1_38' title="bbox 335 2795 909 2852; baseline 0.002 -14"><span class='ocrx_word' id='word_1_348' title='bbox 335 2797 462 2852; x_wconf 89' lang='lat' dir='ltr'><strong>(anno</strong></span> <span class='ocrx_word' id='word_1_349' title='bbox 491 2795 588 2849; x_wconf 88' lang='grc'><strong>118)</strong></span> <span class='ocrx_word' id='word_1_350' title='bbox 618 2796 703 2838; x_wconf 80' lang='lat' dir='ltr'><strong>ibd.</strong></span> <span class='ocrx_word' id='word_1_351' title='bbox 736 2799 774 2846; x_wconf 81' lang='lat'><strong>7,</strong></span> <span class='ocrx_word' id='word_1_352' title='bbox 805 2800 909 2839; x_wconf 77' lang='grc'><strong>1-2.</strong></span> 
     </span>
    </p>

    <p class='ocr_par' dir='ltr' id='par_1_10' title="bbox 331 2863 2076 3395">
     <span class='ocr_line' id='line_1_39' title="bbox 420 2863 2053 2919; baseline 0.002 -14"><span class='ocrx_word' id='word_1_353' title='bbox 420 2864 507 2918; x_wconf 86' lang='lat' dir='ltr'><strong>(L.)</strong></span> <span class='ocrx_word' id='word_1_354' title='bbox 539 2863 742 2906; x_wconf 87' lang='lat' dir='ltr'><strong>Ceionius</strong></span> <span class='ocrx_word' id='word_1_355' title='bbox 773 2863 1034 2907; x_wconf 90' lang='lat' dir='ltr'><strong>Commodus</strong></span> <span class='ocrx_word' id='word_1_356' title='bbox 1066 2865 1155 2919; x_wconf 81' lang='lat' dir='ltr'><strong>(qui</strong></span> <span class='ocrx_word' id='word_1_357' title='bbox 1175 2867 1327 2919; x_wconf 87' lang='lat' dir='ltr'><strong>postea</strong></span> <span class='ocrx_word' id='word_1_358' title='bbox 1350 2865 1402 2907; x_wconf 92' lang='lat' dir='ltr'><strong>L.</strong></span> <span class='ocrx_word' id='word_1_359' title='bbox 1422 2863 1572 2907; x_wconf 85' lang='lat' dir='ltr'><strong>Aelius</strong></span> <span class='ocrx_word' id='word_1_360' title='bbox 1598 2863 1760 2907; x_wconf 87' lang='lat' dir='ltr'><strong>Caesar</strong></span> <span class='ocrx_word' id='word_1_361' title='bbox 1786 2866 2053 2919; x_wconf 77' lang='lat' dir='ltr'><strong>nuncupatus</strong></span> 
     </span>
     <span class='ocr_line' id='line_1_40' title="bbox 333 2931 2051 2988; baseline 0.001 -14"><span class='ocrx_word' id='word_1_362' title='bbox 333 2934 407 2987; x_wconf 88' lang='lat' dir='ltr'><strong>est)</strong></span> <span class='ocrx_word' id='word_1_363' title='bbox 438 2945 571 2985; x_wconf 87' lang='lat' dir='ltr'><strong>gener</strong></span> <span class='ocrx_word' id='word_1_364' title='bbox 600 2932 772 2986; x_wconf 89' lang='lat' dir='ltr'><strong>Nigrini</strong></span> <span class='ocrx_word' id='word_1_365' title='bbox 802 2932 1064 2974; x_wconf 85' lang='lat' dir='ltr'><strong>insidiatoris</strong></span> <span class='ocrx_word' id='word_1_366' title='bbox 1091 2932 1308 2988; x_wconf 84' lang='lat' dir='ltr'><strong>quondam</strong></span> <span class='ocrx_word' id='word_1_367' title='bbox 1340 2932 1553 2974; x_wconf 89' lang='lat' dir='ltr'><strong>Hadriani</strong></span> <span class='ocrx_word' id='word_1_368' title='bbox 1585 2932 1740 2974; x_wconf 82' lang='lat' dir='ltr'><strong>dieitur</strong></span> <span class='ocrx_word' id='word_1_369' title='bbox 1768 2931 1854 2974; x_wconf 82' lang='lat' dir='ltr'><strong>ibd.</strong></span> <span class='ocrx_word' id='word_1_370' title='bbox 1876 2935 1946 2983; x_wconf 78' lang='lat'><strong>23,</strong></span> <span class='ocrx_word' id='word_1_371' title='bbox 1974 2935 2051 2985; x_wconf 88' lang='lat'><strong>10;</strong></span> 
     </span>
     <span class='ocr_line' id='line_1_41' title="bbox 334 2999 2050 3056; baseline 0.002 -15"><span class='ocrx_word' id='word_1_372' title='bbox 334 2999 495 3041; x_wconf 87' lang='lat' dir='ltr'><strong>Avidia</strong></span> <span class='ocrx_word' id='word_1_373' title='bbox 525 2999 697 3042; x_wconf 82' lang='lat' dir='ltr'><strong>Plautia</strong></span> <span class='ocrx_word' id='word_1_374' title='bbox 727 2999 773 3042; x_wconf 91' lang='lat' dir='ltr'><strong>C.</strong></span> <span class='ocrx_word' id='word_1_375' title='bbox 805 2999 953 3042; x_wconf 83' lang='lat' dir='ltr'><strong>Avidii</strong></span> <span class='ocrx_word' id='word_1_376' title='bbox 983 3001 1155 3055; x_wconf 88' lang='lat' dir='ltr'><strong>Nigrini</strong></span> <span class='ocrx_word' id='word_1_377' title='bbox 1194 3000 1304 3055; x_wconf 86' lang='lat' dir='ltr'><strong>filia,</strong></span> <span class='ocrx_word' id='word_1_378' title='bbox 1347 3001 1478 3043; x_wconf 88' lang='lat' dir='ltr'><strong>amita</strong></span> <span class='ocrx_word' id='word_1_379' title='bbox 1514 3000 1565 3044; x_wconf 91' lang='lat' dir='ltr'><strong>L.</strong></span> <span class='ocrx_word' id='word_1_380' title='bbox 1597 3000 1702 3043; x_wconf 90' lang='lat' dir='ltr'><strong>Veri</strong></span> <span class='ocrx_word' id='word_1_381' title='bbox 1731 2999 1919 3055; x_wconf 88' lang='lat' dir='ltr'><strong>Augusti</strong></span> <span class='ocrx_word' id='word_1_382' title='bbox 1949 3003 1978 3043; x_wconf 81' lang='lat' dir='ltr'><strong>t.</strong></span> <span class='ocrx_word' id='word_1_383' title='bbox 2006 3004 2050 3056; x_wconf 79' lang='lat'><strong>2,</strong></span> 
     </span>
     <span class='ocr_line' id='line_1_42' title="bbox 333 3068 2076 3124; baseline 0 -14"><span class='ocrx_word' id='word_1_384' title='bbox 333 3081 453 3110; x_wconf 86' lang='lat' dir='ltr'><strong>soror</strong></span> <span class='ocrx_word' id='word_1_385' title='bbox 484 3082 580 3122; x_wconf 66' lang='lat' dir='ltr'><strong>erqo</strong></span> <span class='ocrx_word' id='word_1_386' title='bbox 609 3069 694 3122; x_wconf 80' lang='lat' dir='ltr'><strong>fuit</strong></span> <span class='ocrx_word' id='word_1_387' title='bbox 723 3069 773 3111; x_wconf 90' lang='lat' dir='ltr'><strong>L.</strong></span> <span class='ocrx_word' id='word_1_388' title='bbox 803 3068 967 3111; x_wconf 76' lang='lat' dir='ltr'><strong>Ceionii</strong></span> <span class='ocrx_word' id='word_1_389' title='bbox 997 3068 1215 3111; x_wconf 78' lang='lat' dir='ltr'><strong>Commodi</strong></span> <span class='ocrx_word' id='word_1_390' title='bbox 1243 3072 1282 3111; x_wconf 85' lang='lat' dir='ltr'><strong>et</strong></span> <span class='ocrx_word' id='word_1_391' title='bbox 1309 3069 1481 3111; x_wconf 88' lang='lat' dir='ltr'><strong>uterina</strong></span> <span class='ocrx_word' id='word_1_392' title='bbox 1508 3068 1685 3122; x_wconf 82' lang='lat' dir='ltr'><strong>quidem,</strong></span> <span class='ocrx_word' id='word_1_393' title='bbox 1718 3082 1812 3111; x_wconf 84' lang='lat' dir='ltr'><strong>eum</strong></span> <span class='ocrx_word' id='word_1_394' title='bbox 1837 3068 1910 3110; x_wconf 84' lang='lat' dir='ltr'><strong>ille</strong></span> <span class='ocrx_word' id='word_1_395' title='bbox 1938 3068 2076 3124; x_wconf 73' lang='lat' dir='ltr'><strong>filius.</strong></span> 
     </span>
     <span class='ocr_line' id='line_1_43' title="bbox 334 3134 2053 3191; baseline 0 -13"><span class='ocrx_word' id='word_1_396' title='bbox 334 3139 436 3178; x_wconf 85' lang='lat' dir='ltr'><strong>esset</strong></span> <span class='ocrx_word' id='word_1_397' title='bbox 470 3136 519 3179; x_wconf 92' lang='lat' dir='ltr'><strong>L.</strong></span> <span class='ocrx_word' id='word_1_398' title='bbox 558 3134 722 3178; x_wconf 84' lang='lat' dir='ltr'><strong>Ceionii</strong></span> <span class='ocrx_word' id='word_1_399' title='bbox 757 3135 973 3178; x_wconf 83' lang='lat' dir='ltr'><strong>Commodi</strong></span> <span class='ocrx_word' id='word_1_400' title='bbox 1012 3136 1194 3179; x_wconf 81' lang='lat' dir='ltr'><strong>consulis</strong></span> <span class='ocrx_word' id='word_1_401' title='bbox 1233 3151 1272 3179; x_wconf 90' lang='lat' dir='ltr'><strong>a.</strong></span> <span class='ocrx_word' id='word_1_402' title='bbox 1302 3140 1395 3187; x_wconf 90' lang='lat'><strong>106,</strong></span> <span class='ocrx_word' id='word_1_403' title='bbox 1437 3137 1500 3179; x_wconf 88' lang='lat' dir='ltr'><strong>ita</strong></span> <span class='ocrx_word' id='word_1_404' title='bbox 1535 3139 1584 3179; x_wconf 89' lang='lat' dir='ltr'><strong>ut</strong></span> <span class='ocrx_word' id='word_1_405' title='bbox 1620 3139 1798 3178; x_wconf 88' lang='lat' dir='ltr'><strong>matrem</strong></span> <span class='ocrx_word' id='word_1_406' title='bbox 1836 3136 2053 3191; x_wconf 78' lang='lat' dir='ltr'><strong>utriusque</strong></span> 
     </span>
     <span class='ocr_line' id='line_1_44' title="bbox 331 3203 2055 3260; baseline 0.001 -15"><span class='ocrx_word' id='word_1_407' title='bbox 331 3205 521 3259; x_wconf 88' lang='lat' dir='ltr'><strong>primum</strong></span> <span class='ocrx_word' id='word_1_408' title='bbox 551 3204 601 3247; x_wconf 93' lang='lat' dir='ltr'><strong>L.</strong></span> <span class='ocrx_word' id='word_1_409' title='bbox 640 3203 812 3246; x_wconf 87' lang='lat' dir='ltr'><strong>Ceionio</strong></span> <span class='ocrx_word' id='word_1_410' title='bbox 848 3203 1069 3247; x_wconf 80' lang='lat' dir='ltr'><strong>Commodo</strong></span> <span class='ocrx_word' id='word_1_411' title='bbox 1111 3206 1208 3260; x_wconf 83' lang='lat' dir='ltr'><strong>(cos.</strong></span> <span class='ocrx_word' id='word_1_412' title='bbox 1241 3218 1281 3247; x_wconf 92' lang='lat' dir='ltr'><strong>a.</strong></span> <span class='ocrx_word' id='word_1_413' title='bbox 1310 3204 1420 3259; x_wconf 85' lang='lat'><strong><em>106),</em></strong></span> <span class='ocrx_word' id='word_1_414' title='bbox 1466 3204 1613 3246; x_wconf 82' lang='lat' dir='ltr'><strong>deinde</strong></span> <span class='ocrx_word' id='word_1_415' title='bbox 1645 3204 1830 3258; x_wconf 75' lang='lat' dir='ltr'><strong>Niyrino</strong></span> <span class='ocrx_word' id='word_1_416' title='bbox 1864 3204 2055 3258; x_wconf 88' lang='lat' dir='ltr'><strong>nupsisse</strong></span> 
     </span>
     <span class='ocr_line' id='line_1_45' title="bbox 333 3270 2054 3327; baseline 0.001 -13"><span class='ocrx_word' id='word_1_417' title='bbox 333 3271 600 3315; x_wconf 82' lang='lat' dir='ltr'><strong>statuendum</strong></span> <span class='ocrx_word' id='word_1_418' title='bbox 637 3272 704 3313; x_wconf 85' lang='lat' dir='ltr'><strong>sit.</strong></span> <span class='ocrx_word' id='word_1_419' title='bbox 775 3272 1038 3326; x_wconf 73' lang='lat' dir='ltr'><strong>Quamquam</strong></span> <span class='ocrx_word' id='word_1_420' title='bbox 1082 3286 1165 3326; x_wconf 87' lang='lat' dir='ltr'><strong>per</strong></span> <span class='ocrx_word' id='word_1_421' title='bbox 1206 3285 1250 3315; x_wconf 87' lang='lat' dir='ltr'><strong>se</strong></span> <span class='ocrx_word' id='word_1_422' title='bbox 1284 3273 1396 3327; x_wconf 91' lang='lat' dir='ltr'><strong>poni</strong></span> <span class='ocrx_word' id='word_1_423' title='bbox 1428 3275 1570 3327; x_wconf 87' lang='lat' dir='ltr'><strong>potest</strong></span> <span class='ocrx_word' id='word_1_424' title='bbox 1611 3271 1783 3314; x_wconf 79' lang='lat' dir='ltr'><strong>Aelium</strong></span> <span class='ocrx_word' id='word_1_425' title='bbox 1828 3270 2054 3315; x_wconf 86' lang='lat' dir='ltr'><strong>Caesarem</strong></span> 
     </span>
     <span class='ocr_line' id='line_1_46' title="bbox 335 3339 2055 3395; baseline 0.001 -13"><span class='ocrx_word' id='word_1_426' title='bbox 335 3341 462 3383; x_wconf 88' lang='lat' dir='ltr'><strong>etiam</strong></span> <span class='ocrx_word' id='word_1_427' title='bbox 498 3353 695 3394; x_wconf 77' lang='lat' dir='ltr'><strong>yenerum</strong></span> <span class='ocrx_word' id='word_1_428' title='bbox 737 3339 914 3394; x_wconf 75' lang='lat' dir='ltr'><strong>Niyrini</strong></span> <span class='ocrx_word' id='word_1_429' title='bbox 950 3341 1081 3393; x_wconf 81' lang='lat' dir='ltr'><strong>fuisse</strong></span> <span class='ocrx_word' id='word_1_430' title='bbox 1120 3343 1159 3383; x_wconf 87' lang='lat' dir='ltr'><strong>et</strong></span> <span class='ocrx_word' id='word_1_431' title='bbox 1196 3340 1334 3395; x_wconf 77' lang='lat' dir='ltr'><strong>filiam</strong></span> <span class='ocrx_word' id='word_1_432' title='bbox 1373 3339 1497 3383; x_wconf 87' lang='lat' dir='ltr'><strong>huius</strong></span> <span class='ocrx_word' id='word_1_433' title='bbox 1532 3353 1582 3383; x_wconf 75' lang='lat' dir='ltr'><strong>ex</strong></span> <span class='ocrx_word' id='word_1_434' title='bbox 1610 3339 1877 3383; x_wconf 81' lang='lat' dir='ltr'><strong>matrimonio</strong></span> <span class='ocrx_word' id='word_1_435' title='bbox 1905 3339 2055 3395; x_wconf 85' lang='lat' dir='ltr'><strong>priore</strong></span> 
     </span>
    </p>
   </div>
  </div>
 </body>
</html>
