2202 3730
126 313 335 352 CLODIVS
984 306 1068 348 423
1716 304 1931 341 CLODIVS

211 445 427 487 Maximus
456 444 666 487 Avidium
692 444 829 485 Marci
861 442 1125 499 temporibus
1147 440 1431 497 (tyrannum),
1453 438 1661 481 Albinum
1683 443 1726 478 et
1746 436 1929 490 Nigrum

213 512 364 556 Severi
394 527 480 554 non
511 513 599 554 suis
629 512 815 568 propriis
844 510 978 565 libris,
1011 509 1086 552 sed
1111 508 1262 551 alienis
1283 508 1483 550 innexuit
1500 506 1572 547 vit.
1593 504 1752 554 Firmi,
1776 503 1930 546 Satur-

211 581 306 623 nini
334 583 408 624 etc.
440 584 478 630 1,
508 584 547 624 1.

127 649 210 692 938
240 656 282 691 P.
314 654 526 691 CLODIVS
557 655 791 690 THRASEA
820 653 1035 698 PAETVS,
1066 645 1216 688 consul
1246 645 1452 687 suffectus
1483 657 1595 684 anno
1626 642 1681 684 56
1711 638 1932 682 mensibus

211 716 450 759 Novembri
481 724 524 759 et
544 717 778 759 Decembri
799 731 898 758 cum
921 716 972 760 L.
994 715 1141 757 Duvio
1162 713 1307 757 Avito.
1349 713 1406 755 In
1427 711 1668 754 consulatu:
1688 709 1737 751 P.
1754 707 1932 751 Clodius

213 785 409 827 Thrasea
437 785 587 827 tabula
617 788 761 827 cerata
789 784 1056 838 Pompeiana
1083 785 1148 836 15,
1181 782 1230 826 P.
1253 781 1430 824 Clodius
1460 780 1545 821 tab.
1577 781 1642 820 13.
1673 780 1738 820 14.
1768 779 1835 819 16.
1864 778 1931 824 17,

212 854 261 896 Χ
287 856 384 897 826.
409 880 460 884 -
491 853 626 908 Apud
657 854 905 907 scriffiores:
935 852 983 894 P.
1015 851 1208 893 Thrasea
1236 851 1396 892 Paetus
1426 848 1513 891 Dio
1543 850 1608 897 61,
1639 848 1713 896 15,
1755 847 1934 886 ceterum

213 921 407 964 Thrasea
436 922 595 963 Paetus
625 922 709 963 sive
739 920 932 962 Thrasea
959 920 1044 962 sive
1071 919 1242 961 Paetus.

300 989 480 1044 Origine
511 990 750 1032 Patavinus
778 989 876 1031 Tac.
899 1003 938 1031 a.
960 991 1026 1039 16,
1046 991 1117 1038 21,
1148 986 1237 1030 Dio
1260 989 1330 1036 62,
1351 989 1422 1029 26.
1468 982 1631 1027 Consul
1661 997 1700 1024 a.
1731 981 1785 1023 56
1815 979 1933 1034 fasti,

216 1058 455 1100 consularis
490 1058 588 1102 Tac.
620 1072 660 1099 a.
691 1061 756 1107 16,
787 1060 872 1108 28;
902 1056 1219 1113 quindecimvir
1254 1055 1386 1096 sacris
1420 1051 1634 1095 faciundis
1661 1049 1747 1093 ibd.
1777 1051 1843 1098 16,
1872 1049 1936 1090 22

217 1127 271 1181 cf.
302 1130 374 1171 27.
405 1129 478 1170 28.
534 1126 662 1168 Anno
692 1126 746 1168 57
785 1125 1091 1169 Cossutianum
1132 1124 1386 1180 Capitonem
1426 1137 1481 1163 ex
1522 1120 1673 1164 Cilicia
1710 1116 1937 1174 provincia

215 1194 555 1251 repetundarum
585 1193 847 1250 postulatum
877 1193 1102 1236 damnavit
1130 1192 1214 1234 ibd.
1246 1195 1311 1242 16,
1343 1194 1401 1234 21
1431 1191 1483 1243 cf.
1515 1192 1580 1241 13,
1602 1191 1668 1231 33.
1718 1188 1848 1230 Anno
1879 1186 1934 1228 58

217 1265 263 1305 in
291 1270 445 1305 senatu
474 1263 729 1305 sententiam
759 1262 872 1304 dixit
899 1261 983 1303 ibd.
1016 1264 1080 1311 13,
1111 1264 1177 1303 49.
1236 1260 1364 1301 Anno
1395 1259 1450 1301 59
1481 1272 1580 1300 eum
1610 1257 1663 1299 de
1692 1255 1937 1312 Agrippina

217 1331 462 1384 referretur,
485 1337 638 1372 senatu
659 1344 855 1384 egressus
876 1336 940 1371 est
960 1329 1045 1371 ibd.
1060 1332 1126 1379 14,
1144 1331 1222 1379 12,·
1242 1331 1307 1378 16,
1323 1331 1393 1370 21.
1425 1327 1555 1368 Anno
1571 1326 1627 1368 62
1647 1339 1702 1366 ne
1721 1323 1936 1366 Antistius

220 1406 394 1456 praetor
413 1415 439 1441 a
464 1405 615 1440 senatu
644 1399 880 1440 maiestatis
907 1398 1048 1453 capite
1078 1397 1367 1449 damnaretur,
1397 1394 1562 1437 obstitit
1591 1393 1677 1436 ibd.
1699 1396 1763 1443 14,
1784 1393 1929 1434 48-49

217 1468 346 1511 Anno
377 1468 433 1510 62
465 1466 583 1521 tulit,
622 1481 677 1508 ne
705 1466 975 1522 praesidibus
1005 1466 1325 1522 provinciarum
1354 1464 1495 1518 gratia
1523 1468 1725 1518 ageretur
1753 1460 1838 1504 ibd.
1870 1461 1935 1508 15,

217 1539 386 1581 20-22.
431 1534 558 1578 Aliae
581 1536 818 1577 sententiae
838 1534 893 1577 ab
915 1549 964 1576 eo
986 1535 1031 1576 in
1052 1540 1204 1575 senatu
1224 1533 1366 1575 dictae
1386 1532 1472 1575 ibcl.
1488 1535 1554 1582 16,
1570 1535 1639 1574 21.
1655 1533 1730 1580 22,
1751 1529 1792 1572 h.
1808 1533 1852 1579 2,
1869 1531 1935 1577 91,

218 1605 307 1648 Dio
343 1607 414 1654 61,
445 1606 511 1646 15.
570 1602 681 1646 Cum
722 1609 896 1645 senatus
936 1617 1048 1644 anno
1079 1603 1133 1644 62
1168 1601 1348 1644 Antium
1389 1600 1469 1643 sub
1508 1606 1725 1642 recentem
1763 1605 1939 1654 partum

221 1673 432 1716 Claudiae
461 1671 776 1725 effunderetur,
809 1671 1003 1712 Thrasea
1033 1686 1059 1712 a
1088 1670 1261 1716 Nerone
1290 1669 1532 1726 prohibitus
1563 1675 1628 1710 est
1655 1667 1741 1710 ibd.
1772 1669 1838 1716 15,
1867 1667 1938 1708 23.

220 1741 329 1784 Inde
358 1741 414 1783 ab
443 1754 557 1783 anno
588 1741 643 1782 63
674 1754 751 1795 per
781 1740 1019 1781 triennium>
1044 1739 1253 1781 abstinuit
1282 1745 1434 1780 senatu
1460 1737 1558 1779 Tac.
1585 1751 1626 1778 a.
1651 1739 1716 1785 16,
1747 1738 1823 1784 22,
1852 1732 1940 1776 Dio

221 1813 292 1861 62,
322 1813 393 1853 26.
452 1809 693 1862 Instigante
721 1808 914 1862 Nerone,
947 1809 1022 1864 qui
1052 1807 1154 1849 olim
1184 1809 1223 1849 ei
1253 1807 1448 1848 infensus
1479 1811 1592 1856 erat,
1629 1820 1655 1847 a
1686 1803 1940 1847 Cossutiano

222 1878 434 1935 Capitone
474 1883 517 1919 et
554 1877 688 1933 Eprio
723 1875 928 1918 Marcello
966 1891 1079 1918 anno
1119 1877 1174 1918 66
1215 1875 1365 1917 eodem
1403 1881 1595 1931 tempore
1635 1879 1765 1928 atque
1803 1872 1944 1913 Barea

223 1948 416 1990 Soranus
437 1945 672 1987 maiestatis
692 1951 920 1987 accusatus
940 1951 1027 1999 est3
1058 1944 1286 1986 damnatus
1312 1944 1462 1986 mortis
1483 1943 1661 1985 arbitrio
1683 1941 1783 1983 dato
1808 1954 1943 1980 venas

137 2008 148 2011 ’
224 2015 410 2058 exsolvit
442 2014 540 2057 Tac.
570 2028 610 2056 a.
642 2017 707 2064 16,
737 2016 904 2063 21-35,
944 2012 984 2054 h.
1014 2016 1054 2063 4,
1083 2015 1134 2063 8,
1174 2012 1264 2055 Dio
1298 2016 1367 2063 62,
1399 2015 1478 2062 26,
1517 2010 1685 2054 Sueton.
1730 2008 1847 2051 Nero
1874 2010 1941 2057 37,

221 2083 348 2128 schol.
378 2082 568 2126 Juvenal.
596 2085 636 2132 5,
665 2085 733 2125 36.

310 2151 457 2195 Gener
497 2150 709 2193 Caecinae
747 2150 870 2192 Paeti
912 2156 954 2191 et
993 2149 1149 2191 Arriae
1186 2150 1362 2191 maioris
1402 2148 1523 2190 Ptin.
1560 2148 1678 2201 epist.
1707 2148 1746 2199 3,
1778 2148 1843 2194 16,
1876 2147 1943 2193 10,

226 2221 405 2262 maritus
434 2218 590 2261 Arriae
618 2219 797 2260 minoris
827 2225 870 2259 et
899 2225 1022 2273 pater
1050 2218 1245 2260 Fanniae
1273 2217 1359 2259 ibd.
1383 2220 1420 2267 7,
1444 2220 1512 2266 19,
1532 2219 1572 2266 3,
1609 2215 1707 2258 Tac.
1730 2228 1770 2256 a.
1792 2216 1857 2263 16,
1878 2215 1944 2262 34,

227 2303 349 2331 socer
378 2287 570 2330 Helvidii
601 2287 739 2328 Prisci
760 2286 880 2328 Plin.
906 2286 1006 2336 ibd„
1042 2286 1139 2328 Tac.
1164 2301 1202 2328 a.
1224 2289 1289 2336 16,
1311 2288 1382 2328 28.
1404 2288 1472 2335 35,
1501 2284 1541 2327 h.
1562 2288 1601 2334 4,
1621 2285 1661 2326 5.
1683 2286 1721 2325 6.
1772 2281 1946 2323 Persius

225 2364 353 2413 poeta
390 2356 539 2398 decem
576 2355 667 2397 fere
700 2356 826 2397 annis
855 2369 1021 2397 summe
1051 2354 1234 2397 dilectus
1265 2361 1330 2396 est
1358 2370 1384 2396 a
1413 2354 1618 2407 Thrasea,
1659 2353 1720 2393 ita
1748 2357 1797 2392 ut
1826 2364 1949 2406 pere-

226 2426 473 2481 grinaretur
501 2438 675 2480 quoque
705 2438 804 2466 cum
834 2438 882 2466 eo
913 2423 1160 2479 aliquando,
1186 2429 1415 2478 cognatam
1441 2424 1532 2464 eius
1562 2421 1738 2464 Arriam
1768 2432 1948 2461 uxorem

229 2492 415 2535 habente
429 2493 502 2537 vit.
521 2492 664 2535 Persii
669 2507 717 2547 p.
732 2495 784 2535 74
798 2491 966 2535 sueton.
981 2492 1056 2534 rel.
1074 2491 1136 2534 ed.
1153 2490 1471 2543 Reifferscheid.
1500 2490 1678 2533 Amicus
1690 2488 1949 2545 Vespasiani

235 2562 334 2604 Tac.
352 2561 393 2605 h.
413 2565 452 2611 4,
476 2564 521 2612 7;
550 2560 738 2603 Avidius
771 2560 954 2614 Quietus
984 2560 1209 2602 familiaris
1240 2560 1332 2602 eius
1353 2559 1472 2602 Plin.
1495 2560 1612 2614 epist.
1632 2562 1670 2609 6,
1695 2561 1767 2608 29,
1789 2561 1825 2600 1.

315 2630 448 2672 Dicta
476 2631 568 2672 eius
598 2628 718 2671 Plin.
748 2629 868 2684 epist.
898 2631 936 2679 6,
967 2632 1038 2679 29,
1070 2632 1109 2673 1.
1136 2632 1164 2670 7
1170 2641 1184 2679 ;
1213 2631 1253 2678 8,
1273 2630 1348 2678 22,
1369 2631 1408 2678 3,
1436 2627 1524 2670 Dio
1554 2631 1622 2677 61,
1645 2629 1710 2671 15.
1771 2626 1954 2682 Scripsit

236 2699 291 2741 de
320 2700 413 2741 vita
442 2698 620 2742 Catonis
648 2698 865 2740 Vticensis
893 2697 1115 2739 Plutarch.
1139 2695 1242 2739 Cato
1265 2697 1365 2740 min.
1388 2699 1458 2739 25.
1477 2699 1544 2738 36.
1587 2696 1812 2738 Laudatus
1843 2693 1954 2735 libro

236 2767 348 2810 edito
370 2766 425 2809 ab
445 2766 637 2809 Aruleno
659 2767 838 2808 Rustico
865 2766 964 2808 Tac.
984 2766 1192 2820 Ayricola
1209 2769 1252 2815 2,
1274 2765 1441 2808 sueton.
1462 2764 1700 2807 Domitian.
1722 2767 1789 2806 10.
1830 2764 1955 2805 Pom-

238 2838 393 2892 ponius
415 2835 640 2878 Secundus
670 2834 726 2877 ad
747 2834 985 2877 Thraseam
1015 2836 1173 2876 citatur
1203 2834 1275 2887 (de
1296 2833 1426 2876 rebus
1447 2834 1756 2888 grammaticis)
1788 2846 1816 2874 a
1842 2830 1957 2874 Cha-

237 2904 343 2946 risio
360 2903 645 2946 Grammatici
662 2903 814 2945 Latini
832 2903 866 2945 I
870 2917 918 2956 p.
934 2905 1030 2957 125,
1052 2905 1121 2956 23,
1144 2901 1348 2944 Diomede
1367 2901 1452 2946 ibd.
1464 2917 1513 2956 p.
1529 2905 1622 2952 371,
1645 2904 1714 2951 18,
1733 2899 1959 2943 Prisciano

238 2972 300 3015 II
313 2986 362 3027 p.
381 2974 476 3022 538,
496 2973 569 3014 29.

327 3040 597 3083 Memoratur
636 3039 837 3082 Martial.
867 3042 906 3090 1,
939 3041 980 3089 8,
1011 3042 1060 3090 1;
1089 3042 1128 3089 4,
1155 3041 1221 3090 54,
1250 3042 1288 3094 7,
1329 3039 1520 3082 Juvenal.
1549 3041 1588 3090 5,
1617 3042 1688 3089 36,
1732 3038 1876 3081 Marc.
1908 3037 1963 3082 εἰς

242 3108 381 3152 ἑαυτόν
411 3113 450 3160 1,
480 3112 546 3159 14,
577 3107 666 3150 Dio
692 3110 756 3162 66,
788 3111 858 3151 12.

155 3177 240 3220 939
270 3177 449 3221 Clodius
487 3176 702 3219 Turrinus
742 3182 886 3231 pater,
928 3175 1074 3218 rhetor
1110 3182 1250 3218 aetate
1290 3176 1501 3232 Augusti3
1543 3185 1671 3219 natus
1711 3182 1804 3218 erat
1844 3180 1964 3230 patre

247 3245 615 3303 splendidissimo,
662 3258 744 3286 avo
785 3243 875 3285 divi
913 3243 1014 3286 Iulii
1054 3243 1243 3300 hospite,
1292 3246 1365 3287 sed
1413 3246 1527 3288 civili
1567 3245 1682 3288 bello
1723 3250 1965 3287 attenuatas

244 3313 397 3356 domus
427 3313 584 3355 nobilis
613 3314 730 3355 vires
760 3313 967 3354 excitavit
995 3318 1039 3353 et
1077 3312 1322 3369 eloquentia
1356 3315 1582 3370 pecuniam
1614 3329 1663 3355 ac
1691 3313 1958 3368 dignitatem,

245 3396 377 3438 quam
406 3382 590 3438 primam
619 3382 664 3422 in
693 3381 918 3437 provincia
946 3381 1160 3438 Hispania
1188 3378 1352 3437 habuit,
1384 3397 1521 3439 usque
1550 3383 1605 3424 ad
1636 3397 1851 3425 summum
1881 3381 1966 3423 sibi
