2202 3730
128 280 375 317 CLAVDIVS
984 280 1065 322 361
1684 286 1929 323 CLAVDIVS

212 412 333 454 bonis
361 413 522 454 saeculi
548 414 637 466 fere
665 414 869 466 secundi‘,·
897 416 944 457 in
973 416 1112 459 eodem
1140 417 1378 471 fraymento
1406 420 1666 459 memoratur
1687 450 1696 460 .
1715 449 1725 460 .
1744 450 1754 460 .
1772 451 1782 460 .
1798 419 1932 460 meria

212 479 448 535 [MaJreella
474 481 656 534 fortasse
683 497 792 524 uccor
820 483 883 526 vel
912 484 1019 538 filia.

125 549 210 590 664
239 555 302 592 TI.
336 554 582 590 CLAVDIVS
613 550 958 605 BI[TH]YNICVS,
991 552 1222 608 proconsul
1254 553 1435 608 (Lyciae
1465 559 1508 595 et
1528 553 1811 610 Pamphyliae
1832 559 1933 609 post

210 631 249 660 a.
285 619 364 658 135
409 617 463 670 cf.
506 617 790 671 Marquardt,
838 618 1248 675 Staatsverwaltunq
1286 621 1320 663 I
1324 621 1340 644 ²
1374 635 1421 675 p.
1451 621 1548 674 376)
1586 626 1844 665 memoratur
1887 625 1933 666 in

211 687 238 726 t.
272 684 444 727 Sideris-i
470 685 618 727 mutilo
650 685 716 728 CI
717 686 758 728 G
786 690 897 729 4360
926 689 981 741 cf.
1011 688 1124 730 Add.
1148 703 1196 743 p.
1217 692 1338 731 1169.

136 777 194 782 -—
240 759 303 796 TI.
350 758 597 795 CLAVDIVS
647 761 981 797 BRITANNICVS
1034 756 1128 798 vide
1176 763 1239 800 ΤΙ.
1288 763 1533 799 CLAVDIVS
1584 764 1780 800 CAESAR
1829 765 1932 800 BRI-

210 827 474 863 TANNICVS.

124 890 208 933 665
234 889 288 934 A.
313 889 521 932 Claudius
543 888 732 932 Caecina
754 923 764 933 .
783 924 792 933 .
810 923 820 933 .
838 906 941 933 aeus
972 891 1180 945 (Καικίναν
1211 927 1220 936 .
1238 927 1246 935 .
1265 927 1274 936 .
1293 910 1376 936 mov
1407 893 1659 951 Κυζικηνόν),
1693 894 1933 950 Cyzicenus

209 959 264 1001 ab
294 960 554 1016 imperatore
573 957 794 1001 Antonino
821 960 900 1002 Pio
929 968 1102 1002 curator
1120 961 1339 1004 Iliensium
1363 963 1579 1019 (λογιστής)
1600 962 1740 1005 faetus
1762 964 1934 1018 publice

206 1028 438 1070 honoratus
475 1043 503 1069 a
542 1028 709 1070 civitate
747 1028 976 1070 Iliensium
1015 1032 1043 1073 t.
1074 1030 1138 1071 ibi
1175 1034 1340 1084 reperto
1368 1031 1724 1085 Archaoloyische
1755 1031 1933 1087 Zeituny

207 1098 317 1138 1873
337 1111 385 1150 p.
405 1099 472 1140 57.

135 1190 194 1222 —·
236 1171 372 1206 NERO
424 1171 668 1206 CLAVDIVS
721 1171 916 1207 CAESAR
962 1172 1220 1208 AVGVSTVS
1276 1172 1599 1209 GERMANICVS
1649 1167 1743 1210 vide
1794 1174 1932 1210 NERO

209 1239 455 1275 CLAVDIVS
486 1238 678 1274 DRVSVS
710 1239 1049 1276 GERMANICVS.

135 1326 194 1331 —
237 1307 580 1344 T1.CLAVD1VS
613 1307 810 1343 CAESAR
839 1307 1094 1343 AVGVSTVS
1127 1308 1449 1345 GERMANICVS
1479 1303 1573 1345 vide
1598 1310 1931 1348 T1.GLAVD1VS

207 1376 344 1412 NERO
376 1367 713 1412 GERMANICVS.

122 1440 206 1481 666
236 1445 299 1481 TI.
333 1445 578 1480 CLAVDIVS
611 1444 807 1480 CAESAR
836 1444 1187 1482 BRITANNICVS.
1248 1439 1403 1482 Tituli:
1433 1440 1473 1482 ei
1490 1441 1660 1494 positus
1690 1445 1750 1483 est
1775 1443 1934 1485 Tuscus

209 1508 386 1563 oriqinis
413 1508 598 1549 incertae
616 1506 697 1549 XI
705 1510 820 1550 3602
840 1507 912 1561 (1),
947 1506 1005 1549 ad
1032 1521 1124 1549 eum
1145 1508 1434 1561 probabiliter
1461 1509 1646 1562 refertur
1677 1509 1745 1552 VI
1758 1514 1848 1553 922
1870 1511 1933 1565 (2)

205 1577 397 1619 urbanus
434 1575 628 1626 mutilus,
680 1576 753 1629 qui
790 1576 876 1629 fuit
914 1576 1096 1629 fortasse
1135 1577 1181 1617 in
1219 1590 1323 1618 arcu
1364 1577 1564 1628 Claudii,·
1590 1579 1717 1632 patri
1748 1582 1787 1620 et
1822 1580 1861 1621 ei
1896 1583 1935 1621 et

209 1645 375 1687 Neroni
416 1645 570 1698 fratri,
615 1644 690 1697 qui
733 1644 857 1685 tertio
903 1643 991 1686 loco
1035 1644 1292 1694 nominatur,
1340 1644 1557 1687 dedicatus
1594 1649 1623 1687 t.
1662 1646 1934 1689 Nemorensis

205 1713 381 1767 prem,
407 1727 468 1767 ep.
497 1715 533 1762 7,
555 1715 674 1755 1242
693 1710 764 1766 (3),
795 1725 942 1753 nomen
973 1712 1062 1754 eius
1080 1712 1126 1753 in
1146 1725 1290 1754 massa
1313 1726 1446 1755 aenea
1472 1713 1724 1768 inscriptum
1746 1718 1807 1757 est
1836 1715 1932 1757 VII

205 1784 324 1824 1202
353 1780 436 1835 (4),·
478 1783 735 1822 memoratur
771 1781 815 1822 in
855 1783 884 1822 t.
923 1781 1036 1822 servi
1068 1780 1196 1823 XIV
1214 1784 1328 1824 2769
1368 1780 1449 1836 (5),
1504 1781 1646 1824 liberti
1676 1785 1822 1837 patris
1864 1783 1932 1825 VI

205 1852 316 1891 8873
345 1850 418 1905 (6).
449 1876 502 1881 —
535 1849 712 1891 Nummi
738 1848 899 1891 Eckhel
927 1848 996 1891 VI
1012 1863 1056 1903 p.
1077 1852 1175 1899 254,
1204 1849 1345 1892 Oohen
1374 1850 1408 1892 I
1411 1849 1427 1874 2
1450 1865 1498 1904 p.
1520 1853 1618 1893 269.

291 1918 358 1960 Ti.
381 1917 589 1961 Claudius
614 1917 776 1960 Caesar
805 1918 1082 1959 Britannicus
1111 1918 1158 1959 in
1183 1919 1365 1960 nummis
1394 1920 1613 1961 commatis
1632 1919 1832 1970 Romani,
1865 1921 1931 1964 Ti.

115 1993 126 1995 ⁴
208 1986 417 2029 Claudius
439 1985 629 2041 [Caesar]
646 1987 911 2028 Brittanicus
931 1989 961 2028 t.
977 1989 1015 2036 1,
1039 1985 1137 2041 [Ti.]
1154 1985 1361 2029 Claudius
1378 1986 1570 2042 [Caesar]
1593 1987 1931 2044 [Bri]tannie[us]

208 2057 236 2096 t.
263 2058 306 2104 2,
339 2054 438 2109 [Τ]ἱ.
460 2053 670 2097 Claudius
691 2054 958 2096 Brittanicus
990 2053 1180 2109 [Caesar]
1214 2058 1242 2096 t.
1262 2058 1302 2104 3,
1334 2054 1400 2099 Ti.
1424 2054 1634 2098 Claudius
1655 2056 1932 2098 Britannicus

209 2126 236 2164 t.
267 2126 314 2173 5,
348 2123 626 2165 Britannicus
656 2122 771 2177 Aug.
803 2122 832 2165 f.
864 2125 892 2165 t.
922 2126 971 2172 4,
1007 2123 1285 2164 Britannicus
1316 2126 1344 2167 t.
1374 2126 1413 2167 5.
1446 2148 1499 2153 —
1532 2122 1729 2170 Κλαύδιος
1759 2123 1934 2181 Τιβέριος

209 2192 239 2234 Γ
242 2191 449 2248 ερμανικός
478 2190 566 2233 Dio
596 2194 663 2241 60,
694 2194 766 2241 12,
797 2194 978 2232 ceterum
1007 2191 1288 2232 Britannicus
1318 2191 1435 2245 apud
1462 2192 1702 2245 scriptores.

293 2259 430 2301 Filius
450 2259 720 2315 imperatoris
740 2258 911 2301 Claudii
934 2266 976 2300 et
997 2258 1198 2300 Valeriae
1218 2259 1475 2301 Messalinae
1497 2259 1668 2302 Sueten.
1693 2259 1845 2303 Claud.
1861 2265 1933 2311 27,

207 2328 295 2370 Dio
317 2331 384 2378 60,
405 2331 476 2377 12,
513 2328 610 2370 Tac.
634 2341 674 2371 a.
695 2331 761 2377 11,
783 2330 855 2377 32,
886 2326 1050 2381 Ioseph.
1073 2330 1161 2369 ant.
1182 2331 1251 2378 20,
1273 2330 1312 2377 8,
1334 2331 1373 2378 1,
1400 2327 1492 2370 bell.
1514 2331 1557 2377 2,
1579 2331 1650 2378 12,
1670 2330 1711 2378 8,
1742 2329 1932 2374 Juvenal.

207 2400 246 2448 6,
279 2400 364 2439 124
391 2410 482 2438 cum
513 2395 638 2440 schol.
670 2399 710 2438 et
740 2395 865 2439 schol.
897 2395 955 2437 ad
983 2395 1173 2437 Juvenal.
1205 2399 1243 2445 6,
1274 2399 1367 2438 434.
1426 2394 1494 2438 De
1536 2410 1647 2438 anno
1685 2397 1828 2438 natali
1851 2397 1934 2439 dis-

208 2468 382 2520 crepant
421 2466 670 2518 scriptores:
709 2464 934 2507 Suetonius
974 2463 1000 2505 l.
1046 2463 1072 2506 l.
1113 2464 1203 2518 ipse
1242 2464 1327 2505 sibi
1363 2467 1594 2518 repuynat,
1641 2478 1729 2506 cum
1775 2466 1936 2507 scribat

208 2534 509 2576 Britannicum
547 2533 752 2574 vicesimo
792 2533 963 2588 imperii
1003 2531 1074 2574 die
1108 2537 1180 2587 (=
1209 2532 1336 2575 12s¹13
1371 2546 1425 2574 m.
1460 2531 1590 2574 Febr.
1625 2546 1665 2576 a.
1695 2532 1764 2586 41)
1803 2534 1934 2589 inque

208 2601 398 2644 seeundo
438 2600 664 2643 consulatu
704 2601 776 2655 (=
807 2614 846 2644 a.
877 2599 952 2653 42)
982 2606 1131 2642 natum
1162 2599 1368 2652 Claudi03
1407 2599 1499 2642 Dio
1526 2603 1592 2650 60,
1623 2604 1681 2643 12
1710 2614 1804 2642 cum
1833 2604 1936 2655 ayat

197 2670 259 2713 de
281 2671 407 2712 rebus
427 2684 467 2714 a.
488 2673 560 2720 42,
590 2683 677 2711 non
706 2669 810 2710 dicit
837 2668 885 2711 id
912 2668 1023 2722 quod
1051 2668 1251 2711 dicentem
1280 2668 1422 2721 facere
1451 2668 1595 2718 solent,
1627 2682 1673 2710 eo
1702 2669 1792 2722 ipse
1822 2683 1935 2711 anno

206 2739 509 2781 Britannicum
536 2741 684 2780 natum
715 2750 813 2787 esse,
845 2736 918 2779 sed
946 2736 1214 2786 transeundo,
1245 2739 1294 2778 ut
1312 2750 1397 2790 qua
1424 2736 1710 2778 moderatione
1731 2735 1934 2779 Claudius

209 2811 248 2849 et
278 2821 389 2849 anno
417 2809 478 2849 42
517 2809 557 2847 et
594 2805 707 2847 alias
736 2818 839 2847 usus
868 2807 972 2847 esset
999 2803 1248 2853 illustraret,
1290 2818 1382 2845 eum
1409 2803 1519 2846 nihil
1546 2803 1761 2858 splendide
1791 2805 1932 2858 egl-isse,

211 2889 304 2917 cum
328 2874 445 2929 filius
473 2875 513 2915 ei
540 2876 667 2915 natus
696 2876 811 2922 esset,
840 2873 1098 2915 memoravit.
1144 2871 1278 2925 Apud
1305 2871 1497 2914 Tacitum
1519 2885 1617 2916 ann.
1639 2875 1710 2921 12,
1731 2875 1789 2914 25
1818 2872 1934 2914 Nero

208 2944 298 2999 (qui
333 2945 460 2984 natus
499 2944 560 2983 est
599 2940 638 2983 d.
668 2942 722 2982 15
749 2955 803 2982 m.
834 2940 1080 2982 Decembris
1117 2954 1157 2981 a.
1184 2942 1243 2981 37
1274 2940 1327 2993 cf.
1357 2953 1400 2982 n.
1431 2942 1530 2996 690)
1571 2939 1726 2982 dicitur
1758 2940 1933 2982 biennio

209 3013 285 3068 (sic
315 3010 442 3053 codem
472 3009 709 3059 Mediceus,
748 3009 933 3050 triennio
975 3008 1151 3050 coniecit
1182 3007 1442 3062 Nipperdey)
1481 3008 1620 3050 maior
1658 3014 1764 3050 natu
1804 3023 1934 3064 quam

209 3080 500 3123 Britannicus.
562 3077 649 3120 Sed
687 3091 780 3119 cwm
818 3077 894 3118 sub
935 3077 1105 3118 initium
1147 3090 1189 3118 a.
1217 3080 1269 3119 55
1314 3077 1486 3118 Tacitus
1516 3091 1556 3119 a.
1586 3079 1652 3127 13,
1686 3079 1739 3120 15
1772 3077 1935 3130 referat

209 3149 425 3191 Neronem
456 3146 679 3188 turbatum
707 3159 799 3187 esse
829 3146 1084 3201 propinquo,
1108 3144 1178 3186 die
1198 3158 1283 3200 quo
1304 3151 1507 3201 quartum
1536 3144 1751 3187 decimum
1780 3145 1933 3187 aetatis

209 3231 371 3259 annum
403 3214 616 3271 explebat,
649 3213 824 3269 (scilicet
852 3227 932 3267 quo
962 3227 1013 3254 ex
1039 3225 1120 3254 usu
1149 3212 1293 3254 domus
1324 3214 1624 3268 imperatoriae
1652 3213 1934 3255 Britannicus

208 3284 385 3326 iamiam
406 3287 546 3338 toyam
564 3281 731 3323 virilem
747 3284 992 3335 accepturus
1013 3280 1132 3335 erat),
1150 3281 1240 3323 veri
1254 3281 1515 3323 simillimum
1528 3281 1693 3324 videtur
1706 3280 1932 3323 Britanni-

210 3366 303 3395 cum
333 3352 399 3394 die
428 3354 556 3394 12l13
584 3364 638 3392 m.
669 3349 799 3392 Febr.
831 3363 871 3393 a.
901 3353 954 3391 41
983 3352 1132 3391 natum
1162 3362 1260 3392 esse.
