2202 3730
235 294 435 329 ASINIVS
1101 287 1180 328 166
1842 294 2041 331 ASINIVS

323 423 517 466 Suetonii
539 437 717 476 qramm.
749 419 803 463 10
834 422 886 476 (v.
919 421 1066 475 supra)
1107 422 1279 475 emerqit
1315 423 1538 475 referentis
1565 422 1741 464 Ateium
1771 423 2042 479 Philologum

326 497 422 547 post
460 497 637 532 mortem
670 489 861 532 Sallustii
892 489 948 544 (a.
972 492 1058 532 720
1090 509 1146 523 Ξ
1174 489 1245 544 34)
1277 489 1515 532 Pollionem
1552 490 1734 533 coluisse
1763 498 1893 548 atque
1922 507 2043 549 prae-

324 561 460 614 ceptis
500 558 726 600 rhetoricis
756 558 933 599 iuvisse.
988 557 1207 599 Historiae
1238 557 1444 600 Pollionis
1473 558 1662 601 citantur
1692 559 1852 602 Seneca
1880 573 2042 604 suasor.

322 631 360 677 6,
391 630 456 668 14.
487 629 558 669 24.
588 628 657 676 25,
698 626 849 667 tertius
890 624 1167 667 historiarum
1196 625 1306 668 liber
1335 625 1473 669 Valer.
1505 626 1689 669 Maxim.
1723 630 1763 678 8,
1795 630 1848 670 13
1888 631 1968 671 ext.
2002 633 2041 679 4,

324 695 375 736 iis
414 695 480 736 usi
521 700 621 735 sunt
654 692 926 747 Plutarchus,
958 692 1185 750 Appianus
1226 697 1413 749 (uterque
1450 694 1637 737 versione
1673 709 1830 749 yraeca
1868 691 2042 751 earum),

325 762 566 816 Suetonius,
600 760 757 804 Strabo
789 761 843 815 cf.
875 761 1013 812 Peter,
1044 761 1251 804 Historic.
1281 762 1463 806 Roman.
1494 762 1759 817 Fraqmenta
1779 778 1826 818 p.
1849 767 1934 807 263
1957 778 2042 818 sqq.

324 830 528 872 Pollionis
559 830 720 885 scripta
749 830 966 884 egregiam
997 829 1136 872 Cassii
1167 836 1209 872 et
1236 831 1361 872 Bruti
1391 832 1639 872 memoriam
1670 831 1847 874 tradunt
1877 832 1975 875 Tac.
2003 847 2044 875 a.

323 902 361 950 4,
387 901 453 940 34.
512 897 678 940 Auctor
707 897 838 940 Plinii
861 897 978 940 Plin.
1004 911 1045 940 n.
1078 898 1117 940 h.
1149 898 1236 940 ind.
1269 898 1295 941 l.
1329 902 1367 941 7.
1423 899 1540 952 Quae
1570 892 1729 942 Suidas
1757 913 1791 942 s.
1821 913 1857 942 v.
1890 898 2047 947 Ἀσίνιος

325 966 496 1010 Πωλίων
520 970 559 1009 et
579 965 751 1009 Πωλίων
775 967 946 1020 profert
973 964 1044 1020 (cf.
1065 967 1187 1020 infra
1208 966 1336 1021 adn),
1369 967 1628 1021 confusionis
1651 968 1753 1010 adeo
1782 972 1881 1010 sunt
1899 968 2044 1023 plena,

324 1038 371 1077 ut
396 1034 493 1077 inde
515 1048 565 1076 ne
584 1034 661 1077 hoc
680 1034 847 1088 quidem
866 1038 974 1077 recte
995 1034 1237 1077 concludere
1266 1035 1390 1077 liceat
1412 1034 1646 1078 Pollionem
1671 1036 1890 1091 scripsisse
1918 1036 2045 1079 histo-

322 1103 489 1145 riarum
519 1102 648 1145 libros
677 1102 975 1157 septemdecim.
1091 1094 1094 1098 ⁴

411 1170 640 1225 Scripsisse
670 1170 906 1213 Pollionem
946 1172 985 1213 et
1013 1170 1312 1225 philosophica
1349 1171 1557 1225 quaedam
1592 1175 1773 1226 apparet
1807 1187 1857 1215 ex
1887 1172 2048 1216 Seneca

327 1239 445 1295 epist.
477 1242 573 1290 100,
604 1242 642 1281 7.
674 1242 724 1291 9;
762 1253 862 1281 nam
893 1238 1097 1282 Senecam
1126 1239 1190 1281 ibi
1214 1239 1263 1282 de
1291 1240 1570 1294 scriptoribus
1591 1240 1895 1295 philosophicis
1926 1255 2048 1296 ayere

329 1322 422 1351 cum
459 1321 509 1350 ex
549 1310 638 1350 tota
678 1307 859 1362 epistula
901 1310 988 1349 tum
1027 1321 1078 1349 ex
1111 1307 1395 1362 paraqrapho
1431 1322 1546 1351 nona
1582 1304 1809 1351 certissime
1848 1310 2046 1364 efficitur.

329 1376 419 1420 Nec
447 1376 587 1419 minus
606 1375 840 1419 Pollionem
858 1390 948 1418 rem
963 1377 1288 1431 ¹qrammaticam
1309 1379 1514 1419 tractasse
1534 1391 1584 1419 ex
1604 1376 1829 1419 Prisciano
1856 1376 2047 1421 Gramm.
2095 1430 2098 1431 ⁷

329 1446 427 1487 Lat.
457 1444 519 1487 II
540 1459 589 1498 p.
619 1446 701 1487 513
738 1445 926 1498 sequitur
966 1450 1030 1486 ‘ut
1066 1444 1210 1487 Probo
1251 1450 1293 1486 et
1330 1443 1472 1501 Capro
1514 1451 1556 1487 et
1593 1444 1778 1487 Pollioni
1822 1452 1866 1488 et
1909 1445 2049 1487 Plinio

329 1513 501 1569 placet‘3
523 1511 846 1555 observationes
861 1513 1168 1566 grammaticae
1184 1511 1392 1554 Pollionis
1408 1513 1649 1555 afferuntur
1668 1512 1838 1556 Charis.
1858 1512 2049 1556 Gramm.

329 1583 429 1624 Lat.
450 1581 484 1623 I
495 1595 546 1635 p.
567 1583 659 1631 134,
692 1580 808 1624 Serv.
841 1580 899 1623 ad
927 1580 1047 1635 Verq.
1075 1580 1184 1624 Aen.
1216 1584 1259 1632 2,
1293 1584 1340 1633 7,·
1371 1584 1409 1632 6,
1439 1583 1543 1633 554;
1576 1585 1642 1632 11,
1664 1584 1759 1624 183.
1788 1606 1845 1612 -
1873 1581 2051 1624 Asinius

331 1655 481 1693 contra
500 1648 728 1692 maledicta
747 1648 925 1691 Antonii
947 1649 1103 1691 citatur
1125 1648 1298 1692 Charis.
1322 1648 1514 1691 Gramm.
1536 1650 1634 1694 Lat.
1656 1650 1691 1692 I
1704 1665 1752 1704 p.
1773 1652 1854 1701 80;
1873 1648 2051 1692 Asinius

331 1717 468 1761 Pollio
498 1717 555 1760 ad
582 1717 811 1760 Caesarem
842 1718 865 1759 I
893 1717 950 1759 id.
972 1731 1022 1771 p.
1043 1720 1136 1760 134.
1191 1716 1329 1759 Verba
1358 1717 1566 1759 Pollionis
1597 1731 1647 1760 ex
1681 1718 1852 1772 scriptis
1879 1718 2053 1760 incertis

333 1785 571 1838 afferuntur
598 1784 769 1829 Charis.
799 1784 991 1828 Gramm.
1018 1786 1116 1827 Lat.
1148 1785 1182 1827 I
1197 1799 1244 1839 p.
1267 1788 1363 1835 100,
1393 1784 1608 1830 Priscian.
1632 1785 1718 1830 ibd.
1740 1786 1802 1828 II
1813 1800 1861 1840 p.
1882 1788 1975 1828 383.
1999 1811 2050 1816 -

331 1855 497 1898 Extant
523 1853 730 1910 epistulae
760 1859 846 1895 tres
875 1852 960 1896 Cic.
989 1853 1047 1896 ad
1076 1853 1202 1897 Fam.
1224 1857 1290 1904 10,
1314 1856 1468 1895 31-33,

423 1923 685 1976 Quamquam
715 1924 878 1964 constat
897 1921 1131 1964 Pollionem
1156 1921 1359 1964 historias
1380 1921 1517 1976 paulo
1538 1924 1635 1964 ante
1657 1921 1807 1964 bellum
1827 1921 2054 1965 Actiacum

330 1991 513 2034 scribere
550 2003 790 2044 aqqressum
819 2003 903 2032 esse
916 2023 926 2041 ,
968 1993 1109 2032 tamen
1138 1989 1378 2045 Landyraf,
1419 1990 1787 2045 Untersuchunqen
1814 2004 1867 2034 zu
1893 1989 2055 2033 Caesar

330 2059 419 2101 und
459 2059 600 2102 seinen
642 2058 913 2102 Fortsetzern
946 2073 995 2113 p.
1031 2062 1084 2101 31
1118 2072 1203 2113 sqq.
1246 2062 1285 2101 et
1323 2057 1460 2111 Wolff
1462 2059 1522 2101 lin
1561 2058 1941 2114 Sitzunqsberichte
1981 2058 2054 2102 der

334 2127 596 2170 Munchener
615 2125 848 2169 Ahademie
873 2126 1126 2171 Phil.-Hist.
1159 2127 1212 2169 K
1215 2126 1323 2170 lasse
1352 2130 1461 2170 1889
1483 2141 1532 2182 p.
1551 2129 1632 2169 319
1652 2140 1737 2181 sqq.
1767 2128 1838 2183 (cf.
1859 2127 2053 2182 praefat.

332 2210 380 2251 p.
411 2194 565 2237 XXII
585 2208 671 2249 sqq.
703 2194 901 2237 editionis
933 2195 1049 2238 ‘belli
1077 2195 1256 2249 Africi’,
1297 2209 1424 2250 quam
1457 2208 1551 2238 cum
1581 2195 1831 2238 Miodcnski
1858 2195 2054 2251 paravit)

332 2267 572 2306 statuerunt
610 2263 845 2306 Pollionem
875 2263 1011 2318 paulo
1041 2267 1144 2318 post
1181 2264 1323 2306 Hirtii
1358 2267 1532 2306 mortem
1571 2263 1628 2319 (a.
1660 2266 1740 2306 711
1770 2283 1826 2299 =
1853 2262 1926 2318 43)
1962 2277 2056 2306 cum

333 2332 643 2375 commentariis
680 2331 882 2375 Caesaris
921 2335 960 2374 et
988 2331 1131 2375 Hirtii
1169 2332 1218 2374 dc
1255 2332 1374 2374 bellis
1410 2331 1685 2375 Caesarianis
1723 2331 1782 2374 ad
1808 2332 1935 2387 finem
1955 2345 2055 2386 per-

334 2400 532 2443 ducendis
576 2414 747 2454 operam
790 2413 967 2443 navasse
1012 2403 1099 2442 tum
1144 2399 1299 2442 librum
1339 2399 1388 2442 de
1426 2400 1531 2442 bello
1570 2399 1784 2454 Africano
1826 2400 1900 2454 qui
1941 2402 2057 2443 extat

332 2469 470 2523 ipsum
509 2468 744 2521 confecisse.
810 2468 904 2521 Qua
944 2467 994 2510 de
1031 2482 1078 2510 re
1115 2481 1208 2510 cum
1246 2481 1364 2510 nemo
1404 2471 1586 2510 veterum
1613 2481 1801 2522 unquam
1829 2467 2057 2522 quidquam

335 2537 545 2591 coqnitum
573 2536 808 2586 habuisset,
849 2536 918 2578 illi
956 2550 1006 2578 ex
1036 2536 1172 2578 tribus
1202 2535 1412 2578 Pollionis
1442 2535 1631 2590 epistulis
1652 2539 1830 2591 propter
1857 2536 2059 2578 sermonis

327 2605 614 2659 proprietates
652 2603 761 2646 hunc
801 2617 886 2646 esse
926 2607 1139 2646 auctorem
1178 2603 1277 2646 belli
1304 2603 1513 2657 Africani
1550 2603 1836 2646 demonstrare
1867 2604 1952 2647 sibi
1979 2604 2062 2646 visi

335 2675 445 2715 sunt.
495 2671 558 2714 At
589 2672 898 2715 observationes
925 2672 972 2714 in
1000 2671 1181 2714 medium
1202 2670 1402 2726 prolatas
1430 2671 1545 2714 nullo
1579 2671 1701 2714 modo
1721 2685 1848 2727 posse
1868 2672 2059 2727 probare

336 2740 384 2782 id
410 2740 521 2794 quod
548 2740 616 2782 illi
648 2741 888 2794 opinantur,
922 2740 1000 2782 alii
1027 2740 1135 2782 satis
1163 2740 1252 2782 iam
1280 2739 1520 2782 docuerunt.

423 2807 493 2850 Ad
525 2823 692 2850 summa
730 2814 961 2865 provectus
1002 2809 1253 2864 incorrupta
1281 2808 1375 2850 vita
1403 2813 1446 2850 et
1474 2807 1679 2850 facundia
1713 2808 1812 2851 Tac.
1844 2823 1884 2851 a.
1914 2812 1981 2860 11,
2013 2812 2060 2860 6,-

340 2877 466 2918 homo
488 2882 644 2919 natura
665 2883 899 2919 contumax
920 2876 1081 2921 Seneca
1102 2880 1283 2919 controv.
1304 2879 1331 2918 4
1358 2876 1496 2930 praef.
1518 2879 1565 2927 43
1594 2875 1755 2919 ferocia
1781 2876 1871 2919 eius
1897 2877 1995 2920 Tac.
2019 2891 2058 2921 a.

339 2948 376 2995 1,
403 2947 473 2987 12.
529 2943 639 2987 Cum
668 2950 838 2987 mortuo
870 2945 914 2986 in
946 2943 1076 3000 Syria
1105 2944 1199 3000 (sic)
1232 2943 1278 2986 C.
1313 2943 1498 2986 Caesare
1527 2958 1605 2999 per
1634 2943 1853 2986 codicillos
1883 2950 2059 3001 questus

340 3018 451 3055 esset
488 3011 734 3066 Augustus,
777 3012 894 3068 quod
934 3013 977 3053 in
1022 3018 1109 3055 tam
1153 3025 1309 3067 magno
1355 3017 1399 3054 et
1439 3012 1600 3054 recenti
1644 3011 1767 3054 luctu
1811 3027 1888 3055 suo
1931 3011 2059 3054 homo

339 3080 584 3122 carissimus
615 3079 696 3121 sibi
722 3079 848 3135 pleno
870 3081 1068 3122 convivio
1092 3085 1298 3135 cenasset,
1329 3080 1550 3135 rescripsit
1570 3078 1706 3122 Pollio
1731 3087 1796 3122 ‘eo
1817 3079 1888 3122 die
1910 3079 2061 3122 cenavi

341 3162 425 3204 quo
465 3148 649 3190 Herium
689 3145 826 3189 filium
865 3149 1004 3190 amisi'
1039 3147 1200 3192 Seneca
1229 3150 1411 3192 controv.
1442 3150 1470 3190 4
1495 3148 1640 3202 praef.
1670 3150 1710 3191 5.
1767 3148 1972 3192 Graviter
2000 3147 2063 3189 in-

340 3215 592 3271 vidioseque
636 3216 680 3257 in
725 3216 846 3257 curia
891 3222 1067 3272 questus
1114 3222 1179 3259 est
1222 3214 1454 3270 (Marcelli)
1499 3215 1729 3257 Aesernini
1782 3216 1950 3272 nepotis
1995 3217 2061 3258 sui

344 3298 501 3338 casum,
535 3284 610 3340 qui
641 3284 685 3324 in
716 3284 873 3325 Troiae
902 3283 996 3326 luso
1028 3299 1127 3326 crus
1158 3283 1347 3338 fregerat
1368 3283 1540 3327 Sueten.
1561 3283 1742 3338 Auqust.
1761 3286 1827 3326 43.
1848 3307 1907 3314 -
1930 3282 2062 3326 Nulla

342 3366 410 3394 res
441 3365 539 3394 eum
569 3350 683 3395 ultra
714 3350 938 3394 decumam
967 3352 1156 3407 retinuit,
1190 3351 1265 3394 sed
1295 3351 1425 3394 totius
1451 3350 1536 3394 diei
1565 3350 1861 3394 lassitudinem
1890 3348 2060 3395 duabus
