2202 3730
273 276 516 312 ARMINIVS
1141 265 1222 306 136
1833 269 2080 307 ARMINIVS

359 405 622 461 totidemque
642 403 719 445 alis
742 409 785 444 et
813 418 890 443 sex
912 401 1160 444 cohortibus
1182 401 1524 442 circumventum
1547 400 1876 443 trucidaverunt
1905 400 2084 444 Velleius

356 478 400 524 2,
435 476 642 521 117-119,
680 471 767 513 Dio
802 473 867 520 56,
896 472 1069 519 18-22,
1105 469 1270 511 Florus
1294 472 1337 518 2,
1363 471 1418 510 30
1449 469 1503 522 ef.
1537 468 1683 513 Strab.
1716 473 1754 520 7,
1784 473 1822 520 1,
1853 473 1880 511 4
1901 484 1949 524 p.
1979 471 2079 520 291,

364 543 461 584 Tac.
499 556 538 582 a.
574 544 621 590 1,
658 542 723 581 55.
758 542 825 581 59.
861 542 941 589 62;
974 540 1026 588 2,
1058 540 1125 578 88.
1195 535 1422 578 Boiocalus
1462 536 1839 592 Ampsivariorum
1882 538 2082 594 princeps

359 608 594 651 rebellione
627 607 849 650 Cherusca
879 607 1000 648 iussu
1031 604 1218 646 Arminii
1247 605 1418 646 vinctus
1454 605 1551 649 Tac.
1585 619 1624 649 a.
1655 609 1721 656 13,
1743 608 1809 649 55.
1868 607 1997 648 Anno
2030 606 2083 648 14

360 683 510 719 contra
546 677 852 719 Germanicum
884 680 925 716 et
954 673 1008 716 A.
1042 673 1274 716 Caecinam
1304 673 1515 729 pugnavit
1550 674 1647 715 Tac.
1680 688 1719 717 a.
1749 677 1788 724 1,
1819 676 1985 725 55-685
2015 689 2082 716 res

358 747 412 788 ab
456 760 504 786 eo
544 759 656 787 anno
691 744 743 786 16
784 749 934 785 contra
970 743 1188 784 Romanos
1228 747 1375 796 gestae
1414 741 1499 783 ibd.
1539 745 1592 792 2,
1628 745 1667 784 9.
1709 745 1773 792 10,
1811 746 1970 785 12-17.
2010 745 2081 786 21.

358 813 486 855 Anno
520 813 570 855 17
603 826 699 854 cum
728 811 960 854 Cheruscis
1002 816 1152 852 contra
1180 809 1500 852 Maroboduum
1529 823 1675 864 regem
1707 810 2083 853 Marcomanorum

358 896 478 923 arma
518 881 719 936 sumpsit,
762 895 785 921 e
815 880 937 921 cuius
969 890 1102 933 regno
1135 878 1305 921 Suebae
1334 883 1506 932 gentes,
1549 878 1784 921 Semnones
1824 893 1874 920 ac
1913 879 2082 934 Longo-

358 949 482 992 bardi
523 948 580 990 ad
619 963 715 990 eum
760 947 979 1002 defecere3
1025 961 1181 1001 magno
1218 945 1382 1003 proelio
1422 945 1624 1001 ambiguo
1666 953 1825 989 eventu
1865 947 2083 1004 utrimque

357 1023 569 1058 certatum
600 1022 665 1058 est
694 1016 779 1060 ibd.
801 1018 843 1066 2,
865 1019 1019 1058 44-46.
1071 1015 1294 1057 Arminius
1324 1014 1657 1057 abscedentibus
1687 1015 1893 1057 Romanis
1925 1013 2030 1068 (scil.
2063 1031 2084 1059 6

355 1085 589 1128 Germania
615 1084 962 1140 Transrhenana)
995 1090 1037 1126 et
1066 1082 1188 1139 pulso
1209 1083 1479 1125 Maroboduo
1508 1097 1690 1138 regnum
1720 1084 1927 1126 affectans
1957 1083 2084 1126 liber-

359 1160 489 1196 tatem
522 1153 793 1209 popularium
823 1152 1051 1195 adversam
1081 1151 1249 1206 habuit,
1282 1152 1531 1208 petitusque
1561 1153 1691 1194 armis
1718 1167 1816 1194 cum
1845 1153 1969 1194 varia
1998 1152 2084 1195 for-

358 1229 464 1264 tuna
494 1227 691 1275 certaret,
724 1220 822 1263 dolo
854 1221 1195 1277 propinquorum
1226 1219 1403 1274 cecidit3
1434 1219 1640 1262 liberator
1669 1219 1786 1262 haud
1817 1219 1950 1263 dubie
1977 1221 2083 1264 Ger-

358 1291 528 1332 maniae
560 1296 602 1332 et
622 1290 696 1345 qui
722 1305 806 1331 non
828 1289 1065 1346 primordia
1085 1287 1232 1348 populi
1254 1289 1449 1342 Romani,
1482 1289 1593 1330 sicut
1612 1288 1686 1330 alii
1707 1303 1830 1343 reges
1852 1288 2082 1345 ducesque,

358 1358 432 1400 sed
462 1358 809 1400 florentissimum
840 1358 1066 1413 imperium
1096 1357 1344 1411 lacessierit,
1377 1355 1550 1412 proeliis
1581 1356 1823 1411 ambiguus,
1855 1356 1965 1400 bello
1997 1372 2083 1399 non

359 1428 523 1481 victus3
559 1432 721 1482 septem
762 1432 804 1468 et
834 1427 1012 1481 triginta
1041 1439 1176 1468 annos
1206 1425 1343 1479 vitae,
1386 1424 1613 1467 duodecim
1643 1426 1860 1481 potentiae
1891 1425 2085 1483 explevit

360 1496 616 1551 caniturque
647 1495 789 1537 adhuc
818 1494 1027 1537 barbaras
1059 1494 1175 1550 apud
1204 1500 1356 1548 gentes
1392 1494 1489 1536 Tae.
1522 1509 1562 1536 a.
1592 1497 1635 1545 2,
1656 1497 1725 1537 88.

454 1564 623 1607 Occisus
651 1577 748 1617 erqo
778 1563 942 1605 videtur
972 1563 1087 1605 eirca
1109 1577 1266 1605 annum
1285 1566 1352 1612 19,
1383 1563 1460 1605 sub
1481 1577 1560 1616 quo
1582 1577 1693 1605 anno
1719 1564 1892 1606 Tacitus
1911 1567 2085 1607 mortem

360 1635 582 1686 memorat,
623 1646 876 1685 quamquam
917 1634 1114 1674 accurate
1154 1632 1200 1672 in
1230 1630 1350 1672 illum
1379 1631 1514 1685 ipsum
1547 1646 1704 1673 annum
1734 1632 1882 1675 cadere
1911 1637 2085 1676 mortem
2114 1639 2117 1646 ‘

359 1701 452 1743 ideo
473 1715 557 1754 pro
587 1703 697 1742 certo
719 1701 829 1754 poni
857 1700 1011 1753 nequit,
1049 1699 1158 1753 quod
1192 1699 1374 1749 Tacitus,
1415 1703 1637 1753 postquam
1665 1702 1868 1754 reperisse
1896 1715 1939 1743 se
1970 1702 2086 1756 apud
2130 1692 2135 1696 ”

361 1770 587 1822 scriptores
618 1772 848 1822 temporum
883 1768 1045 1810 Tiberii
1073 1767 1434 1822 Adyaizdestri‘um
1456 1768 1696 1822 principem
1733 1769 1986 1812 Chattorum
2016 1771 2084 1813 lit-

362 1838 462 1880 teris
493 1837 550 1878 ad
584 1837 797 1879 Tiberium
828 1836 940 1878 datis
970 1850 1140 1890 operam
1168 1849 1290 1878 suam
1320 1836 1378 1877 ad
1405 1835 1649 1878 Arminium
1677 1851 1829 1880 veneno
1861 1839 2086 1882 tollendum

360 1907 527 1959 frustra
557 1904 752 1947 obtulisse
776 1905 950 1954 rettulit,
977 1904 1156 1958 eloyium
1176 1904 1285 1946 illud
1303 1903 1496 1946 Arminii
1523 1906 1648 1958 quasi
1677 1906 1946 1960 appendicem
1977 1908 2084 1951 libro

359 1973 537 2015 secundo
579 1973 800 2015 annalium
840 1973 972 2015 addit.
1031 1972 1151 2026 Quod
1193 1975 1333 2014 autem
1369 1973 1454 2014 viri
1492 1973 1605 2015 docti
1631 1974 1805 2027 quidam
1838 1975 2083 2018 ‘duodecim

359 2042 575 2098 potentiae
601 2048 751 2083 annos‘
771 2041 964 2083 Arminii
991 2054 1152 2083 neeesse
1182 2054 1267 2083 esse
1297 2042 1535 2095 computari
1563 2042 1659 2084 ‘ende
1692 2057 1719 2084 a
1749 2043 1866 2085 clade
1892 2043 2085 2101 Variana

362 2110 579 2160 dixerunt,
623 2125 650 2151 a
688 2124 785 2152 vero
824 2109 1075 2160 abhorrent;
1114 2123 1216 2151 nam
1257 2110 1565 2163 conferentibus
1602 2111 1724 2153 nobis
1762 2126 1869 2165 quac
1914 2113 2084 2156 Tacitus

362 2193 401 2222 a.
423 2182 488 2228 11,
511 2182 564 2220 16
592 2179 724 2232 refert
766 2178 932 2220 ‘eodem
972 2193 1085 2220 anno
1117 2176 1189 2230 (z
1213 2180 1271 2220 47
1289 2193 1337 2231 p.
1360 2177 1422 2234 G.)
1454 2177 1771 2221 Cheruscorum
1801 2195 1907 2235 gens
1936 2195 2083 2236 regem

361 2248 523 2288 Romae
544 2247 700 2302 petivit
720 2247 889 2288 amissis
910 2261 988 2302 per
1008 2247 1178 2288 interna
1201 2245 1310 2288 bella
1329 2245 1546 2289 nobilibus
1572 2253 1615 2289 et
1635 2262 1720 2290 uno
1743 2248 1908 2305 reliquo
1938 2251 2084 2306 stirpis

362 2315 517 2369 regiae,
551 2316 626 2371 qui
663 2315 778 2370 apud
815 2314 965 2357 urbem
996 2313 1249 2368 habebatur,
1282 2315 1454 2356 nomine
1484 2314 1684 2370 Italicus3
1726 2323 1953 2372 paternum
1983 2317 2084 2360 huic

360 2397 496 2437 genus
538 2398 560 2424 e
604 2383 737 2425 Flavo
778 2382 911 2425 fratre
947 2382 1150 2425 Arminii'
1174 2408 1230 2412 -—
1251 2407 1308 2412 —
1338 2386 1495 2425 eertum
1523 2383 1687 2425 videtur
1722 2385 1914 2427 Tacitum
1935 2386 2085 2440 priore

363 2451 449 2492 loeo
480 2451 528 2493 de
549 2452 802 2506 principatu
831 2451 1012 2505 quodam
1040 2451 1296 2494 hereditario
1335 2452 1483 2505 stirpis
1520 2453 1662 2506 reyiae
1701 2453 1924 2507 coyitasse,
1965 2469 2085 2509 quem

361 2517 585 2560 Arminius
606 2522 735 2572 patre
764 2522 928 2561 mortuo
959 2518 1076 2573 apud
1111 2518 1346 2561 Cheruscos
1376 2519 1590 2562 obtineret.

446 2586 586 2628 Mater
605 2587 792 2628 Arminii
822 2590 870 2628 ut
892 2588 989 2628 viva
1009 2602 1048 2631 a.
1072 2589 1124 2629 16
1143 2590 1399 2629 memoratur
1425 2587 1524 2630 Tac.
1546 2602 1585 2632 a.
1607 2592 1651 2638 2,
1675 2592 1752 2640 1Ο,·
1782 2590 1915 2632 frater
1931 2605 2085 2646 cogno-

364 2661 506 2696 mento
547 2654 711 2696 Flavus
741 2655 827 2697 ibd.
855 2659 898 2705 2,
921 2659 960 2697 9.
982 2659 1059 2707 10,·
1089 2659 1155 2706 11,
1177 2659 1243 2698 16.
1263 2659 1341 2707 17,·
1378 2656 1680 2710 Inguiomerus
1715 2664 1894 2713 patruus
1926 2659 2011 2703 ibd.
2042 2663 2082 2711 1,

363 2727 440 2774 60;
468 2728 511 2773 2,
533 2726 610 2774 45;
640 2738 752 2764 uxor
772 2723 1023 2766 Thusnelda
1044 2725 1235 2779 Segestis
1250 2724 1568 2767 Cheruscorum
1588 2726 1795 2782 principis
1815 2726 1905 2769 filia
1926 2727 2084 2771 Strabo

363 2796 401 2842 7,
423 2795 470 2842 1,
492 2795 519 2833 4
550 2806 597 2846 p.
622 2794 734 2842 292,
777 2807 905 2847 quam
945 2792 1016 2834 alii
1059 2799 1231 2849 pactam
1271 2792 1494 2835 Arminius
1532 2800 1736 2849 rapuerat
1770 2795 1868 2837 Tae.
1901 2810 1941 2838 a.
1971 2799 2011 2847 1,
2031 2799 2085 2839 55

360 2860 527 2902 nomine
547 2860 709 2902 omisso.
747 2862 1011 2914 Quamquam
1037 2862 1208 2904 Tacitus
1229 2876 1267 2905 a.
1285 2866 1328 2911 2,
1345 2864 1400 2904 58
1421 2861 1630 2916 Seyestem
1653 2863 1769 2916 apud
1784 2862 2086 2906 Germanicum

363 2929 565 2970 dicentem
594 2929 703 2981 facit
733 2935 851 2982 ‘ergo
882 2936 1099 2985 raptorem
1128 2929 1242 2971 filiae
1281 2944 1402 2972 meae
1433 2929 1684 2972 violatorem
1724 2930 1909 2973 foederis
1950 2933 2084 2974 vestri

361 2995 604 3038 Arminium
625 2996 741 3052 apud
762 2997 939 3051 Varum,
963 2998 1036 3053 qui
1058 3004 1151 3039 tum
1173 2998 1383 3040 exercitui
1405 2997 1692 3054 praesidebat,
1722 3013 1844 3041 reum
1874 2999 1988 3054 feci‘,
2020 3001 2085 3042 ita

361 3067 409 3106 ut
423 3064 646 3106 Arminius
667 3065 956 3107 Thusneldam
972 3069 1068 3108 ante
1085 3066 1245 3108 cladem
1267 3066 1501 3108 Varianam
1516 3067 1710 3120 rapuisse
1724 3067 1928 3118 videatur,
1945 3070 2084 3110 tamen

362 3146 413 3174 ne
441 3132 567 3173 nimis
599 3133 788 3175 oratione
818 3148 868 3175 ea
896 3134 1097 3184 nitamur,
1128 3137 1295 3176 monent
1324 3148 1429 3188 quae
1449 3134 1712 3188 praecedunt
1728 3135 1773 3176 in
1793 3136 1888 3189 ipsa
1909 3149 2085 3178 enarra-

364 3199 475 3241 tione
511 3199 649 3241 Taciti
669 3215 701 3242 c.
722 3203 797 3243 55:
830 3202 990 3244 ‘Varus
1022 3202 1109 3244 fato
1141 3208 1183 3244 et
1212 3202 1255 3243 vi
1278 3201 1462 3244 Arminii
1485 3202 1662 3256 cecidit3
1694 3202 1906 3257 Segestes,
1938 3218 2084 3259 quam-

364 3282 494 3323 quam
535 3283 747 3311 consensu
785 3272 926 3323 gentis
967 3271 1011 3312 in
1051 3270 1211 3312 bellum
1242 3276 1403 3312 tractus
1434 3270 1607 3325 (seilioet
1641 3270 1752 3324 quod
1788 3271 1874 3324 fuit
1902 3271 1997 3314 inde
2028 3272 2082 3314 ab

364 3349 474 3378 anno
505 3334 547 3390 9)
580 3335 744 3379 discors
776 3338 979 3382 manebat
1009 3339 1146 3382 auctis
1177 3339 1380 3395 privatim
1411 3338 1531 3393 odiis,
1561 3338 1678 3397 quod
1697 3337 1919 3383 Arminius
1948 3338 2082 3384 filiam
