2202 3730
110 281 356 321 CLAVDIVS
967 274 1050 317 367
1666 280 1911 318 CLAVDIVS

190 412 289 455 dam
328 411 442 466 falso
472 411 644 465 putavit
673 414 853 465 propter
882 411 1079 455 Suetonii
1114 412 1243 454 verba
1280 412 1420 454 minus
1460 413 1664 453 accurata
1700 410 1855 455 Claud.
1886 415 1912 453 1

193 487 306 537 ‘post
327 485 572 536 praeturam
594 479 819 522 confestim
840 480 943 522 inito
976 479 1202 522 consulatu
1233 488 1362 536 atque
1393 479 1667 536 expeditione
1698 480 1910 535 repetita’.

189 548 283 593 Hoc
312 549 402 602 fere
432 551 612 602 tempore
646 551 900 602 auyuratum
936 550 1118 602 accepit,·
1146 563 1286 603 augur
1310 552 1338 592 t.
1363 552 1401 593 6.
1462 547 1691 591 Octaviam
1721 562 1911 590 sororem

189 617 374 673 Augusti
405 632 443 658 a.
467 617 550 659 743
570 635 625 650 =
649 617 696 658 ll
723 615 970 658 defunctam
1001 631 1078 672 pro
1110 618 1260 659 rostris
1292 618 1485 660 oratione
1514 615 1688 658 funebri
1718 615 1913 658 laudavit

188 686 276 730 Dio
295 689 360 736 54,
381 688 448 728 35.
497 685 612 727 Vere
644 686 818 727 ineunte
848 701 886 727 a.
909 685 991 728 743
1014 705 1070 720 =
1095 687 1142 728 ll
1166 686 1222 728 ad
1243 685 1409 729 Gallias
1441 700 1640 727 reversus
1671 685 1910 727 exercitum

189 761 339 797 contra
363 754 554 808 Chattos„
589 753 845 808 Cheruscos,
877 753 1074 797 Chaucos
1096 754 1243 807 duxit3
1276 769 1375 797 cum
1400 755 1634 797 exercitum
1661 753 1714 796 ad
1737 753 1913 795 castella

189 823 385 865 Romana
410 822 648 876 reduceret,
671 822 787 878 apud
808 821 1071 865 Arbalonem
1102 823 1147 864 in
1177 837 1388 865 summum
1414 822 1644 864 discrimen
1674 823 1804 876 venit,
1837 821 1911 863 sed

190 893 428 933 temeritate
459 891 644 933 hostium
675 891 811 932 evasit
838 890 927 933 Dio
956 893 1022 941 54,
1053 894 1108 933 33
1138 892 1192 944 cf.
1215 891 1334 934 Plin.
1354 906 1395 935 n.
1416 891 1457 933 h.
1479 894 1545 940 11,
1567 893 1633 941 55,
1671 890 1818 943 Obseq.
1841 894 1909 939 72,

188 960 279 1001 Liv.
302 959 490 1014 perioch.
521 963 614 1004 140.
674 959 745 1002 Διὰ
777 960 847 1015 μὲν
878 959 946 1002 οὖν
975 963 1096 1002 ταῦτα
1125 962 1194 1006 τάς
1222 977 1265 1002 τε
1300 961 1510 1006 ἐπινικίους
1539 959 1651 1015 τιμὰς
1680 961 1744 1002 καὶ
1772 960 1818 1002 τὸ
1850 959 1912 1000 ἐπὶ

188 1028 355 1085 κέλητος
394 1029 436 1074 ἐς
474 1029 518 1070 τὸ
558 1028 654 1070 ἄστυ
694 1029 833 1071 ἐλάσαι
873 1029 946 1082 (=
976 1036 1228 1070 ornamenta
1267 1027 1546 1084 triumphalia
1582 1034 1624 1070 et
1654 1026 1813 1069 ovandi
1846 1027 1911 1068 ius

189 1096 360 1139 Sueton.
389 1095 546 1139 Claud.
577 1098 622 1150 1)
650 1101 701 1152 τῇ
729 1112 771 1138 τε
806 1099 874 1138 τοῦ
910 1097 1137 1139 ἀνθυπάτου
1172 1096 1350 1152 ἐξουσίᾳ,
1391 1096 1549 1139 ἐπειδὰν
1581 1098 1909 1152 διαστρατηγήσῃ,

187 1165 415 1221 χρήσασθαι
456 1164 599 1221 ἔλαβε·
630 1166 674 1207 τὸ
715 1164 789 1221 γὰρ
833 1164 959 1219 ὄνομα
999 1168 1068 1206 τοῦ
1105 1165 1390 1221 αὐτοκράτορος
1428 1165 1683 1221 ἐπεψηφίσθη
1727 1165 1798 1220 μὲν
1836 1164 1910 1205 ὑπὸ

186 1237 264 1275 τῶν
295 1237 542 1288 στρατιωτῶν
571 1235 634 1275 καὶ
666 1234 807 1288 ἐκείνῳ
837 1232 925 1275 τότε
955 1234 1019 1274 καὶ
1048 1240 1108 1290 τῷ
1131 1232 1297 1290 Τιβερίῳ
1327 1232 1514 1289 πρότερον
1549 1233 1619 1285 (cf.
1649 1235 1714 1282 54,
1740 1231 1823 1283 31),
1865 1231 1909 1272 οὐ

188 1301 319 1357 μέντοι
349 1301 455 1357 παρὰ
484 1305 553 1343 τοῦ
578 1299 802 1357 Αὐγούστου
835 1300 971 1355 ἐδόθη,
1003 1303 1144 1357 καίπερ
1175 1302 1295 1343 αὐτοῦ
1325 1300 1394 1343 ἀπ’
1416 1301 1653 1357 ἀμφοτέρων
1675 1305 1753 1343 τῶν
1781 1299 1908 1356 ἔργων

186 1369 252 1411 τὸν
287 1369 453 1424 ἀριθμὸν
488 1373 558 1424 τῆς
591 1370 840 1426 ἐπικλήσεως
871 1370 1108 1426 αὐξήσαντος
1143 1369 1317 1424 (scilicet
1350 1370 1581 1424 imperator
1620 1369 1699 1411 XI
1727 1372 1766 1411 et
1805 1368 1910 1410 XII

188 1435 463 1489 acclamatus)
485 1436 573 1479 Dio
597 1440 662 1489 54,
687 1440 753 1481 33.
803 1438 1035 1491 Imperium
1047 1438 1354 1491 proconsulare
1374 1439 1414 1480 ei
1433 1438 1639 1480 decretum
1658 1440 1730 1487 est,
1753 1435 1910 1479 ἐπειδὰν

189 1506 516 1562 διαστρατηγήσῃ,
549 1505 596 1547 id
632 1509 713 1556 est,
754 1505 921 1559 quando
954 1509 1208 1559 praeturam
1240 1510 1495 1560 peracturus
1534 1508 1658 1555 esset,
1701 1505 1831 1558 iyitur
1865 1503 1911 1544 in

187 1587 227 1615 a.
252 1576 342 1615 744.
394 1573 521 1615 Anno
544 1573 627 1615 744
647 1594 702 1608 =
726 1575 778 1616 10
798 1580 948 1615 contra
970 1573 1149 1617 Chattos
1169 1574 1364 1631 aliasque
1383 1581 1533 1629 gentes
1555 1572 1910 1615 Transrhenanas

187 1642 411 1698 pugnavit,
438 1640 539 1683 dein
560 1656 655 1683 cum
678 1641 890 1697 Augusto,
914 1643 989 1698 qui
1013 1644 1056 1683 in
1077 1642 1221 1684 Gallia
1242 1643 1526 1697 Lugdunensi
1547 1648 1705 1696 egerat,
1730 1642 1909 1683 Romam

188 1709 316 1751 rediit
354 1708 442 1752 Dio
475 1713 540 1760 54,
575 1713 640 1760 36,
678 1711 770 1752 Liv.
800 1710 989 1764 perioch.
1024 1714 1116 1754 141.
1181 1711 1308 1752 Anno
1346 1711 1427 1754 745
1464 1730 1519 1744 z
1553 1711 1580 1752 9
1620 1707 1768 1752 consul
1813 1722 1909 1749 cum

186 1778 237 1823 T.
262 1777 466 1830 Quinctio
498 1778 699 1834 Crispino
730 1779 848 1833 fasti,
882 1782 909 1822 t.
936 1783 979 1822 2.
1002 1782 1039 1821 6.
1105 1779 1267 1822 Eodem
1296 1781 1386 1833 fere
1415 1783 1597 1834 tempore
1627 1778 1682 1820 ab
1714 1776 1909 1831 Augusto

187 1848 461 1903 imperatorio
491 1848 663 1889 nomine
693 1854 845 1890 auctus
872 1848 969 1892 Tac.
993 1862 1032 1889 a.
1054 1851 1093 1898 1,
1115 1851 1166 1899 3;
1195 1849 1427 1904 imperator
1457 1851 1485 1891 t.
1506 1851 1551 1891 2.
1573 1850 1611 1897 6,
1642 1845 1813 1888 nummi.

274 1915 438 1957 Eodem
466 1930 579 1957 anno
610 1917 653 1957 in
676 1916 955 1960 Germaniam
978 1930 1177 1958 reversus
1210 1923 1251 1958 et
1270 1916 1525 1960 Chattorum
1553 1915 1660 1957 fines
1690 1915 1909 1967 ingressus

190 1985 334 2025 omnia
353 1983 601 2040 populando
618 1984 672 2026 ad
690 1983 834 2026 Albim
857 1984 1038 2026 fluvium
1058 1986 1278 2041 pervenit3
1301 1999 1429 2041 quem
1450 1999 1504 2026 ne
1524 1981 1906 2037 transgrederetur,

187 2052 360 2094 divinae
401 2051 625 2094 cuiusdam
664 2051 856 2094 mulieris
887 2067 993 2094 voce
1028 2053 1203 2095 territus
1244 2053 1430 2109 tropaeis
1461 2051 1702 2094 constitutis
1733 2048 1910 2091 recessit

188 2127 230 2162 et
260 2121 303 2162 in
337 2122 501 2174 itinere,
534 2121 787 2176 priusquam
821 2120 877 2162 ad
907 2120 1102 2163 Rhenum
1135 2122 1392 2178 perveniret,
1428 2119 1578 2163 morbo
1609 2118 1792 2161 decessit
1821 2116 1908 2158 Dio

185 2192 251 2239 55,
288 2193 331 2240 1,·
371 2189 479 2231 obiit
508 2190 552 2230 in
580 2189 754 2230 aestivis
784 2190 958 2243 castris,
999 2205 1110 2245 quae
1141 2205 1195 2232 ex
1230 2205 1280 2232 eo
1312 2189 1531 2233 Scelerata
1565 2194 1667 2230 sunt
1696 2184 1908 2242 appellata

188 2257 358 2301 Sueton.
388 2257 543 2301 Claud.
566 2261 616 2307 1,·
646 2257 726 2300 ἔστι
756 2259 800 2300 δὲ
830 2260 894 2300 καὶ
920 2258 1053 2304 Σάλας
1079 2260 1255 2315 ποταμὸς
1284 2265 1356 2313 (=
1377 2258 1444 2300 die
1467 2256 1656 2310 Saale?),
1689 2255 1733 2297 οὔ
1767 2253 1907 2310 μεταξὺ

187 2329 251 2370 καὶ
290 2330 357 2369 τοῦ
388 2324 533 2383 Ῥήνου
570 2329 756 2382 πολεμῶν
793 2328 857 2368 καὶ
889 2329 1096 2382 κατορθῶν
1122 2327 1296 2383 Δροῦσος
1333 2326 1586 2383 ἐτελεύτησεν
1617 2327 1637 2367 ὁ
1670 2324 1700 2367 Γ
1702 2320 1909 2379 ερμανικός

188 2395 350 2438 Strabo
381 2399 419 2445 7,
450 2399 489 2445 1,
517 2398 546 2437 3
567 2410 615 2449 p.
646 2398 758 2446 291,-
797 2410 852 2436 ex
883 2396 1094 2451 fractura,
1137 2411 1246 2453 equo
1282 2411 1413 2452 super
1442 2410 1540 2437 crus
1570 2395 1662 2436 eius
1691 2391 1906 2447 conlapso,

188 2465 405 2507 tricesimo
437 2463 507 2505 die
537 2478 668 2519 quam
698 2463 915 2506 acciderat
950 2471 1144 2507 mortuus
1175 2465 1266 2508 Liv.
1290 2464 1477 2518 perioch.
1508 2466 1603 2507 142.
1665 2463 1908 2504 Intraverat

188 2534 359 2589 penitus
382 2533 659 2577 Germaniam
691 2539 734 2574 et
763 2532 821 2574 ibi
853 2533 1024 2587 signum
1044 2534 1226 2575 Romani
1248 2533 1449 2586 fixerunt,
1474 2531 1545 2574 ubi
1567 2532 1643 2572 vix
1675 2529 1783 2572 ullos
1814 2542 1906 2569 esse

189 2603 404 2644 Romanos
435 2607 583 2643 notum
614 2606 726 2654 erat3
769 2601 812 2641 in
845 2601 1119 2657 expeditione
1155 2601 1398 2643 decesserat
1428 2602 1532 2656 ipsis
1563 2599 1684 2641 illurn
1715 2595 1909 2640 hostibus

188 2683 366 2724 aegrum
396 2683 496 2711 cum
527 2670 803 2710 veneratione
842 2676 884 2711 et
920 2685 1025 2725 pace
1066 2676 1216 2712 mutua
1256 2668 1615 2726 prosequentibus
1651 2666 1824 2723 (scilicet
1855 2663 1912 2705 ad

185 2741 330 2781 castra
369 2737 545 2791 aestiva)
577 2737 738 2780 Seneca
777 2738 929 2780 consol.
962 2738 1020 2780 ad
1049 2738 1269 2780 Marciam
1296 2741 1335 2788 3,
1367 2741 1415 2788 1;
1454 2735 1603 2778 consul
1642 2734 1910 2789 trigesimum

189 2821 349 2859 annum
389 2819 520 2860 agens
562 2812 754 2847 mortuus
794 2805 972 2848 Velleius
1001 2810 1043 2856 2,
1076 2809 1143 2856 97,
1172 2810 1211 2850 3.
1283 2806 1484 2848 Mortuus
1524 2811 1588 2847 est
1624 2802 1781 2846 XVIII
1820 2798 1909 2842 kal.

191 2875 287 2918 Oct.
309 2890 347 2917 a.
370 2874 452 2917 745
473 2894 527 2908 Ξ
548 2874 574 2915 9
605 2889 643 2915 a.
671 2873 719 2916 C.
750 2875 858 2928 fasti
884 2874 1083 2917 Antiates
1110 2874 1211 2917 CIL
1241 2875 1274 2917 Ι
1277 2875 1294 2898 2
1317 2890 1363 2928 p.
1385 2878 1483 2919 248.
1544 2873 1672 2917 Haud
1704 2868 1855 2927 procul
1885 2883 1911 2909 a

190 2942 553 2997 Teutoburgiensi
585 2941 695 2984 saltu
720 2948 860 2984 ‘vetus
890 2958 966 2984 ara
994 2943 1144 2984 Drusi²
1170 2943 1344 2998 (scilicet
1371 2944 1417 2985 in
1446 2944 1599 2986 castris
1627 2941 1713 2984 illis
1742 2937 1911 2980 aestivis

190 3009 398 3064 extructa)
434 3025 460 3051 a
494 3009 752 3052 Germanico
783 3025 821 3052 a.
855 3012 907 3053 16
938 3011 1137 3052 restituta
1171 3018 1235 3052 est
1271 3010 1508 3067 honorique
1541 3010 1676 3067 patris
1706 3008 1908 3064 princeps

188 3081 280 3135 ipse
307 3093 405 3121 cum
435 3078 677 3133 legionibus
707 3078 953 3120 decucurrit
988 3079 1085 3123 Tae.
1113 3094 1151 3122 a.
1173 3083 1216 3129 2,
1246 3082 1282 3121 7.
1302 3081 1355 3108 4-
1375 3080 1460 3122 Res
1492 3095 1518 3121 a
1546 3079 1692 3121 Druso
1724 3078 1768 3118 in
1799 3074 1908 3117 Ger—

188 3147 333 3189 mania
381 3153 523 3201 gestas
571 3147 718 3203 paucis
758 3146 1103 3203 complectuntur
1149 3147 1328 3190 Velleius
1360 3150 1413 3198 2,
1449 3151 1516 3198 97,
1561 3146 1726 3189 Florus
1755 3147 1807 3193 2,
1841 3145 1906 3192 30,

190 3216 415 3259 Suetonius
442 3215 636 3258 Claudus
663 3218 701 3265 1,
742 3215 916 3258 Orosius
946 3219 983 3266 6,
1014 3219 1084 3265 21,
1115 3215 1350 3269 Eutropius
1371 3219 1408 3266 7,
1431 3220 1470 3259 9.
1528 3217 1663 3258 Fossa
1687 3212 1907 3256 Drusiana

194 3284 291 3326 Tac.
320 3299 359 3327 a.
392 3288 435 3334 2,
465 3286 505 3333 8,
538 3297 671 3338 agger
698 3282 753 3325 ab
786 3298 834 3325 eo
864 3283 1088 3326 inchoatus
1119 3283 1268 3325 Rheno
1299 3284 1535 3326 coercendo
1567 3283 1664 3325 Tac.
1689 3296 1729 3323 a.
1751 3282 1816 3329 13,
1841 3282 1906 3328 53,

188 3352 229 3394 h.
255 3354 295 3402 5,
321 3355 386 3395 19.
