2202 3730
326 309 650 349 CARISTANIVS
1183 299 1267 341 304
1818 309 1823 312 ·
1849 304 2129 342 CARMINIVS*

407 448 582 498 propter
621 439 839 480 luxuriam
880 443 922 478 et
961 435 1189 477 avaritiam
1221 434 1375 477 Carisii
1416 433 1696 477 rebellassent
1725 441 1767 477 et
1797 450 1894 477 eum
1926 436 1976 477 iis
2008 434 2120 478 Can-

408 510 517 552 tabri
548 506 674 549 simul
706 505 975 558 defecissent,
1008 503 1200 546 Carisius
1230 502 1405 545 adiutus
1436 518 1462 544 a
1491 502 1539 545 C.
1573 503 1736 545 Furnio
1767 502 1908 557 legato
1936 503 2123 558 Augusti

407 576 585 619 rebelles
616 575 707 617 acie
737 573 897 615 devicit
926 571 1018 614 Dio
1045 574 1111 622 54,
1141 573 1179 615 5.

321 647 403 690 358
435 653 474 687 C.
509 647 834 686 CARISTANIVS
862 646 1060 681 FRONTO
1091 640 1218 681 uxori
1248 642 1274 681 t.
1299 640 1447 693 posuit
1471 653 1621 693 yraeee
1650 640 1850 694 seriptum
1870 639 2123 682 Antioehiae

404 713 596 754 Pisidiae
623 710 786 764 Papers
817 709 868 762 of
892 708 958 750 the
981 707 1213 749 American
1241 706 1381 749 school
1411 707 1462 761 of
1486 707 1680 750 elassieal
1709 707 1865 750 studies
1896 710 1941 749 at
1961 708 2123 750 Athens

404 781 464 822 II
478 778 619 832 (1888)
640 793 689 832 Ρ.
712 780 790 819 134
818 790 860 820 n.
882 778 962 818 108
983 775 1069 830 (1),
1099 776 1139 817 ei
1158 776 1327 829 positus
1357 779 1416 817 est
1446 778 1473 817 t.
1494 789 1643 829 yraeee
1662 776 1843 829 scriptus
1867 774 2123 830 Cadyandae

404 850 450 890 in
465 848 599 902 Isyeia
613 848 801 899 repertus
816 844 1008 886 Bulletin
1025 843 1074 886 de
1087 843 1441 897 correspondanee
1457 843 1703 897 Hellenique
1718 843 1766 886 X
1775 843 1914 897 (1886)
1923 858 1971 898 Ρ.
1982 847 2036 886 46
2046 843 2121 899 (2).

490 917 609 959 Γαίου
652 913 943 969 Κ[α]ριστανίου
986 911 1222 968 Φρόντωνος
1260 914 1287 953 t.
1319 915 1356 962 1,
1397 912 1442 966 [Γ
1445 911 1544 966 ά]ιον
1575 911 1831 968 Καριστάνιον
1873 911 2122 968 [Φ]ρόντωνα

405 988 432 1027 t.
463 988 506 1027 2.
540 1009 589 1012 --—
635 983 825 1036 Legatus
855 980 1041 1035 Augusti
1082 995 1158 1036 pro
1200 986 1398 1035 praetore
1428 980 1592 1035 Lyciae
1632 987 1675 1022 et
1704 979 1986 1035 Pamphyliae
2021 983 2049 1022 t.
2082 983 2131 1030 1,-

401 1053 477 1095 ubi
502 1065 651 1094 nornen
670 1049 857 1104 Augusti
882 1062 1048 1091 erasum
1077 1052 1148 1098 est,
1181 1047 1424 1090 Domitiani
1450 1052 1498 1090 ut
1526 1048 1690 1091 videtur
1700 1062 1713 1099 ;
1743 1049 1984 1105 πρεσβευτὴς
2013 1049 2123 1090 αὐτο-

402 1123 590 1178 κράτορος
611 1150 762 1161 .......
784 1120 811 1160 t.
827 1120 870 1160 2.
899 1117 1083 1158 Maritus
1106 1128 1138 1158 ;.
1155 1149 1186 1158 ..
1202 1115 1381 1158 Paullae
1402 1119 1429 1158 t.
1446 1119 1472 1158 1
1483 1129 1496 1167 ,·
1506 1119 1638 1170 pater
1649 1115 1814 1158 videtur
1829 1115 1874 1158 G.
1887 1113 2125 1159 Caristanii

403 1188 580 1231 Paulini
593 1187 667 1240 qui
681 1186 877 1239 sequitur.
889 1209 939 1214 —
953 1184 1108 1226 Plures
1121 1185 1204 1228 Gai
1217 1183 1448 1226 Caristanii
1460 1187 1759 1227 enumerantur
1768 1184 1814 1225 in
1830 1186 1858 1225 t.
1870 1182 2123 1228 Antiochiae

404 1256 595 1299 Pisidiae
616 1254 704 1297 III
718 1254 764 1297 S.
786 1256 910 1303 6852,
943 1254 1016 1307 qui
1042 1253 1106 1295 vel
1136 1252 1278 1294 liberti
1307 1253 1394 1295 eius
1413 1253 1544 1306 fuisse
1568 1253 1632 1295 vel
1652 1253 1860 1295 civitatem
1887 1265 2016 1306 opera
2035 1251 2123 1294 eius

404 1325 610 1379 accepisse
638 1322 842 1364 videntur.

320 1393 402 1436 359
434 1401 473 1435 e.
497 1396 823 1434 GARISTANJVS
846 1395 1107 1444 PAVLINVS,
1141 1389 1402 1444 Carfistanii]
1561 1388 1675 1430 filius
1695 1389 1869 1443 publice
1893 1388 2123 1432 honoratus

402 1465 430 1503 t.
463 1459 718 1515 Gadyandae
754 1459 797 1500 in
827 1459 962 1512 Isyeia
996 1461 1160 1512 reperto
1190 1457 1382 1499 Bulletin
1412 1457 1460 1499 de
1491 1457 1847 1511 correspondanee
1875 1456 2123 1510 Helle'nique

401 1529 448 1572 X
468 1529 609 1585 (1886)
633 1542 680 1581 Ρ.
703 1531 768 1569 47.
830 1526 1002 1568 Videtur
1029 1526 1145 1580 filius
1176 1539 1260 1568 esse
1283 1525 1327 1568 Ο.
1352 1523 1591 1568 Oaristanii
1607 1525 1841 1570 Frontonis
1868 1528 1907 1567 et
1927 1524 2120 1569 Paullae.

318 1600 401 1641 360
431 1602 703 1639 CARMINIVS
725 1600 1095 1636 ATHENAGORAS
1116 1597 1373 1636 memoratur
1392 1595 1438 1636 in
1460 1593 1595 1636 titulis
1613 1592 1928 1647 Aphrodisiade
1946 1592 2123 1647 repertis

397 1666 543 1721 patris
570 1663 680 1706 GIG
702 1666 821 1706 2782
840 1662 911 1718 (1),
943 1662 1027 1717 filii
1044 1665 1158 1705 2783
1178 1661 1264 1716 (2);
1294 1663 1393 1704 itern
1423 1663 1468 1703 in
1498 1665 1527 1704 t.
1548 1661 1779 1704 Attudensi
1804 1661 1958 1715 fratris
1977 1659 2123 1725 Bulle-

400 1735 462 1776 tin
492 1733 540 1774 de
570 1731 924 1785 correspondanee
954 1730 1200 1784 Hellenique
1230 1730 1309 1772 XI
1332 1729 1476 1783 (1887)
1500 1745 1547 1783 Ρ.
1567 1732 1649 1772 348
1670 1728 1741 1784 (3).

487 1801 668 1855 Origine
708 1799 962 1842 Attudensis
1002 1802 1030 1840 t.
1060 1802 1100 1849 3,
1142 1798 1256 1840 filius
1296 1798 1355 1840 M.
1399 1798 1518 1854 leii
1559 1797 1767 1840 Carminii
1810 1796 2039 1840 Claudiani
2080 1802 2123 1838 et

402 1868 579 1911 Flaviae
604 1867 785 1924 Appiae,
828 1881 959 1923 nepos
991 1866 1199 1908 Carminii
1231 1866 1460 1908 Claudiani
1490 1880 1567 1922 per
1598 1873 1773 1922 patrem,
1816 1865 1960 1908 Flavii
1989 1863 2120 1907 Athe-

400 1951 588 1991 nagorae
617 1950 695 1992 per
722 1941 901 1977 matrem
933 1935 1004 1990 (ef.
1036 1938 1210 1976 steni-rna
1239 1935 1315 1976 sub
1345 1949 1385 1978 n.
1419 1935 1515 1989 365)
1546 1938 1574 1976 t.
1606 1939 1643 1976 1.
1675 1938 1718 1984 2,
1750 1933 1884 1975 frater
1914 1932 2121 1975 Carminii

399 2004 643 2060 [Claudiani
657 2003 694 2058 P]
739 2004 917 2045 iunioris
959 2006 986 2046 t.
1027 2007 1078 2054 3,·
1121 2009 1243 2058 pater
1283 2003 1341 2044 M.
1384 2002 1527 2044 Flavii
1569 2001 1776 2044 Carminii
1817 2001 2122 2055 Athenagorae

399 2073 595 2126 Liviani,
640 2071 848 2114 Oarminii
892 2070 1142 2125 Claudiani,
1186 2071 1376 2127 Appiae,
1420 2070 1700 2125 (Carminiae)
1744 2070 1953 2112 Livianae
1999 2069 2120 2123 (Dio-

400 2140 546 2194 timae)
573 2143 601 2182 t.
624 2143 671 2191 1‚·
701 2154 749 2181 ex
781 2140 1093 2195 eoqnoininibus
1120 2139 1297 2181 duorum
1327 2139 1557 2181 liberorum
1586 2139 1675 2181 veri
1699 2139 1832 2181 simile
1863 2142 1925 2181 est
1948 2151 2121 2180 uxorem

400 2209 439 2251 ei
474 2209 606 2262 fuisse
637 2208 804 2250 Liviani
834 2207 897 2250 vel
926 2208 1153 2249 Livianam
1186 2208 1387 2261 aliquam.
1449 2208 1530 2249 Vir
1570 2207 1834 2248 clarissimus
1873 2209 1901 2248 t.
1933 2209 1981 2256 1,
2021 2219 2129 2248 eon·>

400 2276 555 2319 sularis
587 2280 614 2318 t.
648 2280 690 2326 2,
724 2276 952 2331 proconsul
984 2277 1147 2332 Lyciae
1179 2283 1221 2318 et
1251 2276 1535 2332 Pamphyliae
1567 2283 1609 2317 et
1640 2276 1830 2317 Isauriae
1861 2278 1889 2317 t.
1919 2278 1958 2316 3.

315 2347 393 2389 361
428 2353 478 2387 Μ.
502 2345 754 2399 FL(AVIVS)
787 2346 1097 2398 GARMONIVS)
1133 2350 1503 2386 ATHENAGORAS
1534 2351 1770 2386 LIVIANVS
1789 2343 1963 2398 publice
1991 2342 2118 2384 hono-

397 2417 519 2455 ratus
551 2416 579 2456 t.
603 2412 919 2467 Aphrodisiade
947 2417 1111 2468 reperto
1139 2412 1246 2456 GIG
1271 2415 1386 2456 2783
1406 2414 1477 2469 (1),
1507 2416 1762 2455 memoratur
1791 2413 1838 2454 in
1866 2415 1895 2454 t.
1920 2412 1990 2453 avi
2009 2409 2118 2454 OIG

399 2485 517 2525 2782
547 2480 623 2536 (2).
1838 2518 1840 2520 ,

485 2549 622 2591 Filius
654 2549 862 2591 Carminii
892 2549 1208 2604 Athenagorae,
1242 2564 1374 2606 nepos
1405 2550 1464 2592 M.
1496 2549 1614 2606 leii
1648 2550 1857 2592 Calminii
1889 2547 2117 2592 Claudiani

399 2618 470 2672 (ef.
491 2631 532 2660 n.
553 2617 663 2672 360),
695 2619 763 2659 vir
793 2617 1054 2660 clarissimus
1085 2622 1112 2662 t.
1144 2622 1181 2661 1.
1213 2622 1255 2663 2.

314 2687 396 2728 362
432 2691 703 2727 CARMINIVS
727 2692 1054 2740 CLAVDIANVS,
1076 2686 1190 2728 filius
1208 2686 1414 2729 Car-minii
1432 2686 1747 2741 Athenagorae,
1771 2701 1903 2742 nepos
1923 2685 1982 2729 M.
1992 2684 2125 2746 leii

399 2753 605 2796 Carminii
636 2752 874 2808 Claudiani,
906 2755 975 2795 vir
1005 2754 1267 2797 clarissimus
1302 2754 1409 2797 CIG
1437 2757 1556 2798 2782
1583 2758 1609 2796 t.
1643 2755 1723 2798 avi.
2031 2748 2054 2803 ξ

314 2822 395 2863 363
428 2821 708 2874 Oar(minius)
731 2820 1008 2876 Claudianus,
1042 2824 1248 2879 ἀρχιερεὺς
1276 2828 1345 2879 τῆς
1375 2820 1511 2871 Ἀσίας.
1544 2829 1666 2878 pater
1687 2823 1743 2864 M.
1766 2821 1883 2878 leii
1909 2821 2114 2864 Carminii

399 2887 627 2931 Claudiani
661 2887 726 2930 01
728 2889 767 2931 G
797 2892 914 2932 2782
945 2891 998 2943 ef.
1025 2904 1067 2932 n.
1088 2894 1181 2933 365.

314 2957 398 2998 364
430 2955 704 3010 [Oar]minius
746 2956 1080 3033 solandianuSP]
1126 2960 1148 3001 ὃ
1187 2961 1398 3015 νεώτερος,
1443 2958 1557 3000 filius
1604 2959 1680 3012 (M.
1721 2957 1858 3014 leii)
1905 2957 2112 3000 Carminii

399 3023 649 3077 Claudiani,
694 3025 860 3078 origine
900 3026 1176 3080 Attudensis,
1219 3026 1353 3069 frater
1384 3026 1589 3069 Cal-minii
1619 3026 1922 3080 Athenagorae
1944 3026 2114 3080 publice

398 3092 628 3134 honoratus
650 3095 676 3134 t.
698 3092 927 3135 Attudensi
945 3094 1135 3138 Bulletin
1157 3095 1206 3136 de
1237 3094 1590 3148 correspondanee
1611 3094 1859 3148 Hellenique
1876 3093 1961 3136 XI
1973 3093 2112 3148 (1887)

397 3174 443 3214 Ρ.
464 3162 556 3203 348.
606 3159 839 3214 Coynomen
859 3162 904 3203 in
926 3162 1067 3216 lapide
1088 3163 1246 3216 periit,·
1265 3166 1493 3216 paternum
1519 3165 1694 3216 propter
1716 3165 1907 3219 νεώτερος
1933 3162 2110 3206 restitui.

314 3229 396 3269 365
427 3227 486 3269 Μ.
518 3226 710 3283 le(ius)
743 3228 1025 3284 Ca1(minius)
1057 3230 1322 3272 Claudianus
1345 3230 1515 3284 public(
1545 3245 1572 3272 a
1602 3231 1779 3272 civitate
1797 3229 2112 3284 Aphrodisiade

397 3295 626 3337 honoratus
657 3295 764 3338 C'IG
793 3300 911 3340 2782
941 3297 1001 3352 (1)
1040 3302 1297 3340 memoratur
1335 3299 1381 3340 in
1411 3301 1438 3340 t.
1469 3298 1696 3340 Attudensi
1729 3298 1816 3353 filii
1841 3297 2036 3340 Bulletin
2062 3297 2111 3340 de

397 3363 750 3417 correspondanee
779 3364 1026 3419 Hellenique
1055 3366 1139 3409 XI
1162 3365 1303 3422 (1887)
1326 3381 1375 3420 p.
1395 3369 1477 3408 348
1507 3367 1582 3422 (2).
1655 3410 1657 3413 ,
2035 3383 2040 3391 “
