2202 3730
329 275 667 312 CALLICRATES
1184 263 1267 306 272
1800 269 2124 305 CALPETANVS

331 406 410 448 178
443 404 705 456 Callicrates,
738 402 921 457 Tyrius,
958 401 1243 444 ‘Graecorum
1273 400 1402 456 longe
1431 400 1701 443 doctissimus
1731 401 1928 457 scriptor'
1962 399 2016 442 de
2046 400 2126 443 ori-

413 472 584 526 ginibus
615 470 838 513 Aureliani
866 471 940 525 qui
969 470 1209 525 imperavit,
1242 470 1399 511 citatur
1426 469 1497 512 vita
1516 468 1748 511 Aureliani
1763 472 1801 520 4,
1823 472 1867 512 2.
1890 472 1918 512 7
1925 481 1939 520 ‚⁶
1968 471 2008 519 5,
2028 472 2067 510 1.

330 541 409 583 179
442 539 740 592 Callidromus,
774 552 927 580 servus
958 537 1190 594 aliquando
1221 537 1398 580 Laberii
1428 537 1608 579 Maximi
1638 552 1664 579 a
1695 537 1828 579 Dacis
1857 543 2009 593 eaptus
2039 542 2127 581 eta

411 606 628 649 Decebalo
660 607 824 648 Pacoro
855 605 1115 648 Parthorum
1142 605 1233 659 regi
1273 606 1443 647 muneri
1483 606 1638 647 missus
1679 604 1874 660 pluribus
1912 605 2036 646 annis
2081 605 2125 646 in

411 675 646 716 ministerio
693 675 784 715 eius
825 673 927 728 fuit,
971 673 1127 715 deinde
1158 672 1269 728 fugit
1299 679 1340 715 et
1369 672 1666 715 Nicomediam
1694 673 1913 729 pervenit,
1956 671 2071 715 unde
2100 687 2127 715 a

414 743 554 785 Plinio
584 742 725 796 legato
757 743 936 784 Romam
966 742 1121 783 missus
1153 747 1217 784 est
1246 741 1364 784 Pliu.
1397 741 1455 783 ad
1487 741 1662 784 Traiau.
1695 744 1759 784 74.

340 836 397 840 —-
441 818 502 852 TI.
536 817 782 853 OLAVDIVS
815 816 1172 852 CALLIPPIANVS
1205 816 1448 852 ITALIGVS.

339 903 398 909 —
440 886 491 923 M.
522 885 698 922 VLPIVS
729 884 1100 922 CALLIPPIANVS.

340 973 397 978 —
439 954 655 989 AEMILIA
687 952 943 989 CALLISTA.

342 1043 393 1047 —
437 1022 612 1057 AFINIA
644 1021 899 1057 OALLISTE.

329 1085 408 1127 180
441 1089 694 1138 CALLISTO,
736 1083 826 1125 filia
855 1082 1013 1137 Attali,
1057 1084 1199 1139 neptis
1231 1082 1448 1137 (Antonii)
1482 1082 1724 1124 Polemonis
1754 1082 1987 1139 sophistae,
2019 1097 2130 1124 uxor

411 1153 638 1195 Rusiniani
679 1150 994 1206 (ῬῬουσινιανός
1028 1151 1228 1202 traditur,
1269 1151 1391 1206 vulqo
1427 1151 1564 1193 editur
1594 1149 1885 1208 Ῥουφινιανός)
1914 1151 1999 1192 viri
2030 1164 2128 1192 con-

412 1220 587 1275 sularis,
632 1226 768 1262 mater
797 1220 1092 1262 Hermocratis
1125 1219 1340 1275 sophistae
1369 1218 1457 1261 filio
1490 1226 1708 1275 superstes
1738 1218 2030 1262 Philostratus
2057 1219 2129 1260 vit.

411 1288 583 1343 sophist.
606 1291 649 1338 2,
671 1290 740 1332 25.

330 1358 404 1400 181
440 1356 724 1408 Callistratum,
751 1357 844 1398 iure
865 1355 1098 1411 consultus,
1122 1356 1294 1412 scripsit
1313 1355 1366 1397 de
1389 1355 1708 1410 cognitionibus
1725 1354 1859 1397 libros
1881 1369 1967 1410 sex,
2001 1354 2130 1397 edicti

411 1426 626 1467 monitorii
657 1424 684 1466 l.
717 1440 804 1479 seX,
839 1424 892 1466 de
923 1425 1017 1466 iure
1046 1424 1138 1465 fisci
1169 1424 1230 1479 (et
1250 1423 1397 1480 populi
1421 1423 1583 1478 D‘e'ycst.
1604 1425 1671 1474 48,
1693 1426 1763 1474 20,
1785 1424 1829 1477 1)
1858 1423 1885 1466 l.
1914 1428 2130 1480 quattuor,

410 1494 728 1535 institutionum
759 1492 785 1537 l.
819 1499 928 1547 tres,
970 1493 1266 1548 quaestionum
1298 1491 1325 1534 l.
1358 1491 1465 1534 duos
1494 1491 1631 1534 Iudex
1658 1491 1938 1534 Florentinus
1966 1491 2129 1545 Diyest.

413 1561 504 1604 Sub
536 1561 696 1604 Severo
739 1567 780 1603 et
819 1560 1039 1603 Antonino
1080 1560 1289 1615 Augustis
1329 1559 1461 1602 libros
1502 1559 1555 1602 de
1595 1560 1912 1615 cognitionibus
1950 1559 2139 1616 perfecit,

409 1630 462 1683 ef.
485 1629 647 1684 Diqest.
672 1633 709 1680 1,
734 1633 796 1680 19,
819 1633 857 1680 3,
881 1633 934 1680 2,·
965 1630 1032 1679 50,
1051 1632 1094 1680 2,
1117 1632 1192 1681 11;
1219 1629 1266 1672 iu
1298 1629 1503 1683 excerptis
1524 1629 1729 1671 librorum
1750 1628 1799 1671 de
1818 1630 2132 1683 quaestionibus

413 1698 466 1751 cf.
489 1697 652 1752 Diqest.
674 1702 712 1749 1,
728 1700 767 1748 3,
783 1700 838 1740 38
859 1698 1128 1754 (‘imperator
1147 1704 1293 1740 noster
1315 1698 1501 1741 Severus
1521 1698 1779 1754 rescripsit‘)
1801 1701 1841 1740 et
1860 1697 1908 1740 de
1927 1698 2020 1740 iure
2039 1697 2135 1752 fisci

413 1766 467 1818 cf.
498 1765 583 1807 ibd.
614 1769 680 1817 49,
713 1769 777 1816 14,
809 1769 852 1816 2,
882 1769 908 1808 6
939 1766 1208 1822 (‘imperator
1236 1772 1382 1808 noster
1408 1765 1596 1808 Severus
1617 1765 1843 1820 Augustus
1874 1765 2132 1820 constituit')

413 1833 590 1876 Severus
605 1834 717 1876 solus
732 1834 987 1885 nominatur,
1003 1834 1113 1877 uude
1130 1833 1404 1877 Callistratus
1418 1834 1493 1876 hos
1509 1834 1639 1876 libros
1654 1837 1751 1877 aute
1767 1849 1806 1877 a.
1819 1837 1902 1877 198
1914 1834 2133 1889 scripsisse

409 1905 615 1956 putatum
645 1902 719 1944 sed
737 1917 828 1944 eam
846 1903 1094 1945 senteutiam
1113 1916 1197 1945 nou
1217 1916 1302 1945 esse
1320 1906 1476 1945 certam
1497 1906 1536 1944 ct
1555 1917 1638 1957 per
1656 1916 1699 1945 se
1718 1906 1854 1957 patet,
1886 1916 1978 1946 cum
2001 1901 2133 1946 Galli-

412 1973 571 2012 stratus
603 1970 729 2012 aliter
759 1971 924 2013 omniuo
956 1971 1092 2014 dicere
1127 1971 1337 2025 nequiret,
1379 1971 1419 2013 si
1458 1971 1506 2013 de
1546 1971 1837 2013 constitutione
1862 1970 2008 2014 Severi
2036 1974 2134 2014 ante

414 2052 453 2081 a.
475 2041 557 2080 198
579 2038 682 2080 data
704 2042 855 2093 aqeret,
880 2042 919 2081 et
949 2053 994 2081 eo
1015 2040 1242 2093 probatur,
1273 2039 1384 2092 quod
1412 2054 1467 2081 ex
1496 2039 1607 2081 libro
1638 2040 1777 2095 primo
1799 2039 1853 2081 de
1878 2040 2130 2094 cognitioni-

413 2105 495 2147 bus
524 2106 687 2160 Diqest.
716 2110 784 2157 50,
812 2111 851 2158 4,
883 2111 947 2158 14,
972 2111 999 2149 4
1036 2108 1164 2150 verba
1204 2106 1445 2159 afferuntur
1477 2108 1729 2163 ‘imperator
1767 2113 1913 2149 noster
1943 2101 2130 2151 Severus

412 2173 639 2227 Augustus
681 2176 931 2231 rescripsit’.
992 2175 1163 2218 Citatur
1185 2176 1352 2231 passim
1380 2176 1426 2218 iri
1454 2175 1662 2230 Digamus,
1694 2177 1936 2230 fraymeuta
1965 2176 2131 2230 colleqit

413 2242 553 2292 Leuel,
586 2242 887 2298 Paliuyeuesia
911 2244 946 2285 I
958 2258 1005 2298 p.
1027 2247 1081 2286 81
1101 2257 1186 2298 sqq.

342 2334 397 2338 —
441 2310 494 2362 Q.
525 2311 734 2354 Veturius
764 2311 1049 2354 Callistratus.

333 2378 414 2419 182
445 2377 659 2434 Callistus,
693 2379 783 2422 dux
803 2381 1096 2422 Romanorum
1127 2382 1170 2423 in
1191 2381 1298 2423 Asia
1322 2397 1347 2423 a
1367 2380 1585 2436 militibus,
1617 2382 1691 2438 qui
1712 2381 1934 2424 Valeriani
1964 2380 2130 2423 cladem

415 2446 675 2502 effugerant,
730 2448 890 2490 electus
936 2450 1091 2491 Persas
1143 2464 1220 2505 per
1265 2449 1461 2492 Ciliciam
1513 2456 1554 2491 et
1597 2450 1863 2505 Lycaoniam
1913 2449 2130 2505 dispersos

415 2528 642 2568 aggressus
674 2515 787 2558 fudit
816 2516 1036 2571 Syucellus
1057 2531 1104 2571 p.
1127 2521 1207 2560 716
1237 2521 1275 2560 et
1304 2518 1444 2560 eodem
1472 2519 1588 2571 foute
1615 2531 1718 2560 usus
1746 2518 1945 2560 Zonaras
1972 2520 2042 2568 12,
2071 2520 2131 2562 23

413 2596 460 2635 p.
483 2585 567 2625 142
596 2583 656 2625 ed.
688 2584 892 2638 Diudorf.
953 2585 1073 2627 Idem
1100 2585 1265 2628 videtur
1293 2589 1416 2640 atque
1444 2585 1637 2628 Ballista
1665 2585 1711 2627 B
1735 2589 1801 2630 36.

342 2673 399 2678 —
441 2656 485 2692 L.
516 2657 730 2693 ACONIVS
764 2659 1044 2695 CALLISTVS.

342 2742 400 2746 —
444 2718 494 2760 L.
525 2717 716 2761 Aeonius
748 2719 963 2765 Callistus.

344 2810 401 2815 v-—
445 2785 492 2829 C.
525 2786 659 2828 Iulius
691 2787 907 2831 Callistus,

346 2878 396 2882 —-
445 2860 487 2895 G.
521 2855 870 2911 C(ORNEL1VS?)
903 2864 1040 2900 CALP.
1074 2865 1302 2901 RVFINVS.

332 2921 413 2962 183
445 2920 717 2976 CalpetanUS,
751 2924 943 2967 medicus
975 2926 1279 2969 celeberrimus
1309 2927 1426 2983 apud
1454 2928 1670 2983 principes
1701 2927 1820 2971 Pliu.
1846 2942 1888 2970 n.
1921 2927 1960 2972 h.
1990 2931 2062 2978 29,
2089 2929 2128 2970 7.

332 2988 413 3030 184
445 2995 485 3030 C.
518 2995 840 3034 GALPETANVS
872 2999 1087 3036 RANTIVS
1120 3001 1404 3045 QVIRINALIS
1434 3002 1684 3037 VALERIVS
1715 3002 1912 3038 FESTVS.
1977 2995 2130 3038 Tituli:

416 3057 455 3097 ei
475 3058 641 3110 positus
662 3062 721 3100 est
751 3059 881 3102 V531
902 3063 959 3117 (1)
996 3062 1272 3116 Terqestiuus,
1304 3063 1378 3117 qui
1406 3076 1572 3105 cursum
1600 3063 1804 3106 honorum
1834 3063 2009 3114 exhibet,
2039 3064 2129 3118 ipse

411 3125 557 3177 posuit
597 3126 763 3179 cippum
794 3129 1055 3171 terminalem
1094 3130 1162 3172 VI
1183 3133 1298 3174 1238
1328 3131 1404 3188 (2),
1435 3135 1691 3174 memoratur
1719 3132 1765 3174 iri
1794 3135 1822 3174 t.
1854 3132 1901 3174 in
1927 3130 2129 3175 Galaecia

415 3196 578 3244 reperto
600 3193 660 3234 II
671 3196 785 3236 2477
803 3194 861 3251 (3)
884 3200 923 3238 et
941 3198 986 3239 iu
1006 3198 1208 3241 miliariis
1228 3199 1479 3253 provinciae
1504 3199 1834 3242 Tarraconensis
1853 3199 1915 3242 II
1924 3202 2035 3243 4799
2054 3198 2127 3255 (4).

414 3264 529 3303 4802
549 3260 619 3314 (5).
648 3264 759 3303 4803
780 3266 850 3318 (ὁ).
882 3267 993 3306 4838
1014 3263 1085 3319 (7).
1117 3269 1228 3309 4847
1246 3266 1318 3321 (8).
1349 3270 1457 3310 4854
1475 3266 1547 3322 (9),
1579 3268 1625 3309 in
1646 3267 1782 3310 tribus
1801 3267 1999 3322 exemplis
2021 3267 2128 3310 eius-

418 3328 508 3370 dem
539 3329 653 3370 tituli
682 3333 915 3374 castrorum
942 3332 1155 3376 Carnunti
1181 3335 1270 3377 III
1292 3334 1338 3378 S.
1359 3338 1504 3379 11194.
1534 3338 1680 3379 11195.
1711 3339 1845 3378 11196
1864 3337 1964 3392 (10).
