2202 3730
169 274 452 311 CORNELIVS
1024 271 1108 314 445
1690 276 1972 314 CORNELIVS

250 407 369 461 fasti.
410 407 602 462 Legatus
632 423 710 465 pro
737 424 802 465 pr.
824 408 913 450 divi
931 407 1119 463 Augusti
1140 415 1183 451 et
1202 410 1268 453 Ti.
1291 408 1491 452 Caesaris
1511 408 1701 463 Augusti
1722 408 1974 465 (superioris

251 475 723 533 provinciae-Illyrici)
765 480 793 519 t.
826 481 872 531 1,
914 476 998 532 leg.
1038 492 1116 533 pro
1155 493 1221 534 pr.
1262 480 1290 521 t.
1321 481 1365 521 2.
1400 480 1440 520 3.
1475 481 1516 519 4.
1551 480 1579 520 5
1587 491 1602 530 ;
1642 492 1742 520 cum
1775 477 1973 533 Augusto

250 550 419 586 mortuo
460 545 720 589 Germaniae
762 546 1100 602 Pannoniaeque
1150 547 1366 588 exereitus
1412 545 1695 599 rebellarent,
1745 545 1975 605 Dolabella

252 614 296 654 in
327 613 545 655 maritima
573 619 697 670 parte
726 613 891 669 Illyrici
921 615 1065 656 omnia
1105 615 1150 656 in
1187 629 1354 657 summa
1383 629 1490 671 pace
1521 619 1562 656 et
1588 615 1733 671 quiete
1762 616 1976 658 continuit

253 682 432 724 Velleius
461 686 504 732 2,
538 685 623 725 125
632 695 646 734 ;
676 683 722 724 in
751 686 779 724 t.
806 686 832 725 4
861 683 1079 725 indicatur
1109 698 1149 726 a.
1175 683 1311 734 16l17,
1343 684 1390 725 in
1422 687 1449 725 t.
1475 686 1508 726 2
1537 698 1576 725 a.
1605 686 1741 734 18s19,
1775 699 1803 726 a
1840 684 1974 727 Dola-

250 750 360 792 bella
379 753 609 804 praeterea
638 751 778 805 pos-iti
805 764 889 793 esse
918 751 1111 793 videntur
1145 751 1329 794 miliarii
1355 752 1444 793 III
1466 755 1596 794 3200.
1625 754 1754 802 3201,
1783 767 1973 806 quorum,

248 820 464 873 posterior
494 821 533 860 et
561 819 650 873 ipse
677 818 839 861 indicat
869 833 908 861 a.
930 819 1068 862 18l19.
1114 819 1318 873 Praefuit
1338 834 1436 874 erqo
1458 819 1637 874 Illyrici
1654 821 1784 874 parti
1811 821 1852 863 ei
1867 836 1976 875 quae

246 889 400 940 postea
415 886 658 934 ‚Dalmatia
688 888 915 940 provincia
949 888 1048 941 fuit,
1082 888 1180 930 inde
1215 889 1268 930 ab
1306 902 1344 932 a.
1370 891 1423 931 14
1451 902 1581 942 usque
1611 888 1670 930 ael
1697 903 1736 933 a.
1758 889 1895 933 18s19.
1920 917 1972 922 —

251 955 394 997 Annis
423 957 478 997 20
510 962 553 997 et
581 957 631 998 21
667 956 828 997 Romae
858 956 902 997 in
933 962 1086 998 senatu
1117 957 1375 999 sententiam
1405 956 1517 999 dixit
1553 957 1649 999 Tae.
1682 971 1722 1002 α.
1753 960 1793 1008 3,
1818 961 1886 1001 47.
1909 962 1974 1002 69.

252 1023 491 1065 Proconsul
518 1023 696 1066 Africae
726 1024 898 1074 nummi,
931 1025 1056 1066 annis
1087 1026 1257 1068 23—24
1283 1025 1602 1068 Tacfarinatem
1627 1026 1789 1069 devicit
1813 1027 1911 1071 Tac.
1934 1042 1973 1071 a.

249 1096 288 1142 4,
309 1095 462 1135 23-26
471 1105 484 1143 ;
504 1106 587 1146 per
609 1092 820 1134 biennium
842 1106 934 1134 euni
949 1093 1216 1146 provinciam
1236 1095 1394 1136 remisse
1412 1098 1593 1148 apparet
1612 1109 1662 1137 ex
1687 1095 1727 1137 Τ
1723 1109 1785 1138 ae.
1804 1110 1842 1138 a.
1859 1100 1899 1147 4,
1915 1100 1976 1140 23

250 1161 404 1203 collato
435 1176 475 1203 a.
505 1164 544 1211 3,
581 1164 645 1203 74.
673 1184 732 1192 —
761 1159 888 1202 Anno
921 1161 974 1203 27
1006 1176 1103 1203 cum
1132 1161 1324 1203 Domitio
1355 1162 1464 1204 Afro
1496 1162 1779 1215 Quinctilium
1810 1165 1974 1206 Varum

251 1230 574 1285 propinquitate
603 1243 818 1271 conexum
849 1231 1071 1272 accusavit
1102 1230 1186 1272 ibcl.
1209 1234 1247 1280 4,
1270 1233 1334 1273 66.
1382 1230 1510 1272 Anno
1540 1232 1594 1274 47
1626 1233 1669 1273 in
1701 1239 1854 1275 senatu
1885 1248 1977 1274 sen-

251 1299 431 1339 tentiam
459 1297 572 1339 dixit
599 1297 684 1341 ibd.
718 1300 784 1348 11,
811 1301 886 1342 22.
909 1323 961 1327 -—
985 1298 1144 1340 VIIvir
1174 1298 1313 1354 epulo,
1346 1298 1506 1340 sodalis
1535 1299 1705 1342 Titialis
1738 1304 1766 1343 t.
1795 1305 1832 1343 1.

173 1366 280 1409 1093
310 1373 352 1409 P.
390 1372 671 1408 CORNELIVS
703 1372 1008 1407 DOLABELLA
1036 1366 1175 1408 neseio
1205 1367 1298 1420 quis
1326 1371 1584 1410 memoratur
1612 1369 1658 1410 in
1689 1369 1823 1412 titulis
1853 1370 1977 1412 liber-

254 1438 390 1477 torum
422 1434 489 1477 VI
508 1437 628 1478 5864.
664 1427 813 1476 10103.

169 1503 280 1545 1094
310 1509 420 1545 SER.
451 1509 731 1545 CORNELIVS
764 1509 1068 1544 DOLABELLA
1098 1509 1424 1546 METILIANVS.
1476 1505 1630 1547 Tituli:
1654 1510 1913 1549 memoratur
1932 1508 1978 1549 in

252 1575 282 1614 t.
311 1571 643 1626 Corfiniensibus
672 1571 753 1613 IX
779 1574 893 1614 3152
919 1571 992 1627 (1).
1031 1575 1139 1615 3153
1168 1572 1253 1627 (2),·
1291 1572 1381 1626 ipse
1402 1574 1552 1627 posuit
1577 1575 1739 1616 nutrici
1765 1575 1977 1618 urbanum

259 1639 326 1682 VI
347 1643 480 1682 16450
511 1639 584 1694 (3).

337 1708 478 1751 Plena
520 1708 694 1751 nomina
739 1708 933 1751 exhibent
970 1711 999 1750 t.
1030 1712 1068 1751 1.
1102 1712 1131 1751 3
1141 1708 1152 1759 ,
1195 1741 1205 1751 .
1224 1741 1235 1751 .
1254 1742 1263 1751 .
1283 1709 1419 1751 ‚rneli
1461 1708 1718 1753 Dolabellae
1764 1712 1977 1756 Metiliani

252 1780 280 1820 t.
311 1781 355 1820 2.
377 1802 429 1806 -
453 1776 617 1820 Consul
652 1780 681 1819 t.
712 1781 738 1820 1
774 1776 976 1829 suffectus
1011 1791 1123 1820 anno
1157 1778 1317 1820 incerto
1353 1778 1517 1821 saeculi
1539 1779 1602 1821 II
1632 1780 1837 1832 ineuntis;
1876 1796 1977 1824 nam

251 1846 310 1888 M.
332 1845 493 1888 Atilius
511 1845 688 1888 Bradua
717 1861 798 1888 cos.
820 1852 863 1888 et
882 1845 956 1888 M.’
978 1845 1146 1888 Acilius
1166 1845 1327 1888 Aviola
1356 1861 1441 1890 cos,
1470 1846 1682 1889 bonorum
1711 1863 1979 1904 possessores

252 1915 344 1956 eius
376 1915 421 1956 in
451 1917 478 1958 t.
505 1918 531 1956 1
561 1918 659 1957 sunt
688 1914 876 1957 eonsules
906 1929 946 1957 a.
969 1918 1052 1956 108
1082 1914 1154 1969 (ef.
1186 1914 1229 1956 A
1249 1914 1375 1971 1083)
1407 1919 1446 1958 et
1476 1931 1515 1959 a.
1537 1919 1627 1959 122
1657 1917 1728 1971 (ef.
1749 1917 1794 1959 A
1813 1917 1901 1972 42),
1930 1922 1978 1960 ut

250 1983 347 2026 inde
385 1983 593 2036 sequitur,
639 1983 750 2037 quod
788 1984 881 2026 Ser.
923 1982 1152 2026 Cornelius
1193 1983 1421 2026 Dolabella
1455 1984 1704 2028 Metilianus
1744 1987 1977 2043 Pompeius

250 2051 482 2093 Marcellus
513 2059 716 2108 quaestor
745 2052 835 2094 divi
866 2052 1045 2094 Traiani
1075 2053 1121 2094 in
1152 2055 1179 2094 t.
1211 2056 1243 2096 2
1281 2053 1421 2106 frater
1449 2053 1512 2096 vel
1547 2054 1663 2109 filius
1691 2057 1830 2099 nostri
1856 2055 1976 2098 intel-

252 2120 448 2175 leyenelus
477 2133 564 2163 esse
591 2121 769 2163 videtur.

173 2189 281 2231 1095
314 2194 421 2231 SER.
440 2195 719 2231 CORNELIVS
736 2195 1039 2231 DOLABELLA
1055 2196 1367 2232 METILIANVS
1388 2196 1637 2233 POMPEIVS
1658 2197 1976 2237 MARCELLVS.

260 2257 395 2300 Tituli
430 2256 730 2312 Corfinienses:
771 2259 811 2300 ei
843 2258 1016 2312 publice
1046 2259 1216 2313 positus
1255 2261 1315 2300 est
1352 2259 1433 2301 IX
1462 2262 1570 2302 3154
1599 2258 1672 2315 (1),
1711 2260 1800 2314 ipSe
1830 2261 1978 2315 posuit

250 2329 359 2369 3153
389 2327 451 2380 (2)
482 2325 690 2368 mutilum.

341 2393 485 2437 Plena
513 2395 688 2436 nomina
718 2393 882 2436 exhibet
912 2397 939 2438 t.
969 2398 1008 2445 1,
1042 2427 1224 2440 .......
1255 2393 1388 2437 cellus
1420 2397 1447 2437 t.
1475 2398 1518 2439 2.
1553 2421 1602 2426 -
1633 2394 1726 2438 Ser.
1757 2394 1895 2448 filius,
1926 2396 1976 2439 P.

251 2477 396 2518 nepos,
430 2463 479 2506 P.
511 2477 736 2519 pronepos,
770 2463 818 2506 P.
850 2461 1040 2518 abnepos
1072 2466 1100 2504 t.
1127 2466 1165 2505 1.

335 2531 472 2573 IIIvir
501 2545 600 2573 aere
630 2537 808 2586 argento
839 2545 945 2573 auro
974 2531 1116 2573 flando
1146 2531 1358 2585 feriundo,
1392 2530 1525 2573 salius
1556 2530 1780 2574 Palatinus
1812 2535 1840 2574 t.
1869 2535 1908 2574 1.
1931 2535 1974 2582 2,

251 2606 454 2655 quaestor
478 2599 568 2641 divi
590 2600 768 2642 Traiani
794 2599 1000 2650 Parthici,
1032 2600 1148 2642 sevir
1170 2601 1364 2656 equitum
1385 2600 1680 2643 Romanorum
1707 2606 1875 2643 turmae
1894 2600 1975 2654 III,

251 2674 446 2724 praetor,
486 2667 636 2710 consul
666 2667 883 2720 (suffectus
914 2681 1025 2710 anno
1059 2669 1218 2711 incerto
1248 2669 1324 2711 sub
1355 2668 1616 2723 Hadriano),
1643 2668 1801 2711 flamen
1832 2668 1975 2722 Quiri-

254 2735 386 2791 nalis;
418 2743 626 2793 patronus
657 2735 992 2779 Corfiniensium
1022 2739 1051 2778 t.
1077 2741 1115 2778 1.

334 2770 497 2847 Frater
524 2805 587 2847 vel
613 2805 730 2860 filius
758 2805 924 2847 videtur
949 2805 1043 2848 Ser.
1072 2804 1262 2847 Cornelii
1291 2804 1383 2849 Ser.
1415 2806 1448 2859 f.
1469 2776 1724 2848 Dolabellae
1747 2806 1980 2849 Metiliani

249 2889 290 2917 n.
322 2876 426 2916 1094
460 2874 534 2926 qui
571 2877 830 2916 memoratur
869 2874 915 2916 in
947 2877 974 2916 t.
1005 2877 1058 2926 2,
1098 2877 1146 2915 ut
1174 2874 1306 2927 fuerit
1334 2874 1486 2927 frater,
1518 2888 1610 2916 eum
1638 2878 1779 2917 noster
1809 2875 1977 2918 dicatur

251 2942 299 2984 P.
333 2957 447 2997 nep„
487 2955 572 2984 non
602 2945 783 2996 possunt
822 2955 907 2984 esse
945 2942 1030 2997 filii
1069 2942 1162 2986 Ser.
1201 2941 1390 2985 Cornelii
1426 2943 1680 2986 Dolabellae
1710 2943 1975 2995 Petroniam,

248 3012 296 3052 ut
314 3010 464 3052 statuit
483 3010 716 3053 Mommsen
738 3010 796 3052 acl
815 3010 895 3052 IX
910 3013 1034 3061 3152,
1066 3011 1218 3064 quippe
1239 3025 1356 3064 quem
1376 3011 1514 3066 filium
1533 3012 1664 3066 fuisse
1686 3011 1763 3055 Gn.
1789 3012 1979 3055 Cornelii

249 3077 502 3120 Dolabellae
533 3081 573 3120 et
600 3077 830 3120 Petroniae
852 3093 990 3132 paene
1018 3082 1175 3120 eertum
1203 3078 1409 3122 videatur.

166 3146 276 3188 1096
308 3152 414 3187 SER.
448 3151 729 3188 CORNELIVS
766 3152 1069 3188 DOLABELLA
1108 3153 1473 3204 PETRONIANVS,
1518 3148 1668 3191 consul
1709 3163 1748 3191 a.
1780 3150 1835 3192 86
1875 3164 1975 3192 cum

250 3214 501 3256 Domitiano
542 3214 656 3269 Aug.
692 3215 806 3268 XII,
847 3230 902 3256 ex
942 3215 1010 3257 XI
1050 3214 1137 3258 kal.
1179 3215 1308 3258 Febr.
1348 3231 1449 3258 cum
1489 3216 1537 3261 C.
1570 3217 1696 3260 Secio
1738 3217 1973 3274 Campano,

248 3282 304 3324 In
334 3282 576 3324 consulatu:
605 3282 708 3325 Sex.
740 3283 833 3338 (sie)
855 3281 1083 3325 Cornelius
1112 3282 1342 3326 Dolabella
1370 3284 1659 3327 Petronianus
1680 3286 1769 3328 III
1782 3285 1883 3340 dipl.
1905 3289 1969 3336 13,

249 3349 342 3393 Ser.
374 3349 600 3394 Cornelius
639 3349 869 3393 Dolabella
908 3350 977 3393 VI
996 3353 1094 3394 398.
1123 3355 1258 3402 2064,
1294 3352 1509 3396 Censorin.
1540 3356 1605 3403 18,
1639 3357 1693 3396 15
1701 3367 1715 3405 ,·
1744 3353 1971 3397 Cornelius
