2202 3730
264 305 540 341 CORNELIVS
1122 299 1206 341 464
1366 304 1367 307 ’
1779 308 2058 365 GORuEles

348 435 616 478 corner...
652 436 712 476 II
745 437 877 486 4095,·
921 434 1147 476 Cornelius
1185 435 1347 477 Orfitus
1383 436 1502 478 Plin.
1537 451 1578 478 n.
1614 437 1653 478 h.
1689 441 1730 487 2,
1767 442 1834 489 99,
1881 443 2061 481 ceterum

349 503 510 545 Orfitus
540 503 657 556 fasti.
690 528 744 531 -—
777 502 1003 545 Cornelius
1035 502 1199 544 Orfitus
1225 504 1322 545 Tac.
1351 519 1388 545 a.
1410 508 1474 554 16,
1499 509 1568 555 12,
1600 505 1760 547 Orfitus
1790 507 1846 548 id.
1868 507 1908 549 h.
1929 511 1966 557 4,
1988 510 2058 558 42,

349 570 621 612 Salvidienus
662 571 825 613 Orfitus
862 571 1032 614 Suoton,
1070 572 1186 613 Nero
1225 575 1290 613 37.
1331 597 1387 602 -—
1428 573 1640 626 Scipionis
1679 587 1900 628 ooynonien
1931 590 2062 629 prae-

348 643 460 680 terea
498 639 594 680 lusio
634 640 764 692 fuisse
802 639 899 681 inde
935 640 1023 681 veri
1055 639 1162 681 mihi
1193 640 1358 682 violetur
1391 641 1663 691 simillimum,
1702 642 1812 695 quod
1840 646 1879 684 et
1899 645 2064 696 posteri

347 708 434 748 eius
465 708 535 761 (of.
557 722 598 748 n.
618 710 741 750 1182.
764 707 886 761 1183)
918 707 1058 750 eodeni
1085 709 1154 749 usi
1182 711 1279 749 sunt
1305 712 1344 750 et
1371 710 1535 751 omnino
1557 710 1672 763 apud
1693 709 1909 752 Cornelios
1933 711 2062 766 Orfiti
2107 727 2115 736 ·

347 789 567 829 cognomen
597 776 638 816 in
670 790 757 816 una
777 776 907 828 stirpe
927 775 1170 829 Scipionum
1197 778 1415 819 invenitur.
1463 777 1613 830 Itaque
1642 791 1750 819 unus
1780 792 1830 820 ex
1856 778 2064 821 Corneliis

349 843 619 896 Serpionibus
649 847 786 885 aetate
815 843 1000 898 Auyusti
1027 845 1090 886 vel
1125 845 1296 895 Tiberii,
1337 847 1420 887 sive
1447 849 1577 899 pater
1605 847 1741 887 nostri
1769 846 1852 889 sive
1882 848 1981 900 ipse,
2013 861 2064 889 ex

348 912 592 964 ooynatione
621 912 685 953 vol
716 913 930 966 affinitate
960 913 1132 954 nomina
1155 913 1391 955 Salvidieni
1419 913 1549 967 Orfiti
1578 913 1857 967 adsumpsisse
1885 915 2062 957 violetur.

433 979 594 1022 Consul
625 995 736 1021 anno
768 982 819 1022 51
852 981 959 1033 fasti
988 981 1041 1033 of.
1073 981 1201 1022 verba
1228 982 1367 1023 Taciti
1394 981 1433 1025 h.
1453 985 1491 1031 4,
1512 984 1570 1023 42
1594 988 1704 1023 ‘cum
1736 997 1791 1024 ex
1820 982 1970 1024 funere
2000 985 2063 1025 rei

347 1047 547 1103 publicae
578 1049 711 1103 raptis
743 1048 1037 1090 consularibus
1070 1049 1215 1105 spoliis
1251 1074 1300 1078 —
1333 1076 1384 1080 —
1417 1049 1618 1091 inlustres
1650 1064 1769 1091 senes
1804 1076 1851 1079 -
1882 1075 1940 1080 ——-
1969 1066 2064 1106 pro-

348 1122 590 1169 sterneres’,
624 1117 774 1169 quibus
802 1117 1071 1172 sionifioatur
1090 1117 1310 1171 Aquilium
1333 1117 1543 1171 Reyulunz
1572 1116 1656 1170 (M.
1678 1118 1907 1172 Heiniuni)
1936 1118 2063 1161 Gras-

347 1198 439 1225 smn
470 1185 693 1238 (consulem
723 1199 762 1226 a.
785 1185 853 1239 64)
886 1189 924 1226 et
953 1186 1133 1240 Orfitum
1163 1185 1413 1239 perdidisse.
1473 1186 1599 1228 Anno
1631 1187 1684 1228 65
1714 1187 1759 1227 in
1789 1193 1942 1229 senatu
1973 1203 2064 1229 sen-

349 1254 524 1293 tentiam
556 1253 667 1294 dixit
703 1254 799 1295 Tac.
834 1268 873 1295 a.
903 1257 967 1303 16,
990 1257 1060 1296 12.
1120 1254 1241 1295 Intra
1272 1269 1309 1297 a.
1342 1255 1468 1297 66s68
1501 1269 1598 1295 cum
1629 1261 1858 1297 accusante
1889 1255 2063 1312 Aquilio

348 1320 513 1373 Regulo
546 1322 583 1362 ei
615 1321 826 1363 obiectum
859 1330 982 1376 esset,
1015 1322 1130 1378 quod
1161 1321 1360 1364 tabernas
1392 1329 1478 1364 tres
1500 1323 1553 1364 de
1577 1322 1701 1364 domo
1723 1338 1801 1365 sua
1831 1323 1887 1365 ad
1920 1325 2063 1366 statio-

349 1404 447 1430 nem
468 1389 661 1443 locasset,
696 1406 721 1431 a
741 1390 913 1431 Nerone
941 1391 1106 1432 occisus
1130 1397 1171 1432 et
1193 1390 1344 1431 domus
1366 1391 1458 1432 eius
1481 1391 1689 1432 subversa
1710 1398 1774 1433 est
1795 1391 1852 1434 id.
1873 1392 1912 1433 h.
1932 1396 1971 1442 4,
1992 1395 2062 1446 42,

350 1457 519 1499 Sueton.
544 1458 661 1500 Nero
688 1462 755 1501 37.
788 1485 842 1489 -
874 1458 945 1500 Vel
974 1459 1041 1500 hio
1068 1459 1131 1500 vel
1159 1472 1268 1500 unus
1296 1473 1346 1501 ex
1367 1460 1552 1512 posteris
1573 1462 1714 1513 potest
1747 1473 1833 1502 esso
1854 1461 2066 1514 patronus
2151 1463 2157 1464 ⁷

351 1525 441 1567 Ser.
476 1525 663 1568 Cornelii
696 1527 823 1570 Orfiti
855 1527 881 1569 l.
914 1529 1116 1569 Restituti
1147 1527 1227 1569 IX
1252 1530 1371 1569 6116.

434 1594 566 1636 Pater
604 1595 767 1637 ridetur
798 1596 1035 1638 Salvidieni
1063 1596 1193 1650 Orfiti
1232 1597 1305 1649 qui
1341 1597 1540 1648 sequitur,
1579 1609 1680 1637 avus
1711 1596 1804 1639 Ser.
1838 1595 2064 1651 (Cornelii)
2099 1605 2102 1607 ’

352 1663 563 1715 Scipionis
594 1663 831 1706 Salvidieni
858 1664 985 1718 Orfiti
1015 1664 1196 1705 consulis
1227 1678 1266 1707 a.
1295 1667 1387 1705 110.

268 1731 375 1772 1182
408 1734 532 1784 (SER.
557 1738 834 1773 CORNELIVS
859 1732 1034 1785 SCIPIO)
1058 1739 1389 1774 SALVIDIENVS
1422 1738 1630 1774 ORFITVS
1662 1732 1797 1786 (apud
1816 1733 2066 1775 Suetonium

352 1799 625 1842 Salvidienus
647 1800 823 1858 Orfitus,
852 1801 1166 1842 Pliilostratum
1185 1800 1379 1854 Orfitus),
1412 1800 1648 1842 consularis
1679 1801 1839 1855 (consul
1867 1800 2067 1853 suffectus

353 1883 462 1909 (mmo
492 1869 649 1910 incerto
679 1870 752 1910 sub
785 1869 974 1915 Fluviis)
1006 1884 1031 1910 a
1062 1869 1308 1911 Domitiano
1342 1870 1386 1910 in
1416 1868 1598 1910 insulam
1638 1869 1877 1923 relegatus,
1920 1876 2068 1925 postea

352 1938 516 1978 occisus
539 1937 707 1979 Sueton.
730 1937 889 1979 Domit.
910 1941 976 1987 10,
999 1937 1205 1979 Philostr.
1226 1938 1296 1980 vit.
1314 1937 1458 1991 Apoll.
1478 1941 1514 1986 7,
1532 1940 1572 1978 8.
1588 1940 1667 1988 33;
1687 1939 1726 1987 8,
1747 1941 1782 1987 7,
1799 1940 1864 1981 36.
1899 1937 2071 1980 Videtur

352 2005 469 2060 filius
500 2005 682 2046 consulis
713 2020 749 2046 a.
772 2009 824 2047 51
846 2007 918 2058 qui
939 2006 1172 2059 praeeedit,
1199 2009 1328 2059 pater
1349 2005 1530 2047 consulis
1552 2019 1590 2046 a.
1612 2008 1692 2046 110
1713 2006 1785 2058 qui
1811 2006 2010 2059 sequitur.

271 2073 379 2115 1183
410 2079 514 2116 SER.
540 2073 859 2127 (CORNELIVS)
881 2079 1038 2115 SCIPIO
1064 2080 1396 2115 SALVIDIENVS
1419 2079 1639 2126 ORFITVS,
1673 2073 1823 2115 Consul
1853 2088 1966 2115 anno
1991 2075 2069 2116 llO

352 2156 451 2183 cum
492 2141 549 2182 M.
583 2141 806 2183 Peducaeo
848 2142 1056 2183 PriscinO.
1126 2142 1181 2183 In
1212 2141 1453 2183 consulatu:
1493 2141 1585 2184 Ser.
1618 2137 1763 2196 Scipio
1796 2138 2069 2184 Salvidienus

353 2209 514 2251 Orfitus
547 2210 647 2263 olipl.
669 2210 755 2252 niil.
778 2211 865 2252 III
877 2213 954 2264 25,
997 2210 1087 2253 Ser.
1120 2210 1396 2252 Salvidienus
1427 2209 1589 2251 Orfitus
1621 2208 1688 2251 VI
1714 2213 1859 2260 10243,
1892 2213 2071 2252 oeterwm

354 2277 516 2319 Orfitus
544 2279 661 2331 fasti.
708 2279 827 2320 Ideni
856 2279 1019 2320 videtur
1040 2278 1213 2332 Orfitus,
1246 2278 1489 2334 praefectus
1520 2277 1629 2331 urbi,
1663 2279 1737 2333 qui
1769 2277 1822 2319 ab
1850 2278 2070 2320 Antonino

354 2346 431 2387 Pio
467 2361 755 2387 successorem
797 2347 921 2402 petiit
960 2353 1002 2387 et
1043 2347 1292 2402 impetravit
1320 2347 1390 2387 vit.
1422 2345 1498 2387 Pii
1525 2348 1564 2396 8,
1596 2349 1633 2387 6.
1667 2370 1716 2374 —-
1750 2345 1981 2389 Probabile
2011 2349 2072 2388 est

355 2428 445 2455 oum
475 2414 609 2468 filiuni
636 2415 767 2467 fuisso
796 2415 923 2469 Orfiti
952 2416 1024 2468 qui
1044 2415 1275 2468 praecedit,
1299 2418 1469 2468 patrem
1500 2414 1680 2455 consulis
1711 2428 1750 2455 a.
1782 2417 1874 2458 149.

272 2482 381 2523 1184
412 2488 518 2524 SER.
553 2489 832 2524 CORNELIVS
867 2490 1023 2524 SCIPIO
1058 2489 1390 2524 SALVIDIENVS
1424 2489 1644 2536 ORFITVS,
1677 2482 1826 2524 consul
1853 2498 1965 2525 anno
1990 2484 2070 2526 149

356 2565 454 2591 cum
486 2551 538 2602 Q.
569 2551 710 2592 Nonio
743 2552 864 2594 Sosio
896 2552 1059 2595 Prisco.
1115 2551 1268 2593 Tituli:
1299 2552 1386 2605 ipse
1417 2551 1624 2592 dedicavit
1651 2550 1868 2593 Antonino
1898 2554 1938 2593 et
1967 2551 2072 2594 Vero

359 2618 481 2660 VIII
502 2622 559 2661 24
590 2620 646 2675 (1)
685 2620 1017 2674 Tripolitanum,
1059 2621 1288 2661 memorari
1324 2619 1489 2661 videtur
1527 2619 1573 2660 in
1613 2621 1641 2660 t.
1677 2618 1795 2672 filiae
1824 2618 2070 2661 Ausoulano

354 2688 500 2729 mutilo
527 2688 606 2729 IX
633 2691 712 2730 663
743 2688 816 2743 (2)

439 2756 495 2797 In
525 2757 765 2798 consulatu:
798 2758 889 2800 Ser.
923 2758 1065 2813 Scipio
1098 2756 1260 2798 Orfitus
1289 2756 1349 2797 II
1368 2758 1465 2804 327,
1596 2755 1815 2800 Σκιπίωνος
1845 2753 2068 2811 Ὀρ[φίτου]

355 2824 820 2879 Lebas-Wacldinyton
849 2829 971 2875 2307,
1015 2826 1272 2882 Σαλβιδιηνοῦ
1314 2824 1534 2869 Σκιπίωνος
1565 2821 1751 2878 Ὀρφίτου
1788 2823 1833 2864 in
1865 2826 1890 2864 t.
1919 2837 2070 2877 yraeoo

355 2893 510 2945 scripto
540 2893 748 2947 Boryliesi
777 2908 868 2948 opp.
903 2894 1025 2936 VIII
1034 2909 1080 2947 p.
1104 2896 1200 2942 276,
1239 2893 1285 2933 Λ.
1325 2892 1402 2945 (sio
1438 2891 1625 2932 traditur
1653 2892 1723 2932 vix
1761 2891 1887 2944 recte)
1918 2891 2070 2948 Σεργίῳ

358 2961 542 3004 Σκιπίωνι
566 2961 737 3019 Ὀρφίτῳ
768 2963 1021 3004 Athenisohe
1053 2961 1379 3014 Mittlieilunyen
1408 2962 1515 3002 1896
1535 2974 1583 3013 p.
1604 2962 1700 3009 256,
1734 2959 1877 3014 Scipio
1909 2959 2070 3001 Orfitus

367 3028 433 3069 VI
454 3032 543 3078 644,
581 3030 710 3071 Liber
740 3031 868 3074 colon.
902 3031 1093 3073 Gronzat.
1125 3030 1158 3071 I
1183 3045 1229 3083 p.
1261 3032 1356 3071 244.
1388 3031 1473 3070 253
1513 3028 1703 3080 (utroque
1741 3027 1827 3069 loco
1869 3027 2071 3083 Scipione

357 3100 552 3150 corrupto
595 3098 637 3138 in
676 3100 818 3153 priore
857 3099 920 3140 vel
958 3099 1156 3151 seniore),
1190 3100 1367 3139 ceterum
1397 3094 1561 3137 Orfitus
1592 3096 1709 3148 fasti.
1744 3119 1796 3124 --—
1831 3094 1921 3138 Ser.
1954 3093 2071 3149 Co[r-

358 3163 510 3218 nelius]
543 3164 705 3206 Orfitus
733 3169 760 3207 t.
791 3170 827 3209 1.
881 3166 972 3208 Ser.
1004 3164 1267 3218 Oor(nelius)
1299 3164 1480 3218 Scip(io)
1512 3162 1676 3205 Orfitus
1708 3166 1736 3204 t.
1766 3165 1810 3204 2.
1843 3186 1895 3190 ——
1927 3162 2072 3217 Scipio

358 3232 519 3274 Orfitus
540 3233 670 3287 Apul.
699 3235 838 3287 floriol.
863 3238 929 3276 17.

443 3300 588 3342 Filius
616 3301 781 3343 videtur
802 3302 893 3344 Ser.
917 3302 1131 3356 Scipionis
1153 3300 1390 3344 Salvidieni
1413 3299 1542 3354 Orfiti
1561 3312 1640 3341 cos.
1664 3313 1703 3342 a.
1725 3301 1818 3338 110.
1838 3322 1889 3326 -
1913 3295 2074 3339 Consul

362 3372 388 3410 t.
411 3373 452 3419 2,
485 3383 596 3411 anno
625 3370 704 3411 149
735 3370 852 3423 f'asti.
898 3369 1135 3411 Proconsul
1165 3369 1341 3410 Africae
1369 3370 1394 3409 t.
1417 3371 1455 3417 1,
1488 3366 1617 3421 Apul.
1651 3365 1676 3409 l.
1711 3365 1735 3409 l.
1788 3362 1891 3407 Oum
1920 3364 1966 3406 in
1997 3366 2024 3407 t.
2046 3367 2072 3405 1
