2202 3730
106 298 416 337 GALPVRNIVS
963 294 1046 337 277
1594 299 1844 336 CALPVRNI
1850 299 1910 336 VS

189 430 245 472 ad
266 445 364 472 eum
385 430 555 485 scripsit
575 430 693 484 epist.
714 434 754 481 4,
776 433 826 482 1;
853 433 894 481 5,
915 434 992 482 11,-
1021 434 1059 482 6,
1082 435 1151 475 12.
1170 434 1250 483 30;
1280 434 1318 482 7,
1339 435 1406 474 11.
1427 435 1492 474 16.
1514 435 1584 476 23.
1605 435 1687 483 32;
1716 435 1755 482 8,
1776 436 1911 474 10.-
1936 442 1940 445 ’

190 499 410 541 Porticum
442 498 566 541 Comi
605 499 823 542 dedicavit
862 498 942 541 sub
973 514 1049 541 suo
1080 499 1244 556 filiique
1273 501 1431 542 mortui
1462 501 1635 542 nomine
1667 507 1709 542 et
1739 501 1782 542 in
1819 515 1912 555 por-

191 573 332 609 tarum
361 574 558 609 ornatum
589 568 816 623 pecuniam
844 568 1041 623 promisit
1059 566 1175 610 Plin.
1199 569 1316 622 epist.
1337 570 1376 618 5,
1400 571 1464 610 11.
1499 568 1617 610 Villa
1638 569 1729 610 eius
1756 567 1912 611 Camil·

191 634 307 677 liana
336 636 380 676 in
412 634 651 692 Campania
680 636 766 678 ibcl.
796 639 834 686 6,
858 639 926 686 30,
948 639 986 690 1,
1017 636 1195 692 praedia
1226 636 1434 678 Amerina
1464 637 1550 678 ibcl.
1571 639 1612 687 8,
1632 639 1703 687 20,
1723 639 1761 679 3.
1822 636 1910 678 Ad-

189 703 364 745 modum
395 718 528 745 senex
562 704 646 746 iod.
677 707 718 754 8,
750 708 816 755 10,
847 707 890 754 2,
931 711 1126 747 mortuus
1164 711 1238 759 est,
1282 704 1384 747 dum
1414 705 1581 747 Plinius
1622 706 1666 747 in
1706 705 1913 761 Bithynia

188 778 381 814 moratur
410 787 448 816 a.
482 774 563 815 112
594 772 653 814 ad
685 772 922 829 Traianum
953 776 1051 815 120.

103 839 187 881 209
216 838 548 895 [CALPVRNIVS
558 840 594 895 ?]
653 846 874 882 FLACCVS
918 840 1091 894 publice
1133 841 1366 883 honoratus
1410 856 1438 883 a
1481 841 1736 884 Salaminiis
1781 841 1914 896 Cypri

190 905 299 950 OIG
328 911 444 952 2638
475 912 503 951 t.
525 907 691 962 Cyprio.
749 908 937 950 Titulum
967 908 1159 950 mutilum
1185 909 1393 963 supplevit
1414 910 1596 959 Marini,
1621 910 1756 964 paulo
1788 911 1914 952 aliter

187 976 398 1031 Boryhesi
427 991 520 1031 opp.
542 977 631 1019 III
643 991 692 1030 p.
713 979 806 1019 386.
865 976 1003 1031 [Γάιον
1037 976 1325 1033 Καλπούρνιον]
1358 979 1411 1019 ab
1452 979 1575 1020 initio
1615 978 1685 1020 illi
1720 980 1911 1021 restitue-

189 1048 333 1095 erunt,
373 1045 448 1087 secl
484 1045 548 1086 vel
584 1045 795 1099 yentz'licii
822 1045 1006 1086 nominis
1035 1045 1385 1099 sufflementum,
1426 1049 1569 1100 utpote
1597 1048 1644 1089 in
1673 1049 1913 1102 coynomine

186 1113 293 1154 satis
321 1112 501 1166 vulyari,
523 1125 706 1166 prorsus
732 1113 937 1154 incertum
968 1116 1039 1154 est.
1092 1113 1258 1155 Temere
1287 1115 1420 1168 igitur
1449 1114 1658 1169 Boryhesi
1687 1116 1712 1159 l.
1746 1115 1773 1157 l.
1802 1115 1910 1157 hune

187 1180 400 1239 Flaccum
430 1181 557 1222 etiam
586 1182 632 1222 in
662 1184 691 1222 t.
723 1180 792 1222 VI
813 1184 952 1223 10241
983 1181 1055 1235 (cf.
1085 1195 1127 1222 n.
1159 1182 1261 1235 214)
1291 1184 1522 1224 memorari
1552 1185 1747 1238 opinatus
1778 1188 1850 1226 est.

276 1249 357 1304 [...
390 1248 680 1305 Καλπούρνιον]
714 1247 885 1305 Κυρείνᾳ
918 1250 1106 1292 Φλάκκον
1144 1249 1337 1304 [ὕπατον]
1458 1284 1508 1305 ..,
1544 1251 1815 1308 [πρεσβευτὴν]
1848 1254 1911 1294 καὶ

186 1320 486 1375 ἀντιστράτηγον
518 1317 820 1374 αὐτοκ[ράτορος
851 1316 1053 1374 Καίσαρος
1083 1317 1278 1373 Τραιανοῦ
1318 1317 1531 1375 Ἁὸρ]ιανοῦ
1564 1321 1765 1377 Σεβαστοῦ
1797 1321 1912 1376 ἐπαρ-

188 1388 302 1442 χείας
345 1385 654 1441 Λου[σιτανίας],
700 1385 908 1442 [ἡγεμόνα]
954 1389 1144 1441 λεγιῶνος
1181 1385 1217 1442 γ’
1260 1387 1483 1443 Σεβαστῆς,
1530 1390 1762 1444 ἐπιμελετὴν
1807 1390 1910 1431 ὁδῶν

192 1453 389 1511 Αὐρηλίας
432 1454 512 1509 κα[ὶ
556 1453 837 1511 τριομφάλης],
886 1454 1147 1511 [στρατηγόν]9
1197 1454 1450 1512 [ὂήμαρ]χον,
1495 1464 1636 1512 ταμίαν
1684 1455 1909 1512 Ῥωμαίων,

188 1525 397 1580 χιλίαρχον
430 1522 530 1579 [λεγ]
556 1555 766 1573 ........
800 1522 944 1579 [ἀρχὴν
977 1522 1161 1578 ἄρξαντα]
1190 1527 1269 1565 τῶν
1303 1522 1337 1564 δ’
1365 1525 1518 1580 ἀνδρῶν
1541 1526 1646 1567 ὁδῶν
1670 1526 1910 1581 ἐπιμελητήν

188 1623 394 1634 ........
427 1592 467 1648 [ἡ
499 1593 624 1650 βουλὴ
655 1594 719 1634 καὶ
750 1592 771 1633 ὁ
803 1592 928 1647 δῆμος
958 1590 1228 1647 Σα]λαμινι’ων
1256 1596 1370 1648 τιμῆς
1394 1595 1525 1648 χάριν.

276 1660 380 1702 Fuit
418 1673 520 1714 ergo
562 1659 679 1702 tribu
709 1659 917 1713 Quirina,
958 1659 1120 1701 IHIvir
1150 1660 1322 1702 viarum
1352 1661 1665 1715 curandarum,
1714 1662 1912 1704 tribunus

188 1727 371 1770 militum
411 1729 592 1782 legionis
634 1761 672 1770 ..
691 1760 756 1783 ..,
799 1733 1014 1783 quaestor,
1048 1727 1247 1770 tribunus
1283 1728 1434 1785 plebi's,
1476 1729 1699 1785 [praetor],
1740 1737 1913 1772 curator

190 1797 360 1838 viarum
393 1796 598 1838 Aureliae
645 1796 702 1851 [et
744 1794 1044 1851 triumphalis],
1095 1795 1290 1851 [legatus]
1336 1796 1520 1852 legionis
1564 1798 1631 1839 ΙΙΙ
1675 1799 1910 1852 Augustae,

191 1864 386 1919 [legatus]
417 1863 606 1919 Augusti
639 1864 714 1918 (=
742 1863 975 1918 Hadriani)
1005 1878 1084 1919 pro
1120 1871 1319 1920 praetore
1359 1866 1608 1921 provinciae
1649 1867 1910 1919 Lusitaniae,

192 1932 370 1987 [consul]
406 1931 620 1985 (suffectus
655 1946 767 1974 anno
800 1932 960 1974 incerto
993 1932 1069 1973 sub
1098 1932 1360 1987 Hadriano).
1387 1959 1442 1965 —
1463 1934 1568 1976 Post
1598 1936 1742 1977 ὕπατον
1773 1948 1911 1976 sacer—

191 2000 350 2043 dotium
377 2001 515 2043 nescio
545 2000 657 2055 quod
675 2001 857 2055 periisse
885 2000 1063 2042 videtur.

105 2069 189 2111 210
219 2068 484 2126 Calpurnius
515 2068 711 2123 Flaccus,
744 2069 815 2110 cui
845 2083 998 2110 servus
1029 2067 1197 2122 legatus
1228 2076 1331 2124 erat,
1364 2069 1418 2112 de
1446 2085 1530 2126 quo
1561 2070 1701 2125 legato
1725 2070 1912 2112 Sabinus

189 2135 295 2190 (sine
325 2137 451 2180 dubio
482 2137 724 2191 Masurius)
754 2136 976 2193 respondit
1006 2136 1264 2190 Pmnponius
1290 2136 1455 2192 Diqest.
1476 2141 1543 2188 40,
1564 2141 1603 2188 5,
1627 2141 1692 2188 34,
1712 2142 1756 2181 2.
1806 2138 1914 2179 Fuit

188 2220 286 2260 eryo
314 2206 390 2248 sub
427 2206 596 2248 Tiberio
625 2205 689 2247 vel
707 2205 845 2259 paulo
864 2208 978 2259 post.

104 2275 183 2317 211
218 2273 481 2330 Calpurnius
511 2274 706 2328 Flaccus,
739 2274 902 2315 amicus
933 2272 1076 2328 Plinii,
1108 2273 1164 2315 ad
1194 2288 1323 2330 quem
1353 2275 1525 2330 scripsit
1555 2275 1672 2328 epist.
1693 2278 1732 2325 5,
1754 2278 1797 2318 2.

104 2344 188 2386 212
219 2342 481 2398 Calpurnius
511 2341 707 2397 Flaccus,
740 2342 810 2384 cui
842 2341 971 2383 divus
1001 2341 1252 2383 Hadrianus
1286 2342 1568 2384 differendam
1598 2344 1912 2385 accusationem

190 2410 388 2453 adulterii
413 2411 646 2467 rescripsit,
670 2412 706 2452 si
727 2411 892 2452 ventris
912 2411 1086 2452 nomine
1106 2409 1261 2451 mulier
1286 2411 1416 2451 missa
1446 2412 1500 2452 sit
1530 2412 1573 2452 in
1598 2411 1912 2466 possessionem

190 2478 356 2522 Paulus
376 2478 540 2534 Diyest.
560 2482 627 2530 37,
652 2482 691 2529 9,
712 2481 752 2520 8.
804 2478 991 2520 Praetor
1021 2478 1084 2519 vel
1104 2491 1283 2531 praeses
1304 2477 1552 2532 provinciae
1573 2478 1752 2520 alicuius
1782 2480 1913 2533 fuisse

187 2547 364 2590 videtur.
395 2571 450 2577 —
480 2546 610 2589 Alius
639 2547 902 2602 Calpurnius
932 2546 1129 2597 Flaccus,
1172 2547 1241 2587 cui
1274 2548 1461 2588 Severus
1492 2553 1534 2588 et
1564 2546 1810 2588 Antoninus
1848 2562 1909 2588 rc-

188 2616 453 2672 scripserunt
481 2618 741 2657 'memoratur
771 2616 824 2656 ab
858 2614 1044 2668 leiano
1074 2613 1237 2668 Diyest,
1258 2617 1297 2663 4,
1318 2618 1357 2664 4,
1379 2618 1454 2657 22.

104 2685 187 2726 213
219 2684 478 2740 Calpurnius
508 2683 715 2734 Flaccus,
745 2683 900 2737 rhetor,
940 2697 961 2724 e
988 2683 1106 2724 cuius
1137 2682 1512 2725 declamationibus
1542 2687 1739 2738 excerpta
1769 2687 1913 2725 certant

187 2753 235 2794 in
260 2752 383 2794 libris
410 2765 540 2794 manu
570 2752 741 2805 scriptis
771 2752 824 2804 cf.
853 2749 1250 2802 Teuffel-Schwabe,
1286 2750 1530 2794 Gesclzichte
1558 2752 1632 2794 cler
1661 2752 1912 2794 Romischen

188 2821 410 2862 Islteratur
437 2820 469 2874 ἕ
496 2822 597 2870 351,
622 2823 661 2863 4.
707 2819 811 2861 Sine
839 2818 931 2860 ulla
960 2818 1114 2859 idonea
1143 2832 1274 2860 causa
1303 2819 1514 2874 Boryhesi
1544 2834 1634 2874 opp.
1658 2821 1746 2862 III
1760 2835 1807 2874 1).
1829 2824 1913 2862 387

187 2888 296 2931 hunc
334 2889 540 2930 rhetorem
579 2887 753 2930 eundem
787 2900 872 2928 esse
903 2890 1026 2940 atquc
1060 2887 1241 2928 amicum
1270 2887 1417 2930 Plinii
1444 2888 1517 2942 (cf.
1547 2903 1589 2932 n.
1609 2888 1709 2941 211)
1738 2890 1912 2939 statuit,·

190 2959 309 2999 aetas
337 2957 517 2998 rhetoris
546 2956 788 2997 accuratius
819 2955 991 3009 definiri
1016 2955 1171 3008 nequit.

104 3025 189 3067 214
219 3031 260 3069 C.
292 3030 602 3066 CALPVRNIVS
634 3029 868 3074 FLACCVS,
905 3022 1055 3064 consul
1085 3024 1327 3078 (suffectus)
1368 3024 1525 3066 XVIII
1565 3024 1653 3066 kal.
1689 3025 1911 3067 Ianuarias

191 3091 320 3146 (anno
358 3086 533 3146 incerto)
574 3107 674 3134 cum
710 3091 761 3133 L.
805 3090 965 3133 Trebio
1007 3090 1225 3134 Germano
1268 3091 1336 3134 VI
1364 3096 1504 3135 10241
1548 3096 1576 3136 t.
1617 3094 1690 3146 qui
1732 3094 1913 3135 continet

191 3161 458 3204 donationem
507 3161 553 3202 T.
594 3158 750 3202 Flavii
786 3159 1062 3201 Artemidori.
1119 3158 1346 3202 Consulum
1381 3175 1472 3215 par
1516 3162 1650 3203 aetati
1692 3161 1915 3203 Hadriani

191 3229 342 3271 tribuit
360 3228 570 3283 Borghesi
599 3242 692 3282 opp.
713 3228 802 3270 III
815 3242 863 3281 p.
884 3230 966 3269 386
997 3231 1241 3282 arou-mento
1270 3228 1388 3270 haud
1413 3229 1477 3270 ita
1506 3230 1630 3284 fir-mo
1658 3243 1771 3279 usus,
1803 3229 1914 3282 qnod

190 3298 307 3340 circa
345 3311 438 3340 eam
478 3299 658 3338 aetatem
696 3296 881 3338 Trebius
921 3295 1165 3338 Germanus
1204 3296 1372 3351 legatus
1414 3312 1439 3339 a
1482 3297 1650 3339 Volusio
1683 3298 1911 3339 Maeciano

188 3364 351 3420 Diyest.
371 3368 442 3416 29,
464 3367 503 3415 5,
525 3368 577 3407 14
605 3367 876 3424 memoratur.
931 3364 1116 3406 Titulum
1144 3365 1216 3406 vix
1236 3366 1490 3419 posterioris
1520 3367 1672 3406 aetatis
1702 3378 1786 3406 esse
1815 3365 1911 3406 inde
