2202 3730
132 269 363 307 CAESENN
364 271 445 308 IVS
996 267 1079 309 265
1620 274 1714 309 CAE
1720 274 1850 309 SENN
1853 275 1933 309 IVS

130 401 213 444 134
240 409 288 444 A.
325 407 638 444 CAESENNIVS
675 408 880 445 GALLVS.
946 402 1100 445 Tituli:
1137 406 1395 445 memoratur
1423 403 1470 445 in
1497 403 1702 446 miliariis
1728 403 1933 447 Galatiae

213 470 303 512 III
322 465 408 513 312
437 469 511 525 (1).
541 473 623 513 318
651 470 726 525 (2),
759 471 848 513 ΙΙΙ
871 470 918 513 S.
946 473 1092 514 12218
1120 469 1192 526 (3),
1221 472 1269 513 in
1299 474 1327 514 t.
1356 471 1500 514 liberti
1526 472 1654 515 XIV
1675 475 1752 514 730
1784 471 1856 528 (4).

299 538 497 580 Nummi:
524 538 566 592 1)
599 538 832 581 Caesareae
862 538 1171 594 Cappadociae,
1202 540 1276 594 qui
1300 540 1347 582 in
1376 539 1554 582 adversa
1582 540 1778 583 exhibent
1806 544 1934 595 caput

217 607 304 649 Titi
332 610 372 649 et
399 608 714 662 inscriptionem
743 608 938 659 nominis,
970 608 1016 651 in
1046 622 1196 651 aversa
1222 607 1298 651 Επὶ
1319 609 1475 652 Γάλλου
1506 609 1654 664 ἔτ(ους)
1676 608 1713 665 γ’
1736 609 1933 651 Mionnet

211 675 361 730 Suppl.
389 675 484 718 VII
498 690 546 730 p.
569 679 650 718 663
678 690 719 718 n.
741 679 810 720 25.
831 679 902 720 26.
949 676 1028 731 ΙΙ)
1058 676 1133 719 Ad
1160 676 1334 719 eundem
1368 678 1526 731 referri
1554 680 1735 732 possunt
1771 678 1934 719 nummi

209 745 387 799 oriqinis
429 745 632 795 incertae,
679 745 752 799 qui
792 746 839 787 in
883 745 1061 787 adversa
1104 745 1300 789 exhibent
1342 749 1470 800 caput
1508 745 1753 788 Domitiani
1790 749 1830 787 et
1867 746 1932 787 in-

208 813 478 867 scriptionem
518 811 614 856 Αὖτ.
653 814 894 869 Δομετιανδς
930 813 1124 871 Καῖσ(αρ)
1164 814 1269 870 Σεβ.,
1311 814 1358 856 in
1397 828 1546 856 aversa
1577 813 1668 856 Ἐπὶ
1699 813 1931 857 Καισεννίου

210 881 366 924 Γάλλου
408 881 605 923 Mionnet
640 881 789 936 Suppl.
820 882 901 925 IV
912 896 962 936 p.
991 885 1073 924 348
1110 896 1152 926 n.
1182 885 1279 926 325.
1310 885 1397 926 326
1421 903 1478 918 =
1509 882 1658 937 Suppl.
1697 882 1764 925 VI
1777 897 1825 936 p.
1847 885 1935 924 687

206 962 248 991 n.
269 952 366 994 502.
390 952 484 1002 503,
517 949 668 1004 Suppl.
696 950 794 1004 Vp.
815 953 897 993 173
923 964 966 993 n.
986 954 1108 994 1010.

292 1017 555 1060 Praenomen
575 1018 770 1061 exhibent
794 1019 919 1070 tituli,
943 1023 1122 1062 ceterum
1138 1019 1403 1062 Caesennius
1420 1018 1571 1063 Gallus
1592 1020 1676 1062 sive
1696 1018 1861 1064 Gallus.
1874 1045 1931 1050 ——

206 1085 372 1128 Consul
402 1089 430 1129 t.
450 1089 478 1128 3
507 1085 708 1138 suffectus
739 1101 852 1130 anno
880 1088 1040 1130 incerto
1063 1089 1140 1130 sub
1172 1088 1431 1142 Vespasiano
1451 1091 1499 1129 ut
1516 1087 1693 1130 videtur.
1738 1088 1930 1143 Legatus

206 1153 318 1209 Aug.
350 1169 415 1211 pr.
446 1170 512 1211 pr.
542 1156 638 1197 vias
668 1157 993 1211 provinciarum
1021 1156 1218 1200 Galatiae
1249 1155 1551 1212 Cappadociae
1582 1156 1709 1198 Ponti
1740 1157 1930 1198 Pisidiae

205 1222 528 1279 Paphlagoniae
549 1223 799 1280 Lycaoniae
828 1223 1062 1267 Armeniae
1091 1225 1271 1266 minoris
1302 1224 1456 1266 stravit
1487 1226 1514 1265 t.
1537 1227 1574 1267 1.
1597 1227 1641 1266 2.
1660 1227 1710 1275 3;
1740 1239 1851 1266 anno
1874 1226 1929 1267 80

206 1294 235 1333 t.
256 1294 299 1335 2.
317 1295 358 1342 3,
390 1292 446 1335 82
477 1295 505 1334 t.
528 1295 566 1334 1.
607 1293 798 1348 Legatus
819 1293 1018 1337 Galatiae
1050 1299 1093 1336 et
1121 1292 1424 1349 Cappadociae
1454 1307 1492 1336 a.
1517 1293 1686 1335 80—82
1718 1296 1746 1335 t.
1766 1297 1803 1337 1.
1824 1297 1866 1336 2.
1888 1297 1926 1348 3,

202 1361 374 1405 nummi.
405 1386 456 1390 —
488 1361 647 1403 XVvir
677 1363 811 1403 sacris
842 1361 1056 1403 faciundis
1088 1365 1116 1405 t.
1142 1365 1182 1403 3.

119 1427 200 1470 135
231 1434 545 1471 CAESENNIVS
585 1436 871 1485 ISAVRIOVS,
912 1429 1043 1472 salius
1085 1429 1309 1472 Palatinus
1354 1429 1534 1483 collegio
1563 1430 1670 1470 exiit
1699 1444 1811 1472 anno
1847 1431 1925 1473 178

206 1496 276 1540 VI
299 1501 422 1540 1979.

128 1587 187 1594 —
231 1570 546 1609 CAESENNIVS
580 1573 812 1609 MAXIMVS
842 1581 880 1609 v.
913 1573 1191 1609 CAESONIVS
1222 1573 1467 1608 MAXIMVS.

116 1633 197 1675 136
228 1639 542 1677 CAESENNIVS
587 1641 780 1677 PAETVS
828 1636 1075 1678 nominatur
1121 1636 1165 1677 in
1209 1638 1238 1677 t.
1282 1634 1461 1677 Flaviae
1508 1633 1695 1676 Sabinae
1740 1635 1925 1689 (uxoris)

198 1701 323 1744 XIV
343 1705 470 1748 2830.
530 1703 676 1746 Potest
704 1705 836 1758 fuisse
865 1703 1011 1747 consul
1041 1719 1081 1746 a.
1112 1707 1164 1746 61
1193 1704 1258 1746 vel
1278 1703 1510 1758 proconsul
1539 1703 1673 1745 Asiae.
1702 1717 1743 1744 n.
1775 1706 1867 1745 138.

115 1770 196 1812 137
227 1777 272 1812 L.
305 1777 618 1814 CAESENNIVS
650 1778 853 1827 PAETVS,
886 1772 1037 1815 consul
1068 1788 1106 1815 a.
1131 1774 1178 1815 61
1216 1787 1316 1814 cum
1347 1772 1396 1814 P.
1423 1772 1627 1813 Petronio
1656 1771 1922 1827 Turpiliano.

198 1839 254 1881 In
294 1840 538 1882 consulatu:
578 1841 843 1883 Caesennius
880 1841 1111 1896 (Caesenio
1150 1841 1239 1883 cod.
1273 1840 1509 1894 Mediceus)
1551 1840 1712 1882 Paetus
1753 1840 1850 1882 Tac.
1883 1855 1923 1882 a.

197 1910 262 1958 14,
291 1911 364 1959 29,
397 1907 630 1952 Καισεννίου
667 1909 817 1952 Παίτου
849 1909 999 1964 Phley.
1030 1909 1137 1952 Mir.
1169 1913 1240 1952 20.
1283 1934 1336 1938 —
1376 1908 1427 1950 L.
1459 1907 1725 1950 Caesennius
1767 1908 1923 1950 Paetus

113 1970 125 1972 ’
196 1974 285 2017 Dio
306 1978 375 2026 62,
398 1979 456 2019 20
482 1977 639 2031 (Σένιον
671 1977 890 2031 traditur),
923 1977 1192 2020 Caesennius
1224 1977 1382 2018 Paetus
1418 1975 1517 2017 Tac.
1540 1990 1580 2019 a.
1601 1978 1667 2025 15,
1687 1979 1726 2026 6,
1757 1977 1921 2030 Ioseph.

198 2043 290 2085 bell.
314 2047 351 2094 7,
371 2047 411 2095 3,
431 2048 459 2087 4
467 2058 482 2096 ;
513 2048 549 2096 7,
574 2049 612 2096 7,
634 2049 672 2096 1,
705 2049 884 2088 ceterum
909 2046 1085 2089 Paetus,

210 2118 213 2120 ’
280 2111 444 2155 Consul
464 2128 512 2156 a.
535 2114 584 2156 61
621 2114 740 2167 fasti.
801 2114 967 2156 Eodem
997 2128 1110 2155 anno
1140 2113 1311 2168 legatus
1341 2112 1644 2168 Cappadociae
1674 2111 1728 2153 ad
1759 2112 1921 2154 bellum

194 2180 443 2223 Parthicum
481 2182 638 2224 missus
677 2182 818 2224 hieme
858 2197 895 2224 a.
928 2181 1056 2224 61l62
1097 2182 1141 2222 in
1181 2181 1389 2228 Armenia
1428 2195 1516 2221 rem
1560 2180 1746 2235 pessime
1786 2182 1920 2233 gessit

195 2248 386 2305 indeque
412 2250 592 2291 Romam
622 2256 849 2292 revocatus
881 2256 946 2292 est
975 2250 1074 2293 Tac.
1097 2264 1137 2291 a.
1159 2252 1224 2299 15,
1246 2252 1285 2291 6.
1318 2252 1355 2290 7.
1386 2251 1425 2290 8.
1458 2251 1614 2290 10-17.
1644 2251 1713 2290 24.
1744 2250 1814 2291 25.
1845 2251 1917 2298 28,

192 2315 281 2359 Dio
300 2320 371 2368 62,
392 2321 466 2360 20.
487 2322 557 2362 21.
578 2322 654 2362 22-
705 2317 818 2360 Cum
837 2319 883 2360 in
903 2317 1114 2360 Armenia
1132 2316 1294 2359 bellum
1315 2323 1496 2371 gereret,
1519 2330 1700 2357 uxorem
1721 2316 1920 2370 (fortasse

189 2385 398 2427 Flavium
428 2385 638 2429 Sabinam
667 2387 723 2440 cf.
753 2401 795 2429 n.
815 2386 911 2440 136)
953 2392 996 2428 et
1034 2385 1172 2427 filium
1202 2384 1464 2441 (parvolum)
1507 2398 1651 2426 secum
1689 2383 1841 2425 habuit
1877 2391 1919 2426 et

193 2453 380 2508 castello,
404 2455 471 2496 cui
494 2454 773 2497 Arsamosata
797 2469 954 2496 nomen
975 2460 1051 2509 est,
1083 2453 1252 2496 abdidit
1277 2453 1375 2509 Tac.
1399 2467 1440 2495 a.
1459 2455 1524 2503 15,
1547 2456 1613 2494 10.
1659 2451 1783 2494 Alter
1802 2452 1917 2494 filius

196 2537 234 2564 a.
256 2523 312 2565 63
342 2522 541 2565 tribunus
570 2523 754 2565 militum
786 2522 866 2565 sub
898 2522 1146 2566 Corbulone
1174 2521 1387 2564 militabat
1415 2521 1501 2563 ibd.
1526 2523 1590 2572 15,
1610 2523 1682 2564 28.

278 2590 370 2634 Sub
413 2590 543 2633 finem
586 2607 625 2635 a.
669 2591 723 2634 70
769 2591 1034 2634 Caesennius
1073 2591 1235 2633 Paetus
1273 2604 1300 2631 a
1338 2589 1606 2646 Vespasiano
1652 2591 1696 2631 in
1743 2589 1915 2645 Syriam

138 2673 142 2675 -
191 2657 358 2712 legatus
387 2660 543 2701 missus
573 2665 639 2701 est
668 2659 832 2714 Ioseph.
864 2659 956 2702 bell.
990 2662 1026 2709 7,
1051 2661 1090 2709 3,
1111 2661 1139 2700 4
1168 2658 1260 2713 (ubi
1288 2660 1448 2712 tempus
1477 2657 1533 2699 iis
1564 2657 1775 2712 definitur,
1807 2672 1914 2711 quae

190 2726 276 2769 ibd.
308 2722 567 2770 enarrantur
608 2731 646 2778 7,
671 2731 710 2778 3,
738 2731 788 2779 1,·
818 2731 855 2778 7,
880 2731 919 2778 4,
945 2726 1012 2782 1);
1047 2732 1200 2783 quarto
1241 2740 1354 2768 anno
1386 2726 1641 2782 Vespasiani
1681 2725 1737 2779 (a.
1770 2725 1914 2778 72l73)

191 2794 235 2835 in
277 2794 426 2837 eadem
469 2795 684 2850 legatione
723 2796 986 2839 Antiochum
1027 2795 1336 2850 Commagenes
1382 2808 1527 2850 regem
1571 2793 1738 2850 expulit
1781 2808 1913 2849 regno

189 2862 274 2905 ibd.
308 2867 344 2913 7,
379 2867 415 2914 7,
437 2867 537 2909 1-3.
588 2864 716 2907 Hunc
747 2864 928 2919 leyatum
958 2863 1130 2906 eundem
1159 2876 1244 2906 esse
1275 2865 1398 2916 atque
1428 2862 1636 2905 consulem
1665 2877 1705 2904 a.
1735 2867 1788 2905 61
1817 2862 1913 2904 inde

189 2932 388 2985 sequitur,
424 2932 535 2986 quod
561 2947 614 2975 ne
643 2934 781 2975 maior
808 2932 974 2987 quidem
1010 2932 1126 2987 filius
1156 2947 1195 2974 a.
1228 2934 1281 2973 70
1313 2934 1490 2973 aetatem
1520 2931 1783 2973 consularem
1813 2932 1911 2972 atti-

187 3003 322 3053 9erat.
368 3000 422 3044 Si
450 3014 558 3043 uxor
586 3001 718 3055 fuerit
740 3001 906 3043 Flavia
927 3000 1107 3051 Sabina,
1137 3014 1264 3054 quam
1292 3014 1314 3042 e
1339 3002 1460 3054 yente
1490 2999 1742 3054 Vespasiani
1770 2999 1911 3040 oriun-

159 3075 161 3078 ‘
189 3067 288 3110 dam
316 3068 450 3122 fuisse
480 3069 625 3111 docent
654 3070 839 3119 nomina,
871 3067 1030 3111 Paetus
1059 3068 1241 3122 fortasse
1272 3067 1512 3123 adfinitatis
1535 3067 1684 3122 ¹qratia
1714 3067 1771 3109 ad
1799 3067 1910 3122 leya-

189 3134 343 3179 tionem
364 3139 586 3191 promotus
615 3140 688 3180 est.

106 3203 185 3246 138
215 3210 261 3246 L.
292 3211 459 3247 IVNIVS
501 3211 814 3248 GAESENNIVS
855 3211 1069 3258 PAETVS,
1112 3203 1261 3246 consul
1300 3204 1542 3258 (suffectus)
1572 3218 1721 3246 mense
1750 3204 1907 3246 Martio

187 3287 286 3315 cum
324 3273 373 3315 P.
403 3271 592 3315 Calvisio
633 3275 807 3316 Rusone
847 3288 887 3316 a.
927 3274 1087 3316 incerto
1124 3273 1200 3315 sub
1241 3272 1511 3328 Vespasiano.
1568 3273 1624 3315 In
1664 3272 1907 3314 consulatu:

183 3340 316 3395 plena
352 3341 526 3384 nomina
559 3342 724 3385 exhibet
754 3341 991 3396 triptychon
1020 3341 1326 3396 Pompeianum
1355 3341 1535 3384 Hermes
1562 3341 1744 3383 XXIII
1762 3340 1906 3395 (1888)
