2202 3730
94 311 228 349 BABA
959 308 1043 351 223
1685 315 1901 353 BAEBIVS

958 496 1028 575 Β

126 653 144 694 1
179 650 313 706 Baba,
345 651 472 693 homo
504 650 659 693 stultus
689 651 840 693 eodem
870 666 984 694 anno
1006 666 1091 709 quo
1122 653 1354 708 imperator
1375 652 1584 696 Claudius
1613 660 1809 696 mortuus
1840 660 1905 696 est

180 720 236 776 (a.
266 719 336 774 54)
367 719 529 763 Seneca
559 719 840 774 apocoloeynt.
871 723 911 771 3,
942 721 1061 775 epist.
1092 723 1157 771 15,
1189 724 1256 762 10.

122 790 148 830 2
178 787 448 843 Baburiana,
489 787 750 831 desiderium
790 789 881 831 eius
917 789 1048 832 Arrio
1084 788 1304 831 Antonino
1345 790 1620 833 commendat
1649 791 1810 834 Fronto
1847 791 1906 833 ad

180 855 302 898 amic.
333 859 377 906 2,
408 858 437 897 8
457 870 505 910 p.
527 858 608 898 199
631 855 688 900 N.

121 924 149 966 3
179 923 414 979 Bacchius,
451 923 666 978 gladiator
696 925 884 980 optimus
914 931 1054 967 aetate
1085 925 1256 967 Horatii
1284 925 1440 967 Horat.
1470 929 1550 968 sat.
1582 930 1621 977 1,
1654 930 1691 977 7,
1722 929 1781 970 20
1810 940 1903 969 eum

176 992 302 1036 schol.

121 1061 147 1101 4
178 1059 391 1102 Bacchius
423 1059 644 1116 (Βακχείου
679 1060 743 1102 vel
772 1060 956 1117 Βακχίου
998 1061 1197 1112 traditur,
1242 1061 1436 1118 Εὐτυχίου
1467 1063 1641 1105 coniecit
1677 1062 1900 1120 Gataker),

179 1129 386 1183 magister
413 1128 551 1170 Marci
583 1129 852 1184 imperatoris
885 1129 1066 1171 Marcus
1097 1131 1150 1176 εἰς
1181 1129 1319 1173 ἑαυτόν
1343 1133 1381 1180 1,
1403 1133 1442 1173 6.

122 1197 148 1237 5
179 1195 342 1239 Badius
373 1196 652 1239 Cominianus
691 1200 950 1239 memoratur
988 1198 1033 1239 in
1071 1197 1253 1251 epistula
1287 1197 1464 1240 Aedinii
1493 1198 1660 1240 Iuliani
1690 1200 1904 1253 praefecti

175 1265 398 1318 praetorio
419 1264 558 1319 paulo
589 1268 686 1307 ante
717 1279 757 1309 a.
784 1268 872 1308 238
901 1266 959 1307 ad
987 1280 1079 1308 eum
1110 1265 1214 1307 data
1243 1269 1270 1307 t.
1302 1267 1348 1307 in
1377 1265 1465 1308 loeo
1500 1266 1717 1321 Thoriyny
1749 1271 1900 1322 repert.

176 1331 374 1375 Berichte
414 1332 488 1375 der
526 1332 806 1376 Sdehsisehen
842 1333 1145 1387 Gesellschaft,
1187 1333 1442 1376 Phil.—Hist.
1475 1334 1527 1375 K
1532 1334 1558 1376 l.
1590 1337 1703 1377 1852
1722 1349 1771 1389 p.
1798 1339 1899 1378 242.

179 1400 509 1456 [Pro]e(urat0r)
549 1407 592 1443 et
630 1401 727 1443 vice
767 1401 976 1457 praesidis
1017 1415 1151 1456 agens
1191 1401 1380 1456 (Galliae
1409 1402 1736 1457 Lugdunensis)
1775 1404 1902 1460 paulo

178 1475 279 1511 ante
309 1485 346 1512 a.
378 1470 462 1512 238
494 1470 558 1512 tit.

91 1562 149 1567 -—
176 1544 352 1579 AFINIA
382 1544 581 1579 GEMINA
611 1544 871 1580 BAEBIANA
899 1538 993 1580 vide
1022 1537 1171 1580 Afinia
1200 1538 1247 1580 in
1276 1538 1509 1582 Addendis.

121 1607 147 1648 6
177 1606 406 1661 [BAEBIVS
438 1639 564 1650 .....
566 1606 579 1661 ]
591 1639 602 1661 ,
636 1606 783 1649 titulus
812 1607 902 1649 eius
932 1606 1160 1661 acephalus
1191 1606 1259 1649 VI
1280 1610 1402 1657 1361,
1432 1606 1510 1649 ubi
1536 1607 1714 1649 honores
1742 1608 1904 1650 inverso

179 1674 326 1717 ordine
354 1678 631 1726 recensentur,
663 1676 736 1729 qui
766 1675 826 1717 ad
852 1689 972 1729 quem
1001 1675 1247 1728 referendus
1273 1676 1331 1717 sit
1355 1675 1501 1717 docent
1528 1675 1703 1717 nomina
1731 1676 1903 1726 sororis,

174 1757 281 1797 quae
311 1743 531 1786 dedicavit.

261 1812 313 1856 L.
344 1811 387 1864 f.,
419 1812 534 1854 Xvir
564 1811 752 1855 stlitibus
779 1811 1034 1866 iudicandis,
1057 1818 1261 1868 quaestor
1292 1810 1496 1867 urbanus,
1528 1812 1732 1854 tribunus
1753 1811 1901 1868 plebis,

177 1886 371 1936 praetor,
413 1879 646 1937 proconsul
682 1881 858 1922 sortitus
897 1881 1166 1937 provinciam
1198 1880 1419 1923 Baeticam
1450 1912 1460 1923 .
1480 1913 1489 1923 .
1510 1913 1519 1922 .
1539 1913 1550 1922 .
1584 1880 1739 1935 (plura
1769 1880 1904 1923 deesse

101 2000 111 2001 ἶ
175 1948 386 2003 possunt).
410 1974 462 1980 —
493 1949 651 1991 Frater
673 1947 897 2004 [B]aebiae
917 1949 968 1992 L.
989 1948 1020 1991 f.
1041 1948 1226 1990 Fulviae
1246 1947 1454 1991 Claudiae
1476 1948 1686 1991 Paulinae
1708 1949 1904 1993 Grattiae

176 2016 455 2060 Maximillae.

122 2085 146 2128 7
178 2084 227 2128 C.
256 2086 445 2129 Baebius
475 2085 659 2135 Atticus.
723 2086 886 2129 Titulos
916 2085 1111 2140 yemellos
1151 2086 1193 2128 ei
1218 2085 1327 2128 Iulii
1361 2085 1539 2128 Oarniei
1568 2086 1716 2140 posuit
1754 2085 1905 2127 civitas

180 2153 414 2197 Saevatum
456 2159 499 2196 et
535 2154 824 2196 Laiancorum
865 2154 903 2196 V
927 2156 1037 2196 1838
1065 2153 1137 2208 (1).
1169 2156 1276 2197 1839
1307 2153 1383 2209 (2),
1425 2167 1601 2207 quorum
1631 2156 1660 2195 t.
1691 2157 1717 2196 1
1746 2154 1906 2208 inteyer

177 2225 249 2273 est,
282 2235 375 2264 eum
405 2221 580 2264 alterius
607 2222 796 2276 frustula
826 2223 1049 2277 supersint.

263 2290 312 2333 P.
353 2289 403 2342 f.,
441 2289 559 2332 tribu
601 2289 806 2344 Claudia3
847 2291 1009 2344 oriyine
1051 2290 1216 2332 videtur
1254 2289 1455 2332 Iuliensis
1495 2303 1545 2331 ex
1584 2291 1698 2332 tribu
1738 2293 1777 2332 et
1816 2290 1904 2332 loeo

178 2357 410 2400 titulorum.
470 2358 730 2414 Primopilus
760 2357 942 2412 legionis
970 2358 1012 2400 V
1039 2358 1356 2412 Macedonicae,
1389 2357 1631 2414 praefectus
1661 2358 1903 2400 civitatium

176 2427 367 2469 Moesiae
403 2432 445 2469 et
471 2426 738 2476 Treballiae,
780 2425 1023 2482 praefectus
1063 2426 1305 2468 civitatium
1344 2426 1391 2467 in
1426 2425 1613 2482 Alpibus
1643 2426 1900 2480 Maritumis,

178 2495 377 2538 tribunus
417 2494 604 2537 militum
643 2494 830 2537 cohortis
873 2495 983 2537 VIII
1022 2495 1275 2550 praetoriae,
1314 2492 1569 2550 primopilus
1604 2495 1774 2546 iterum,
1805 2509 1900 2550 pro-

178 2570 351 2606 curator
393 2563 461 2606 Ti.
508 2562 663 2606 Claudi
704 2562 903 2606 Caesaris
940 2562 1055 2618 Aug.
1097 2563 1346 2605 Germanici
1392 2563 1436 2604 in
1475 2562 1649 2605 Norico.
1694 2587 1746 2592 —
1788 2563 1903 2606 IIvir

178 2632 272 2674 iure
301 2631 489 2674 dicundo
520 2631 641 2687 (Iulii
668 2630 860 2686 Carnici)
892 2631 955 2673 tit.

122 2701 147 2742 8
179 2706 222 2744 L.
254 2706 441 2742 BAEBIV
443 2706 467 2742 S
498 2706 702 2754 AVITVS,
733 2700 784 2744 L.
817 2699 857 2754 f.,
890 2699 1009 2741 tribu
1039 2698 1136 2743 Gal.
1150 2732 1160 2754 ,
1200 2699 1444 2755 praefectus
1474 2698 1667 2754 fabrum,
1700 2698 1901 2741 tribunus

177 2768 358 2824 legionis
402 2769 447 2810 X
491 2769 722 2822 Geminae,
778 2774 1034 2824 procurator
1081 2768 1351 2824 imperatoris
1401 2767 1601 2810 Caesaris
1645 2768 1902 2825 Vespasiani

178 2836 369 2892 Augusti
398 2837 648 2893 provinciae
677 2836 943 2890 Lusitaniae,
980 2835 1173 2878 adlectus
1203 2837 1317 2878 inter
1345 2837 1584 2892 praetorios
1615 2835 1683 2878 VI
1706 2839 1825 2879 1359.

122 2905 148 2947 9
178 2905 227 2948 L.
259 2905 448 2948 Baebius
487 2904 693 2947 Aurelius
730 2905 960 2959 Iuncinus,
1000 2905 1069 2946 vir
1110 2905 1333 2959 egregius,
1374 2905 1426 2946 L.
1458 2903 1511 2959 f.,
1552 2903 1670 2946 tribu
1711 2904 1899 2958 Galeria,

178 2979 432 3030 procurator
460 2972 820 3016 bibliothecarum
859 2972 915 3015 ad
949 2973 1146 3015 sestertia
1177 2974 1261 3027 Εἷς,
1297 2973 1552 3029 procurator
1589 2971 1646 3014 ad
1685 2987 1900 3015 annonam

179 3041 297 3085 Ostis
336 3041 392 3084 ad
431 3043 628 3084 sestertia
656 3043 740 3096 fi,
782 3041 1027 3097 praefectus
1052 3041 1354 3084 vehiculorum
1392 3041 1447 3084 ad
1482 3041 1678 3083 sestertia
1706 3042 1750 3095 ὃ,
1781 3055 1902 3097 prae-

178 3109 317 3153 fectus
358 3109 656 3153 vehiculorum
695 3109 751 3152 ad
793 3111 989 3152 sestertia
1028 3112 1084 3156 ὣ
1124 3109 1195 3163 (cf.
1231 3109 1494 3163 Hirschfeld,
1534 3108 1902 3164 Untersuehunyen

175 3193 224 3233 p.
245 3181 326 3221 101
357 3178 455 3223 adn.
476 3178 534 3234 1),
564 3185 818 3235 procurator
841 3178 952 3232 Aug.
982 3178 1227 3235 praefectus
1257 3179 1506 3235 provinciae
1534 3177 1771 3231 Sardiniae,
1803 3192 1902 3233 pro-

180 3254 354 3290 curator
382 3247 710 3301 hereditatium3
740 3247 1024 3290 Laurentium
1053 3247 1335 3289 Lavinatium
1359 3246 1408 3288 X
1426 3249 1534 3289 7580
1565 3250 1593 3288 t.
1622 3246 1902 3289 Caralitanus

178 3316 303 3359 semel
329 3330 415 3359 non
443 3316 533 3359 sine
556 3316 718 3359 mendis
739 3316 983 3370 descript-us.
1029 3315 1102 3358 Ex
1122 3315 1308 3370 posteris
1328 3315 1378 3357 L.
1401 3314 1561 3357 Baebii
1581 3314 1755 3357 Iuncini
1781 3328 1823 3358 n.
1850 3317 1903 3356 13

179 3384 356 3426 videtur.
