2202 3730
102 272 353 310 AVRELIVS
651 289 659 295 ·
965 266 1047 309 201
1652 272 1903 308 AVRELIVS

271 403 426 446 Frater
438 402 498 445 M.
516 401 683 445 Aurelii
700 402 870 446 Claudii
891 404 965 459 qui
986 404 1225 460 imperavit,
1248 409 1345 459 post
1365 404 1456 445 eius
1476 410 1658 445 mortem
1677 403 1904 459 imperium

185 472 370 528 arripuit
398 477 442 513 et
468 470 598 528 paulo
626 478 724 527 post
753 473 920 514 occisus
951 478 1016 513 est
1043 473 1116 514 vit.
1144 471 1325 514 Claudii
1341 474 1411 522 12,
1442 472 1622 526 Eutrop.
1642 474 1683 522 8,
1704 474 1762 514 12
1792 471 1904 526 (inde

188 540 364 584 Orosius
383 543 422 590 7,
443 539 530 594 23),
551 540 750 595 Epitome
767 544 834 591 34,
854 542 903 592 5,·
931 555 1064 582 venas
1095 540 1223 582 solvit
1245 541 1314 583 vit.
1335 540 1567 582 Aureliani
1583 543 1650 590 37,
1676 543 1714 590 6,
1746 539 1903 582 Zosim.

185 612 223 659 1,
253 611 320 658 47,
351 607 512 651 Zonar.
541 612 611 659 12,
643 612 701 652 26
710 622 722 659 ;
755 609 1002 665 ‘Dexippus
1033 608 1291 662 Quintillum
1321 608 1526 660 (traditur
1557 607 1799 661 Claudium,
1831 608 1906 650 sed

183 691 235 720 ex
263 679 456 719 contemtu
483 680 666 732 apparet
695 677 744 719 de
769 677 974 731 Quintillo
1003 676 1091 732 aqi)
1121 691 1207 718 non
1237 676 1343 718 dicit
1372 678 1582 731 occisum,
1625 676 1699 719 sed
1737 683 1903 718 tantum

185 751 415 788 mortuum'
447 746 519 788 vit.
548 744 728 789 Claudii
755 749 824 798 12,
853 750 890 789 6.

268 814 485 868 Regnavit
517 813 610 855 dies
650 814 955 870 septemdecim
984 814 1165 869 Eutrop.
1196 814 1372 870 (Oros),
1404 814 1563 858 Zonar.
1595 813 1622 856 l.
1656 814 1695 864 l„
1736 813 1902 855 decimo

185 886 337 924 octavo
359 881 430 924 die
452 882 620 938 imperii
641 882 870 939 Aquileiae
891 883 1056 925 occisus
1073 883 1318 937 Hieronym.
1341 883 1481 925 chron.
1505 883 1564 925 ad
1582 897 1622 927 a.
1643 882 1752 924 Abr.
1771 885 1900 932 2287,

185 950 385 1004 regnavit
413 951 562 1006 paucis
593 949 744 992 diebus
764 951 962 1005 Epitome
983 951 1011 993 l.
1033 951 1073 1002 l„
1107 951 1260 994 diebus
1289 952 1446 1006 viginti
1466 952 1538 993 vit.
1558 951 1790 993 Aureliani
1809 951 1836 993 l.
1859 951 1900 1000 l„

182 1016 273 1059 dies
303 1017 568 1060 LXXXVII
598 1017 966 1073 Chronoqraphus,
1007 1034 1086 1076 per
1119 1034 1278 1076 paucos
1309 1035 1475 1062 menses
1506 1019 1662 1062 Zosim.
1694 1019 1719 1061 l.
1752 1019 1793 1070 l„
1835 1020 1905 1060 eui

182 1099 232 1128 ex
254 1091 533 1128 ‘nummorum
557 1087 717 1141 insiyni
745 1088 880 1141 eopia’
903 1091 1013 1130 reete
1030 1088 1191 1131 Eckhel
1220 1088 1316 1131 VII
1330 1103 1377 1143 p.
1398 1091 1484 1130 478
1514 1088 1798 1143 adstipulatus
1829 1090 1900 1129 est.

123 1177 180 1183 —-
208 1153 268 1196 M.
299 1153 502 1197 Aurelius
533 1154 749 1198 Cleander
775 1169 813 1198 v.
845 1155 1072 1199 Cleander.

98 1221 208 1264 1230
235 1221 442 1265 Aurelius
464 1222 710 1278 Clem[ens],
731 1223 908 1282 ἔπαρχος
928 1257 939 1267 .
957 1257 968 1267 .
985 1257 996 1267 .
1019 1228 1046 1267 t.
1058 1225 1333 1279 Aethiopieus
1351 1225 1524 1267 mutilus
1544 1225 1654 1268 CIG
1670 1225 1759 1267 III
1768 1228 1878 1267 5089
1889 1239 1902 1275 ,·

177 1290 363 1346 Aeqypti
401 1306 459 1334 an
493 1291 733 1335 Thebaidos
770 1292 1046 1347 supplendum
1083 1294 1159 1343 sit,
1201 1294 1405 1335 ineertwm
1435 1297 1496 1336 est
1533 1308 1607 1336 nee
1646 1294 1804 1344 minus,
1845 1293 1903 1335 acl

177 1372 302 1414 quam
332 1363 511 1403 aetatem
531 1361 761 1415 pertineat.

94 1427 199 1469 1231
233 1434 287 1470 Μ.
314 1434 562 1470 AVRELIVS
599 1434 838 1471 GOMINIVS
870 1434 1151 1472 CASSIANVS.
1217 1430 1372 1472 Tituli:
1411 1431 1451 1473 ei
1482 1431 1616 1485 positi
1642 1434 1740 1472 sunt
1776 1429 1898 1471 VIII

174 1499 293 1540 2732
321 1495 392 1551 (1).
423 1500 537 1541 2733
566 1497 644 1552 (2).
685 1500 799 1541 2734
829 1497 900 1553 (3),
953 1497 1076 1540 VIII
1099 1498 1145 1542 S.
1174 1501 1315 1542 18268
1344 1502 1427 1554 (4);
1469 1500 1558 1553 ipse
1589 1500 1737 1553 posuit
1777 1497 1895 1540 VIII

176 1567 290 1609 2589
320 1563 393 1621 (5).
428 1567 544 1609 2657
570 1565 652 1621 (ό);
689 1569 948 1609 memoratur
974 1567 1021 1608 in
1051 1569 1080 1608 t.
1115 1566 1238 1609 VIII
1258 1570 1370 1610 2611
1400 1566 1461 1624 (7)
1492 1571 1532 1610 et
1557 1570 1666 1610 6357
1690 1568 1763 1622 (8).
1820 1567 1904 1620 om·

177 1633 293 1677 tituli
318 1637 496 1688 praeter
534 1637 564 1676 t.
591 1637 620 1676 8
649 1634 959 1677 Mastarensem
999 1649 1137 1678 omnes
1175 1639 1274 1677 sunt
1302 1637 1638 1679 Lambaesitani.
1700 1636 1775 1678 Ad
1810 1650 1902 1678 eum

174 1703 388 1758 pertinere
426 1702 591 1745 videtur
628 1704 911 1758 fraymentum
951 1707 980 1746 t.
1018 1705 1344 1747 Lambaesitani
1381 1705 1505 1748 VIII
1512 1705 1636 1748 2585
1671 1705 1731 1760 (9)
1768 1706 1903 1760 pos-iti

101 1768 104 1771 ⁴
177 1771 314 1814 tribus
333 1770 541 1826 Auyustis
561 1774 601 1814 et
618 1771 762 1814 Iuliae
782 1771 839 1824 (a.
860 1772 1078 1826 209l211),
1109 1773 1186 1815 ubi
1209 1788 1358 1816 nomen
1388 1774 1520 1829 leyati
1540 1775 1686 1829 periit,
1714 1777 1903 1828 superest

178 1839 293 1895 [co]s.
322 1839 547 1894 designato
577 1855 677 1882 cum
706 1839 919 1896 Claud[ia]
948 1874 958 1884 .
975 1874 984 1883 .
1004 1874 1013 1884 .
1032 1874 1042 1883 .

262 1907 406 1951 Plena
432 1908 629 1959 nomina,
667 1923 774 1963 quae
805 1910 852 1952 in
883 1911 1074 1953 omnibus
1104 1911 1239 1953 titulis
1268 1913 1513 1966 perscripta
1545 1912 1740 1965 fue-rant,
1778 1910 1899 1953 hodie

106 1986 118 1989 ’
176 1979 322 2020 extant
351 1979 379 2019 t.
408 1980 443 2019 1.
473 1980 517 2020 2.
545 1980 585 2020 3.
614 1981 654 2020 4.
683 1980 722 2020 5.
753 1981 793 2028 8,
816 1978 1045 2033 paululum
1074 1979 1274 2022 mutilata
1302 1980 1349 2022 in
1378 1983 1406 2022 t.
1429 1983 1466 2022 6.
1490 1984 1528 2023 7.
1550 2005 1601 2009 —
1625 1979 1898 2022 Clarissimus

177 2047 245 2087 vir
275 2048 303 2088 t.
326 2048 366 2087 1.
386 2048 430 2088 2.
450 2048 490 2088 3.
508 2047 548 2089 5.
569 2048 598 2087 8
641 2044 783 2088 clarus
813 2052 856 2088 et
883 2046 1077 2089 inlustris
1106 2048 1176 2089 vir
1203 2051 1232 2091 t.
1253 2051 1291 2090 4.
1312 2072 1370 2078 -
1390 2048 1579 2103 Legatus
1600 2048 1897 2103 Augustorum

177 2129 243 2170 pr.
269 2129 335 2170 pr.
367 2112 634 2169 (Numidiae)
674 2117 703 2156 t.
733 2117 832 2159 1-5.
863 2118 914 2167 8;
952 2114 1036 2170 leg.
1074 2115 1218 2171 Augg.
1259 2117 1425 2171 integra
1465 2120 1610 2159 extant
1638 2117 1685 2158 in
1724 2120 1752 2159 t.
1783 2120 1826 2159 2.
1858 2120 1896 2166 8,

175 2181 313 2224 altera
354 2194 380 2224 G
419 2195 547 2224 erasa
585 2185 646 2224 est
683 2183 729 2224 in
765 2186 793 2227 t.
822 2187 860 2226 1.
890 2187 930 2225 3.
960 2187 999 2226 4.
1029 2187 1056 2226 5
1089 2185 1188 2226 item
1226 2185 1272 2226 in
1299 2186 1518 2239 principio
1558 2188 1585 2228 t.
1618 2188 1646 2226 7
1676 2184 1752 2227 llll!
1781 2184 1894 2239 Aug!

177 2264 284 2292 coss.
314 2269 371 2285 =
399 2265 438 2292 a.
468 2250 564 2304 208,
604 2252 678 2304 qui
716 2251 864 2294 titulus
901 2266 940 2295 a.
970 2256 1056 2296 209
1081 2254 1249 2307 positus
1277 2253 1463 2304 videtum
1502 2254 1600 2295 item
1640 2253 1767 2295 tertia
1796 2265 1821 2295 G
1851 2254 1897 2294 in

174 2317 348 2374 Auggg.
379 2321 408 2361 t.
439 2321 479 2361 9.
533 2318 644 2361 Fuit
671 2333 769 2374 erqo
805 2319 968 2374 leyatus
995 2322 1114 2363 intra
1145 2334 1278 2363 annos
1307 2322 1397 2375 fere
1425 2324 1671 2364 209—212.
1735 2320 1897 2363 Consul

175 2386 424 2442 designatus
455 2390 484 2429 t.
503 2389 544 2430 5.
565 2390 604 2430 9.
627 2412 680 2417 -
707 2387 935 2443 [Patronus
966 2388 1208 2445 mun]icipii
1237 2389 1700 2443 (Lambaesitanorum)
1730 2393 1758 2431 t.
1779 2391 1818 2432 5.
1845 2414 1893 2418 —

173 2453 357 2497 Claudia
386 2488 396 2498 .
415 2488 425 2498 .
457 2455 639 2509 (uxorP)
670 2458 698 2500 t.
730 2459 770 2498 9.

90 2523 201 2565 1232
230 2529 333 2567 IMP.
374 2529 571 2566 CAESAR
608 2531 661 2566 M.
701 2531 952 2567 AVRELIVS
994 2531 1268 2568 COMMODVS
1308 2532 1598 2569 ANTONINVS
1638 2532 1893 2569 AVGVSTVS

174 2611 230 2626 =
279 2598 381 2634 IMP.
432 2598 628 2634 CAESAR
677 2600 722 2635 L.
771 2600 953 2636 AELIVS
996 2600 1248 2637 AVRELIVS
1300 2601 1573 2637 COMMODVS
1623 2601 1893 2640 AVGVSTVS.

175 2659 311 2702 Filius
341 2661 613 2716 imperatoris
643 2662 703 2704 M.
734 2662 944 2704 Antonini
976 2670 1018 2704 et
1047 2663 1217 2705 Anniae
1246 2664 1480 2706 Faustinae
1519 2672 1645 2706 natus
1685 2672 1750 2706 est
1778 2664 1892 2721 apud

173 2728 420 2771 Lanuvium
450 2743 550 2771 cum
586 2729 720 2772 fratre
747 2729 967 2773 Antonino
997 2733 1166 2787 gemino
1198 2731 1239 2775 d.
1270 2733 1322 2774 31
1355 2747 1490 2775 menS.
1522 2731 1711 2788 Augusti
1740 2750 1778 2776 a.
1813 2736 1889 2775 161

171 2796 261 2838 vita
280 2799 318 2847 1,
339 2800 395 2848 2,·
423 2801 487 2848 10,
509 2800 542 2840 2
571 2798 626 2851 ef.
659 2797 831 2841 Sueton.
860 2798 998 2854 Caliy.
1027 2802 1066 2843 8.
1125 2799 1347 2843 Antonino
1378 2801 1603 2857 quadrimo
1635 2801 1746 2844 elato
1769 2802 1892 2845 Com-

174 2863 349 2907 modum
382 2864 558 2907 Marcus
599 2871 643 2907 et
681 2867 769 2908 suis
807 2868 1047 2923 praeceptis
1087 2875 1130 2910 et
1170 2882 1423 2923 magnorum
1462 2876 1592 2926 atque
1633 2873 1894 2927 optimorum

172 2933 366 2975 virorum
386 2933 558 2976 erudire
577 2941 757 2976 conatus
786 2942 850 2976 est
870 2935 941 2990 (ef.
964 2936 1198 2978 Herodian.
1220 2940 1259 2987 1,
1280 2941 1324 2987 2,
1346 2940 1412 2994 1);
1440 2938 1594 2981 habuit
1613 2938 1891 2981 litteratorem

172 3014 378 3055 graecum
409 3001 718 3056 Onesicratem,
751 3002 933 3045 latinum
963 3002 1186 3060 Capellam
1215 3004 1463 3060 Antistium,
1498 3013 1641 3049 orator
1672 3008 1710 3048 ei
1741 3007 1893 3049 Ateius

174 3068 358 3111 Sanctus
388 3068 471 3111 fuit
498 3070 588 3112 vita
613 3074 652 3120 1,
682 3072 782 3115 5-6.
842 3071 892 3113 L.
923 3072 1039 3114 Vero
1079 3079 1252 3129 petente
1292 3074 1380 3129 (vit.
1412 3075 1562 3117 Marci
1590 3078 1659 3125 12,
1690 3077 1733 3130 8)
1766 3075 1806 3117 d.
1841 3076 1892 3117 10

171 3152 307 3181 mens,
337 3136 538 3180 Octobris
568 3152 607 3180 a.
642 3140 722 3181 166
761 3154 870 3195 puer
907 3154 1005 3182 cum
1035 3140 1168 3183 fratre
1199 3141 1381 3197 (Annio)
1410 3143 1526 3186 Vero
1559 3142 1720 3185 Caesar
1749 3143 1891 3199 appel-

171 3204 284 3247 latus
324 3211 389 3248 est
422 3206 513 3248 vita
541 3210 581 3257 1,
611 3210 689 3258 105
727 3210 792 3261 11,
823 3210 889 3250 13.
957 3208 1008 3250 L.
1049 3208 1253 3252 Aurelius
1299 3210 1559 3254 Commodus
1604 3211 1766 3254 Caesar
1808 3213 1892 3254 sive

176 3272 438 3317 Commodus
467 3273 629 3318 Caesar
656 3276 703 3318 in
729 3277 911 3318 nummis
931 3277 1078 3331 patris
1103 3276 1244 3320 Goken
1261 3278 1370 3321 111⁹·
1393 3294 1441 3334 p.
1462 3282 1547 3323 132
1567 3293 1646 3334 seq.
1704 3279 1893 3322 Novana

169 3341 390 3396 primaria
428 3343 469 3385 ei
503 3343 638 3398 fuisse
665 3343 717 3388 L.
747 3342 922 3387 Aelium
950 3344 1175 3388 Aurelium
1208 3345 1492 3399 Commodum
1523 3351 1563 3391 et
1589 3347 1688 3391 inde
1715 3348 1805 3390 veri
1833 3352 1890 3390 esd
