<?xml version="1.0" encoding="UTF-8"?>
<!DOCTYPE html PUBLIC "-//W3C//DTD XHTML 1.0 Transitional//EN"
    "http://www.w3.org/TR/xhtml1/DTD/xhtml1-transitional.dtd">
<html xmlns="http://www.w3.org/1999/xhtml" xml:lang="en" lang="en">
 <head>
  <title>
</title>
<meta http-equiv="Content-Type" content="text/html;charset=utf-8" />
  <meta name='ocr-system' content='tesseract 3.04.00' />
  <meta name='ocr-capabilities' content='ocr_page ocr_carea ocr_par ocr_line ocrx_word'/>
</head>
<body>
  <div class='ocr_page' id='page_1' title='image "./prosopographiaim01akaduoft/prosopographiaim01akaduoft_0333.png"; bbox 0 0 2202 3730; ppageno 0'>
   <div class='ocr_carea' id='block_1_1' title="bbox 77 267 1885 331">
    <p class='ocr_par' dir='ltr' id='par_1_1' title="bbox 77 267 1885 331">
     <span class='ocr_line' id='line_1_1' title="bbox 77 267 1885 331; baseline -0.003 -1"><span class='ocrx_word' id='word_1_1' title='bbox 77 293 275 331; x_wconf 76' lang='lat' dir='ltr'>CASSIVS</span> <span class='ocrx_word' id='word_1_2' title='bbox 928 267 1023 328; x_wconf 48' lang='lat'><strong>&#39;317</strong></span> <span class='ocrx_word' id='word_1_3' title='bbox 1684 289 1885 326; x_wconf 77' lang='lat' dir='ltr'>CASSIVS</span> 
     </span>
    </p>
   </div>
   <div class='ocr_carea' id='block_1_2' title="bbox 1715 355 1879 359">
    <p class='ocr_par' dir='ltr' id='par_1_2' title="bbox 1715 355 1879 359">
     <span class='ocr_line' id='line_1_2' title="bbox 1715 355 1879 359; baseline 0 0"><span class='ocrx_word' id='word_1_4' title='bbox 1715 355 1879 359; x_wconf 95' lang='lat' dir='ltr'> </span> 
     </span>
    </p>
   </div>
   <div class='ocr_carea' id='block_1_3' title="bbox 77 419 1899 3413">
    <p class='ocr_par' dir='ltr' id='par_1_3' title="bbox 77 419 1892 1364">
     <span class='ocr_line' id='line_1_3' title="bbox 77 419 1889 477; baseline -0.003 -11"><span class='ocrx_word' id='word_1_5' title='bbox 77 424 162 467; x_wconf 86' lang='lat'>443</span> <span class='ocrx_word' id='word_1_6' title='bbox 194 423 372 466; x_wconf 75' lang='lat' dir='ltr'>Cassius</span> <span class='ocrx_word' id='word_1_7' title='bbox 404 422 605 465; x_wconf 72' lang='lat' dir='ltr'>Severus</span> <span class='ocrx_word' id='word_1_8' title='bbox 666 421 891 477; x_wconf 86' lang='lat' dir='ltr'>Augustus</span> <span class='ocrx_word' id='word_1_9' title='bbox 931 427 1170 464; x_wconf 88' lang='lat' dir='ltr'>commotus</span> <span class='ocrx_word' id='word_1_10' title='bbox 1200 420 1340 465; x_wconf 89' lang='lat' dir='ltr'>Cassii</span> <span class='ocrx_word' id='word_1_11' title='bbox 1371 420 1522 464; x_wconf 88' lang='lat' dir='ltr'>Severi</span> <span class='ocrx_word' id='word_1_12' title='bbox 1561 419 1761 474; x_wconf 87' lang='lat' dir='ltr'>libidine,</span> <span class='ocrx_word' id='word_1_13' title='bbox 1802 434 1889 476; x_wconf 91' lang='lat' dir='ltr'>qua</span> 
     </span>
     <span class='ocr_line' id='line_1_4' title="bbox 163 487 1887 547; baseline -0.003 -13"><span class='ocrx_word' id='word_1_14' title='bbox 163 493 280 534; x_wconf 87' lang='lat' dir='ltr'>viros</span> <span class='ocrx_word' id='word_1_15' title='bbox 302 491 570 547; x_wconf 83' lang='lat' dir='ltr'>feminasque</span> <span class='ocrx_word' id='word_1_16' title='bbox 591 490 780 533; x_wconf 81' lang='lat' dir='ltr'>illustres</span> <span class='ocrx_word' id='word_1_17' title='bbox 801 490 1112 545; x_wconf 80' lang='lat' dir='ltr'>diffamaverat,</span> <span class='ocrx_word' id='word_1_18' title='bbox 1145 490 1431 544; x_wconf 87' lang='lat' dir='ltr'>cognitionem</span> <span class='ocrx_word' id='word_1_19' title='bbox 1453 488 1507 531; x_wconf 84' lang='lat' dir='ltr'>de</span> <span class='ocrx_word' id='word_1_20' title='bbox 1529 489 1700 532; x_wconf 85' lang='lat' dir='ltr'>famosis</span> <span class='ocrx_word' id='word_1_21' title='bbox 1730 487 1887 531; x_wconf 86' lang='lat' dir='ltr'>libellis</span> 
     </span>
     <span class='ocr_line' id='line_1_5' title="bbox 163 550 1888 616; baseline -0.002 -14"><span class='ocrx_word' id='word_1_22' title='bbox 163 550 308 616; x_wconf 81' lang='lat' dir='ltr'>Specie</span> <span class='ocrx_word' id='word_1_23' title='bbox 337 558 446 613; x_wconf 88' lang='lat' dir='ltr'>legis</span> <span class='ocrx_word' id='word_1_24' title='bbox 477 560 714 601; x_wconf 84' lang='lat' dir='ltr'>maiestatis</span> <span class='ocrx_word' id='word_1_25' title='bbox 744 560 947 601; x_wconf 87' lang='lat' dir='ltr'>tractavit</span> <span class='ocrx_word' id='word_1_26' title='bbox 972 558 1070 602; x_wconf 80' lang='lat' dir='ltr'>Tac.</span> <span class='ocrx_word' id='word_1_27' title='bbox 1094 572 1133 600; x_wconf 93' lang='lat' dir='ltr'>a.</span> <span class='ocrx_word' id='word_1_28' title='bbox 1155 561 1194 608; x_wconf 88' lang='lat'>1,</span> <span class='ocrx_word' id='word_1_29' title='bbox 1218 561 1282 608; x_wconf 85' lang='lat'>73,</span> <span class='ocrx_word' id='word_1_30' title='bbox 1312 572 1424 599; x_wconf 89' lang='lat' dir='ltr'>anno</span> <span class='ocrx_word' id='word_1_31' title='bbox 1449 559 1500 600; x_wconf 84' lang='lat'>12</span> <span class='ocrx_word' id='word_1_32' title='bbox 1525 572 1566 614; x_wconf 92' lang='lat' dir='ltr'>p.</span> <span class='ocrx_word' id='word_1_33' title='bbox 1591 557 1640 601; x_wconf 90' lang='lat' dir='ltr'>C.</span> <span class='ocrx_word' id='word_1_34' title='bbox 1659 560 1707 600; x_wconf 87' lang='lat' dir='ltr'>ut</span> <span class='ocrx_word' id='word_1_35' title='bbox 1724 557 1888 601; x_wconf 87' lang='lat' dir='ltr'>videtur</span> 
     </span>
     <span class='ocr_line' id='line_1_6' title="bbox 163 625 1888 677; baseline -0.001 -7"><span class='ocrx_word' id='word_1_36' title='bbox 163 642 214 670; x_wconf 76' lang='lat' dir='ltr'>ex</span> <span class='ocrx_word' id='word_1_37' title='bbox 241 627 384 670; x_wconf 88' lang='lat' dir='ltr'>Dione</span> <span class='ocrx_word' id='word_1_38' title='bbox 413 630 479 677; x_wconf 88' lang='grc'>56,</span> <span class='ocrx_word' id='word_1_39' title='bbox 509 630 581 671; x_wconf 94' lang='grc'>27.</span> <span class='ocrx_word' id='word_1_40' title='bbox 641 627 769 669; x_wconf 93' lang='lat' dir='ltr'>Anno</span> <span class='ocrx_word' id='word_1_41' title='bbox 801 627 856 669; x_wconf 90' lang='grc'>24</span> <span class='ocrx_word' id='word_1_42' title='bbox 891 628 936 668; x_wconf 82' lang='lat' dir='ltr'>in</span> <span class='ocrx_word' id='word_1_43' title='bbox 967 633 1119 668; x_wconf 89' lang='lat' dir='ltr'>senatu</span> <span class='ocrx_word' id='word_1_44' title='bbox 1150 625 1335 668; x_wconf 88' lang='lat' dir='ltr'>relatum</span> <span class='ocrx_word' id='word_1_45' title='bbox 1366 632 1430 668; x_wconf 91' lang='lat' dir='ltr'>est</span> <span class='ocrx_word' id='word_1_46' title='bbox 1459 625 1514 668; x_wconf 91' lang='lat' dir='ltr'>de</span> <span class='ocrx_word' id='word_1_47' title='bbox 1545 625 1693 668; x_wconf 85' lang='lat' dir='ltr'>Cassio</span> <span class='ocrx_word' id='word_1_48' title='bbox 1726 626 1888 669; x_wconf 89' lang='lat' dir='ltr'>Severo</span> 
     </span>
     <span class='ocr_line' id='line_1_7' title="bbox 162 693 1890 752; baseline -0.001 -14"><span class='ocrx_word' id='word_1_49' title='bbox 162 695 305 749; x_wconf 86' lang='lat' dir='ltr'>exule,</span> <span class='ocrx_word' id='word_1_50' title='bbox 339 696 414 752; x_wconf 91' lang='lat' dir='ltr'>qui</span> <span class='ocrx_word' id='word_1_51' title='bbox 445 695 644 737; x_wconf 88' lang='lat' dir='ltr'>sordidae</span> <span class='ocrx_word' id='word_1_52' title='bbox 674 695 866 749; x_wconf 88' lang='lat' dir='ltr'>originis,</span> <span class='ocrx_word' id='word_1_53' title='bbox 898 694 1119 736; x_wconf 88' lang='lat' dir='ltr'>maleficae</span> <span class='ocrx_word' id='word_1_54' title='bbox 1148 695 1276 748; x_wconf 87' lang='lat' dir='ltr'>vitae,</span> <span class='ocrx_word' id='word_1_55' title='bbox 1309 694 1384 736; x_wconf 91' lang='lat' dir='ltr'>sed</span> <span class='ocrx_word' id='word_1_56' title='bbox 1415 694 1565 736; x_wconf 89' lang='lat' dir='ltr'>orandi</span> <span class='ocrx_word' id='word_1_57' title='bbox 1596 693 1780 749; x_wconf 88' lang='lat' dir='ltr'>validus,</span> <span class='ocrx_word' id='word_1_58' title='bbox 1811 709 1890 751; x_wconf 90' lang='lat' dir='ltr'>per</span> 
     </span>
     <span class='ocr_line' id='line_1_8' title="bbox 162 762 1889 808; baseline -0.001 -2"><span class='ocrx_word' id='word_1_59' title='bbox 162 763 416 806; x_wconf 89' lang='lat' dir='ltr'>immodicas</span> <span class='ocrx_word' id='word_1_60' title='bbox 458 764 703 805; x_wconf 87' lang='lat' dir='ltr'>inimicitias</span> <span class='ocrx_word' id='word_1_61' title='bbox 745 769 793 805; x_wconf 94' lang='lat' dir='ltr'>ut</span> <span class='ocrx_word' id='word_1_62' title='bbox 831 763 992 805; x_wconf 88' lang='lat' dir='ltr'>iudicio</span> <span class='ocrx_word' id='word_1_63' title='bbox 1036 764 1164 806; x_wconf 89' lang='lat' dir='ltr'>iurati</span> <span class='ocrx_word' id='word_1_64' title='bbox 1204 770 1378 805; x_wconf 88' lang='lat' dir='ltr'>Senatus</span> <span class='ocrx_word' id='word_1_65' title='bbox 1410 762 1584 806; x_wconf 83' lang='lat' dir='ltr'>Cretam</span> <span class='ocrx_word' id='word_1_66' title='bbox 1614 770 1889 808; x_wconf 86' lang='lat' dir='ltr'>amoveretur</span> 
     </span>
     <span class='ocr_line' id='line_1_9' title="bbox 162 831 1889 888; baseline 0.001 -14"><span class='ocrx_word' id='word_1_67' title='bbox 162 833 388 886; x_wconf 79' lang='lat' dir='ltr'>effecerat3</span> <span class='ocrx_word' id='word_1_68' title='bbox 430 838 561 888; x_wconf 90' lang='lat' dir='ltr'>atque</span> <span class='ocrx_word' id='word_1_69' title='bbox 602 831 690 873; x_wconf 88' lang='lat' dir='ltr'>illic</span> <span class='ocrx_word' id='word_1_70' title='bbox 730 831 879 873; x_wconf 89' lang='lat' dir='ltr'>eadem</span> <span class='ocrx_word' id='word_1_71' title='bbox 920 831 1137 873; x_wconf 87' lang='lat' dir='ltr'>actitando</span> <span class='ocrx_word' id='word_1_72' title='bbox 1180 832 1370 874; x_wconf 87' lang='lat' dir='ltr'>recentia</span> <span class='ocrx_word' id='word_1_73' title='bbox 1404 838 1639 887; x_wconf 87' lang='lat' dir='ltr'>veteraque</span> <span class='ocrx_word' id='word_1_74' title='bbox 1677 831 1776 873; x_wconf 89' lang='lat' dir='ltr'>odia</span> <span class='ocrx_word' id='word_1_75' title='bbox 1814 831 1889 875; x_wconf 86' lang='lat' dir='ltr'>ad-</span> 
     </span>
     <span class='ocr_line' id='line_1_10' title="bbox 158 899 1889 957; baseline 0 -15"><span class='ocrx_word' id='word_1_76' title='bbox 158 902 302 954; x_wconf 89' lang='lat' dir='ltr'>vertit,</span> <span class='ocrx_word' id='word_1_77' title='bbox 335 901 547 956; x_wconf 91' lang='lat' dir='ltr'>bonisque</span> <span class='ocrx_word' id='word_1_78' title='bbox 575 907 732 942; x_wconf 85' lang='lat' dir='ltr'>exutus</span> <span class='ocrx_word' id='word_1_79' title='bbox 762 900 992 942; x_wconf 89' lang='lat' dir='ltr'>interdicto</span> <span class='ocrx_word' id='word_1_80' title='bbox 1024 901 1115 954; x_wconf 86' lang='lat' dir='ltr'>igni</span> <span class='ocrx_word' id='word_1_81' title='bbox 1143 906 1274 956; x_wconf 90' lang='lat' dir='ltr'>atque</span> <span class='ocrx_word' id='word_1_82' title='bbox 1304 914 1419 957; x_wconf 89' lang='lat' dir='ltr'>aqua</span> <span class='ocrx_word' id='word_1_83' title='bbox 1450 915 1555 943; x_wconf 83' lang='lat' dir='ltr'>saxo</span> <span class='ocrx_word' id='word_1_84' title='bbox 1577 899 1759 956; x_wconf 86' lang='lat' dir='ltr'>Seripho</span> <span class='ocrx_word' id='word_1_85' title='bbox 1791 915 1889 942; x_wconf 91' lang='lat' dir='ltr'>con-</span> 
     </span>
     <span class='ocr_line' id='line_1_11' title="bbox 163 968 1890 1023; baseline 0 -13"><span class='ocrx_word' id='word_1_86' title='bbox 163 970 306 1011; x_wconf 89' lang='lat' dir='ltr'>senuit</span> <span class='ocrx_word' id='word_1_87' title='bbox 340 969 439 1012; x_wconf 83' lang='lat' dir='ltr'>Tac.</span> <span class='ocrx_word' id='word_1_88' title='bbox 471 983 511 1010; x_wconf 91' lang='lat' dir='ltr'>a.</span> <span class='ocrx_word' id='word_1_89' title='bbox 541 972 581 1019; x_wconf 91' lang='grc'>4,</span> <span class='ocrx_word' id='word_1_90' title='bbox 612 971 682 1011; x_wconf 91' lang='grc'>21.</span> <span class='ocrx_word' id='word_1_91' title='bbox 753 968 867 1011; x_wconf 87' lang='lat' dir='ltr'>Vnde</span> <span class='ocrx_word' id='word_1_92' title='bbox 888 968 1116 1023; x_wconf 73' lang='lat' dir='ltr'>probabile</span> <span class='ocrx_word' id='word_1_93' title='bbox 1146 971 1207 1010; x_wconf 90' lang='lat' dir='ltr'>est</span> <span class='ocrx_word' id='word_1_94' title='bbox 1236 968 1435 1011; x_wconf 86' lang='lat' dir='ltr'>Severum</span> <span class='ocrx_word' id='word_1_95' title='bbox 1466 969 1519 1010; x_wconf 85' lang='lat' dir='ltr'>ab</span> <span class='ocrx_word' id='word_1_96' title='bbox 1550 968 1743 1023; x_wconf 64' lang='lat' dir='ltr'>Augusto</span> <span class='ocrx_word' id='word_1_97' title='bbox 1774 969 1890 1010; x_wconf 87' lang='lat' dir='ltr'>circa</span> 
     </span>
     <span class='ocr_line' id='line_1_12' title="bbox 161 1035 1887 1091; baseline 0.001 -13"><span class='ocrx_word' id='word_1_98' title='bbox 161 1051 202 1078; x_wconf 91' lang='lat' dir='ltr'>a.</span> <span class='ocrx_word' id='word_1_99' title='bbox 231 1040 290 1080; x_wconf 90' lang='lat'>12</span> <span class='ocrx_word' id='word_1_100' title='bbox 327 1037 374 1080; x_wconf 88' lang='lat' dir='ltr'>in</span> <span class='ocrx_word' id='word_1_101' title='bbox 410 1035 582 1079; x_wconf 78' lang='lat' dir='ltr'>Cretam</span> <span class='ocrx_word' id='word_1_102' title='bbox 621 1036 835 1078; x_wconf 66' lang='lat' dir='ltr'>exulatum</span> <span class='ocrx_word' id='word_1_103' title='bbox 876 1050 963 1079; x_wconf 88' lang='lat' dir='ltr'>esse</span> <span class='ocrx_word' id='word_1_104' title='bbox 998 1040 1038 1078; x_wconf 92' lang='lat' dir='ltr'>et</span> <span class='ocrx_word' id='word_1_105' title='bbox 1071 1049 1235 1078; x_wconf 76' lang='lat' dir='ltr'>errasse</span> <span class='ocrx_word' id='word_1_106' title='bbox 1264 1036 1582 1091; x_wconf 74' lang='lat' dir='ltr'>Hieronymum,</span> <span class='ocrx_word' id='word_1_107' title='bbox 1623 1050 1716 1078; x_wconf 89' lang='lat' dir='ltr'>cum</span> <span class='ocrx_word' id='word_1_108' title='bbox 1746 1036 1887 1079; x_wconf 79' lang='lat' dir='ltr'>chron.</span> 
     </span>
     <span class='ocr_line' id='line_1_13' title="bbox 166 1103 1892 1159; baseline 0.001 -13"><span class='ocrx_word' id='word_1_109' title='bbox 166 1105 224 1146; x_wconf 86' lang='lat' dir='ltr'>ad</span> <span class='ocrx_word' id='word_1_110' title='bbox 253 1119 291 1147; x_wconf 92' lang='lat' dir='ltr'>a.</span> <span class='ocrx_word' id='word_1_111' title='bbox 313 1105 422 1149; x_wconf 86' lang='lat' dir='ltr'>Abr.</span> <span class='ocrx_word' id='word_1_112' title='bbox 443 1108 557 1148; x_wconf 92' lang='grc'><em>2048</em></span> <span class='ocrx_word' id='word_1_113' title='bbox 578 1125 633 1139; x_wconf 83' lang='lat'><strong><em>=</em></strong></span> <span class='ocrx_word' id='word_1_114' title='bbox 652 1107 732 1147; x_wconf 83' lang='lat'>785</span> <span class='ocrx_word' id='word_1_115' title='bbox 752 1125 808 1139; x_wconf 85' lang='lat'><strong><em>=</em></strong></span> <span class='ocrx_word' id='word_1_116' title='bbox 827 1108 887 1148; x_wconf 84' lang='lat'>32</span> <span class='ocrx_word' id='word_1_117' title='bbox 907 1119 955 1159; x_wconf 77' lang='lat' dir='ltr'>p.</span> <span class='ocrx_word' id='word_1_118' title='bbox 979 1103 1023 1148; x_wconf 84' lang='grc' dir='ltr'><em>Ο.</em></span> <span class='ocrx_word' id='word_1_119' title='bbox 1055 1105 1279 1147; x_wconf 79' lang='lat' dir='ltr'>adnotaret</span> <span class='ocrx_word' id='word_1_120' title='bbox 1305 1104 1496 1147; x_wconf 90' lang='lat' dir='ltr'>‘Cassius</span> <span class='ocrx_word' id='word_1_121' title='bbox 1527 1104 1715 1147; x_wconf 90' lang='lat' dir='ltr'>Severus</span> <span class='ocrx_word' id='word_1_122' title='bbox 1747 1111 1892 1147; x_wconf 89' lang='lat' dir='ltr'>orator</span> 
     </span>
     <span class='ocr_line' id='line_1_14' title="bbox 164 1173 1891 1229; baseline 0 -14"><span class='ocrx_word' id='word_1_123' title='bbox 164 1175 366 1228; x_wconf 88' lang='lat' dir='ltr'>egregius</span> <span class='ocrx_word' id='word_1_124' title='bbox 395 1198 454 1203; x_wconf 84' lang='lat'>——</span> <span class='ocrx_word' id='word_1_125' title='bbox 482 1198 541 1204; x_wconf 90' lang='lat'>—</span> <span class='ocrx_word' id='word_1_126' title='bbox 565 1173 698 1215; x_wconf 92' lang='lat' dir='ltr'>XXV</span> <span class='ocrx_word' id='word_1_127' title='bbox 729 1173 848 1215; x_wconf 84' lang='lat' dir='ltr'>exilii</span> <span class='ocrx_word' id='word_1_128' title='bbox 889 1174 954 1215; x_wconf 88' lang='lat' dir='ltr'>sui</span> <span class='ocrx_word' id='word_1_129' title='bbox 995 1188 1108 1215; x_wconf 87' lang='lat' dir='ltr'>anno</span> <span class='ocrx_word' id='word_1_130' title='bbox 1139 1174 1183 1215; x_wconf 90' lang='lat' dir='ltr'>in</span> <span class='ocrx_word' id='word_1_131' title='bbox 1216 1188 1383 1216; x_wconf 89' lang='lat' dir='ltr'>summa</span> <span class='ocrx_word' id='word_1_132' title='bbox 1413 1174 1558 1229; x_wconf 89' lang='lat' dir='ltr'>inopia</span> <span class='ocrx_word' id='word_1_133' title='bbox 1588 1174 1804 1215; x_wconf 82' lang='lat' dir='ltr'>moritur‘.</span> <span class='ocrx_word' id='word_1_134' title='bbox 1833 1198 1891 1203; x_wconf 90' lang='lat'><strong>—</strong></span> 
     </span>
     <span class='ocr_line' id='line_1_15' title="bbox 164 1241 1889 1296; baseline 0.001 -13"><span class='ocrx_word' id='word_1_135' title='bbox 164 1241 312 1291; x_wconf 87' lang='lat' dir='ltr'>Immo,</span> <span class='ocrx_word' id='word_1_136' title='bbox 351 1245 399 1283; x_wconf 91' lang='lat' dir='ltr'>ut</span> <span class='ocrx_word' id='word_1_137' title='bbox 434 1255 608 1283; x_wconf 90' lang='lat' dir='ltr'>numero</span> <span class='ocrx_word' id='word_1_138' title='bbox 648 1255 857 1284; x_wconf 89' lang='lat' dir='ltr'>annorum</span> <span class='ocrx_word' id='word_1_139' title='bbox 893 1241 1014 1284; x_wconf 73' lang='lat' dir='ltr'>exilii</span> <span class='ocrx_word' id='word_1_140' title='bbox 1047 1241 1152 1296; x_wconf 72' lang='lat' dir='ltr'>fides</span> <span class='ocrx_word' id='word_1_141' title='bbox 1180 1241 1392 1284; x_wconf 58' lang='lat' dir='ltr'>habenda*</span> <span class='ocrx_word' id='word_1_142' title='bbox 1406 1242 1474 1292; x_wconf 86' lang='lat' dir='ltr'>sit,</span> <span class='ocrx_word' id='word_1_143' title='bbox 1505 1244 1696 1284; x_wconf 86' lang='lat' dir='ltr'>mortuus</span> <span class='ocrx_word' id='word_1_144' title='bbox 1724 1245 1784 1284; x_wconf 90' lang='lat' dir='ltr'>est</span> <span class='ocrx_word' id='word_1_145' title='bbox 1812 1242 1889 1284; x_wconf 83' lang='lat' dir='ltr'>sub</span> 
     </span>
     <span class='ocr_line' id='line_1_16' title="bbox 162 1310 698 1364; baseline 0 -13"><span class='ocrx_word' id='word_1_146' title='bbox 162 1310 289 1364; x_wconf 68' lang='lat' dir='ltr'>finem</span> <span class='ocrx_word' id='word_1_147' title='bbox 320 1310 492 1364; x_wconf 80' lang='lat' dir='ltr'>imperii</span> <span class='ocrx_word' id='word_1_148' title='bbox 524 1310 698 1352; x_wconf 80' lang='lat' dir='ltr'>Tiberii.</span> 
     </span>
    </p>

    <p class='ocr_par' dir='ltr' id='par_1_4' title="bbox 163 1376 1894 1912">
     <span class='ocr_line' id='line_1_17' title="bbox 250 1376 1892 1432; baseline -0.001 -12"><span class='ocrx_word' id='word_1_149' title='bbox 250 1377 409 1420; x_wconf 87' lang='lat' dir='ltr'>Orator</span> <span class='ocrx_word' id='word_1_150' title='bbox 436 1378 641 1432; x_wconf 87' lang='lat' dir='ltr'>insignis:</span> <span class='ocrx_word' id='word_1_151' title='bbox 672 1377 834 1419; x_wconf 85' lang='lat' dir='ltr'>iudicia</span> <span class='ocrx_word' id='word_1_152' title='bbox 853 1376 908 1418; x_wconf 93' lang='lat' dir='ltr'>de</span> <span class='ocrx_word' id='word_1_153' title='bbox 929 1377 1101 1419; x_wconf 88' lang='lat' dir='ltr'>dicendi</span> <span class='ocrx_word' id='word_1_154' title='bbox 1123 1390 1282 1431; x_wconf 86' lang='lat' dir='ltr'>genere</span> <span class='ocrx_word' id='word_1_155' title='bbox 1304 1378 1397 1419; x_wconf 88' lang='lat' dir='ltr'>eius</span> <span class='ocrx_word' id='word_1_156' title='bbox 1418 1377 1580 1421; x_wconf 80' lang='lat' dir='ltr'>Seneca</span> <span class='ocrx_word' id='word_1_157' title='bbox 1600 1380 1892 1420; x_wconf 78' lang='lat' dir='ltr'>controvers.3</span> 
     </span>
     <span class='ocr_line' id='line_1_18' title="bbox 163 1445 1893 1499; baseline 0 -12"><span class='ocrx_word' id='word_1_158' title='bbox 163 1446 306 1499; x_wconf 75' lang='lat' dir='ltr'>praef.</span> <span class='ocrx_word' id='word_1_159' title='bbox 327 1447 429 1496; x_wconf 89' lang='grc'><em>1-8,</em></span> <span class='ocrx_word' id='word_1_160' title='bbox 458 1445 710 1499; x_wconf 73' lang='lat' dir='ltr'>Quintilian.</span> <span class='ocrx_word' id='word_1_161' title='bbox 740 1445 921 1487; x_wconf 87' lang='lat' dir='ltr'>institut.</span> <span class='ocrx_word' id='word_1_162' title='bbox 950 1448 1016 1495; x_wconf 88' lang='grc'>10,</span> <span class='ocrx_word' id='word_1_163' title='bbox 1039 1448 1077 1495; x_wconf 91' lang='grc'>1,</span> <span class='ocrx_word' id='word_1_164' title='bbox 1101 1448 1192 1487; x_wconf 89' lang='grc'><em>116.</em></span> <span class='ocrx_word' id='word_1_165' title='bbox 1214 1448 1308 1495; x_wconf 92' lang='grc'><em>117,</em></span> <span class='ocrx_word' id='word_1_166' title='bbox 1346 1445 1443 1489; x_wconf 85' lang='lat' dir='ltr'>Tac.</span> <span class='ocrx_word' id='word_1_167' title='bbox 1467 1445 1569 1487; x_wconf 84' lang='lat' dir='ltr'>dial.</span> <span class='ocrx_word' id='word_1_168' title='bbox 1590 1449 1656 1488; x_wconf 88' lang='lat'>19.</span> <span class='ocrx_word' id='word_1_169' title='bbox 1678 1448 1749 1488; x_wconf 90' lang='lat'>26.</span> <span class='ocrx_word' id='word_1_170' title='bbox 1802 1446 1893 1489; x_wconf 89' lang='lat' dir='ltr'>Sub</span> 
     </span>
     <span class='ocr_line' id='line_1_19' title="bbox 165 1513 1891 1569; baseline 0 -13"><span class='ocrx_word' id='word_1_171' title='bbox 165 1514 363 1569; x_wconf 89' lang='lat' dir='ltr'>Augusto</span> <span class='ocrx_word' id='word_1_172' title='bbox 379 1513 570 1555; x_wconf 89' lang='lat' dir='ltr'>Nonium</span> <span class='ocrx_word' id='word_1_173' title='bbox 588 1513 871 1569; x_wconf 89' lang='lat' dir='ltr'>Asprenatem</span> <span class='ocrx_word' id='word_1_174' title='bbox 889 1513 1162 1569; x_wconf 88' lang='lat' dir='ltr'>Torquatum</span> <span class='ocrx_word' id='word_1_175' title='bbox 1183 1513 1378 1556; x_wconf 87' lang='lat' dir='ltr'>veneficii</span> <span class='ocrx_word' id='word_1_176' title='bbox 1400 1515 1622 1556; x_wconf 88' lang='lat' dir='ltr'>accusavit</span> <span class='ocrx_word' id='word_1_177' title='bbox 1637 1514 1891 1567; x_wconf 76' lang='lat' dir='ltr'>Quintilian.</span> 
     </span>
     <span class='ocr_line' id='line_1_20' title="bbox 164 1581 1894 1638; baseline 0.001 -15"><span class='ocrx_word' id='word_1_178' title='bbox 164 1583 344 1624; x_wconf 85' lang='lat' dir='ltr'>institut.</span> <span class='ocrx_word' id='word_1_179' title='bbox 377 1585 444 1632; x_wconf 91' lang='grc'>10,</span> <span class='ocrx_word' id='word_1_180' title='bbox 478 1586 516 1632; x_wconf 91' lang='grc'>1,</span> <span class='ocrx_word' id='word_1_181' title='bbox 548 1585 726 1633; x_wconf 79' lang='grc'><em>22;“11,</em></span> <span class='ocrx_word' id='word_1_182' title='bbox 759 1586 798 1632; x_wconf 91' lang='grc'>1,</span> <span class='ocrx_word' id='word_1_183' title='bbox 829 1584 896 1632; x_wconf 92' lang='grc'>57,</span> <span class='ocrx_word' id='word_1_184' title='bbox 926 1581 1046 1624; x_wconf 87' lang='lat' dir='ltr'>Plin.</span> <span class='ocrx_word' id='word_1_185' title='bbox 1077 1596 1119 1623; x_wconf 91' lang='lat' dir='ltr'>n.</span> <span class='ocrx_word' id='word_1_186' title='bbox 1150 1582 1187 1623; x_wconf 75' lang='lat' dir='ltr'>h.</span> <span class='ocrx_word' id='word_1_187' title='bbox 1209 1585 1275 1631; x_wconf 87' lang='lat'>35,</span> <span class='ocrx_word' id='word_1_188' title='bbox 1297 1585 1390 1632; x_wconf 92' lang='grc'><em>164,</em></span> <span class='ocrx_word' id='word_1_189' title='bbox 1411 1582 1590 1626; x_wconf 70' lang='lat' dir='ltr'>‘Sueton.</span> <span class='ocrx_word' id='word_1_190' title='bbox 1611 1582 1723 1637; x_wconf 75' lang='lat' dir='ltr'>Auy.</span> <span class='ocrx_word' id='word_1_191' title='bbox 1745 1585 1798 1625; x_wconf 88' lang='lat'>56</span> <span class='ocrx_word' id='word_1_192' title='bbox 1828 1583 1894 1638; x_wconf 88' lang='lat' dir='ltr'>(de</span> 
     </span>
     <span class='ocr_line' id='line_1_21' title="bbox 165 1649 1893 1706; baseline 0.001 -15"><span class='ocrx_word' id='word_1_193' title='bbox 165 1653 348 1704; x_wconf 77' lang='lat' dir='ltr'>tempore</span> <span class='ocrx_word' id='word_1_194' title='bbox 387 1650 670 1692; x_wconf 71' lang='lat' dir='ltr'>accusationis</span> <span class='ocrx_word' id='word_1_195' title='bbox 710 1650 766 1703; x_wconf 80' lang='lat' dir='ltr'>cf.</span> <span class='ocrx_word' id='word_1_196' title='bbox 796 1664 903 1703; x_wconf 80' lang='lat' dir='ltr'>quae</span> <span class='ocrx_word' id='word_1_197' title='bbox 940 1649 1318 1704; x_wconf 76' lang='lat' dir='ltr'>supraadnotavi</span> <span class='ocrx_word' id='word_1_198' title='bbox 1348 1665 1393 1704; x_wconf 77' lang='lat' dir='ltr'>p.</span> <span class='ocrx_word' id='word_1_199' title='bbox 1426 1653 1536 1706; x_wconf 85' lang='lat'>165).</span> <span class='ocrx_word' id='word_1_200' title='bbox 1599 1650 1726 1692; x_wconf 90' lang='lat' dir='ltr'>Multi</span> <span class='ocrx_word' id='word_1_201' title='bbox 1757 1651 1812 1693; x_wconf 91' lang='lat' dir='ltr'>ab</span> <span class='ocrx_word' id='word_1_202' title='bbox 1844 1665 1893 1693; x_wconf 88' lang='lat' dir='ltr'>eo</span> 
     </span>
     <span class='ocr_line' id='line_1_22' title="bbox 168 1718 1892 1774; baseline 0.001 -14"><span class='ocrx_word' id='word_1_203' title='bbox 168 1720 357 1761; x_wconf 88' lang='lat' dir='ltr'>accusati</span> <span class='ocrx_word' id='word_1_204' title='bbox 389 1718 576 1761; x_wconf 88' lang='lat' dir='ltr'>absoluti</span> <span class='ocrx_word' id='word_1_205' title='bbox 617 1725 729 1773; x_wconf 88' lang='lat' dir='ltr'>sunt,</span> <span class='ocrx_word' id='word_1_206' title='bbox 767 1733 854 1774; x_wconf 91' lang='lat' dir='ltr'>qua</span> <span class='ocrx_word' id='word_1_207' title='bbox 883 1718 938 1761; x_wconf 91' lang='lat' dir='ltr'>de</span> <span class='ocrx_word' id='word_1_208' title='bbox 967 1733 1015 1760; x_wconf 93' lang='lat' dir='ltr'>re</span> <span class='ocrx_word' id='word_1_209' title='bbox 1043 1718 1268 1773; x_wconf 88' lang='lat' dir='ltr'>Augustus</span> <span class='ocrx_word' id='word_1_210' title='bbox 1300 1720 1464 1761; x_wconf 89' lang='lat' dir='ltr'>iocatus</span> <span class='ocrx_word' id='word_1_211' title='bbox 1495 1725 1560 1761; x_wconf 89' lang='lat' dir='ltr'>est</span> <span class='ocrx_word' id='word_1_212' title='bbox 1585 1719 1782 1764; x_wconf 80' lang='lat' dir='ltr'>Macrob.</span> <span class='ocrx_word' id='word_1_213' title='bbox 1812 1722 1892 1761; x_wconf 83' lang='lat' dir='ltr'>sat.</span> 
     </span>
     <span class='ocr_line' id='line_1_23' title="bbox 165 1786 1893 1843; baseline 0 -14"><span class='ocrx_word' id='word_1_214' title='bbox 165 1789 208 1837; x_wconf 89' lang='grc'>2,</span> <span class='ocrx_word' id='word_1_215' title='bbox 229 1790 268 1842; x_wconf 82' lang='grc'>4,</span> <span class='ocrx_word' id='word_1_216' title='bbox 291 1790 332 1830; x_wconf 91' lang='lat'>9.</span> <span class='ocrx_word' id='word_1_217' title='bbox 381 1786 608 1829; x_wconf 90' lang='lat' dir='ltr'>Publicam</span> <span class='ocrx_word' id='word_1_218' title='bbox 629 1801 803 1829; x_wconf 87' lang='lat' dir='ltr'>causam</span> <span class='ocrx_word' id='word_1_219' title='bbox 833 1801 1055 1843; x_wconf 88' lang='lat' dir='ltr'>nunquam</span> <span class='ocrx_word' id='word_1_220' title='bbox 1085 1786 1269 1843; x_wconf 89' lang='lat' dir='ltr'>amplius</span> <span class='ocrx_word' id='word_1_221' title='bbox 1299 1787 1459 1841; x_wconf 87' lang='lat' dir='ltr'>agebat</span> <span class='ocrx_word' id='word_1_222' title='bbox 1488 1802 1619 1843; x_wconf 90' lang='lat' dir='ltr'>quam</span> <span class='ocrx_word' id='word_1_223' title='bbox 1647 1802 1779 1830; x_wconf 91' lang='lat' dir='ltr'>unam</span> <span class='ocrx_word' id='word_1_224' title='bbox 1807 1803 1893 1830; x_wconf 91' lang='lat' dir='ltr'>uno</span> 
     </span>
     <span class='ocr_line' id='line_1_24' title="bbox 167 1853 1890 1912; baseline 0.001 -16"><span class='ocrx_word' id='word_1_225' title='bbox 167 1853 260 1910; x_wconf 79' lang='lat' dir='ltr'>die3</span> <span class='ocrx_word' id='word_1_226' title='bbox 293 1862 389 1898; x_wconf 88' lang='lat' dir='ltr'>‘nec</span> <span class='ocrx_word' id='word_1_227' title='bbox 429 1862 573 1897; x_wconf 88' lang='lat' dir='ltr'>tamen</span> <span class='ocrx_word' id='word_1_228' title='bbox 613 1857 719 1910; x_wconf 90' lang='lat' dir='ltr'>scio,</span> <span class='ocrx_word' id='word_1_229' title='bbox 752 1870 879 1912; x_wconf 90' lang='lat' dir='ltr'>quem</span> <span class='ocrx_word' id='word_1_230' title='bbox 920 1870 1043 1898; x_wconf 91' lang='lat' dir='ltr'>reum</span> <span class='ocrx_word' id='word_1_231' title='bbox 1079 1855 1140 1897; x_wconf 90' lang='lat' dir='ltr'>illi</span> <span class='ocrx_word' id='word_1_232' title='bbox 1171 1855 1406 1897; x_wconf 88' lang='lat' dir='ltr'>defendere</span> <span class='ocrx_word' id='word_1_233' title='bbox 1448 1857 1531 1897; x_wconf 90' lang='lat' dir='ltr'>nisi</span> <span class='ocrx_word' id='word_1_234' title='bbox 1571 1862 1619 1898; x_wconf 83' lang='lat' dir='ltr'>se&#39;</span> <span class='ocrx_word' id='word_1_235' title='bbox 1647 1857 1890 1911; x_wconf 84' lang='lat' dir='ltr'>contigerit&#39;</span> 
     </span>
    </p>

    <p class='ocr_par' dir='ltr' id='par_1_5' title="bbox 100 1923 1897 2522">
     <span class='ocr_line' id='line_1_25' title="bbox 100 1923 1892 1984; baseline 0 -17"><span class='ocrx_word' id='word_1_236' title='bbox 100 1982 113 1984; x_wconf 26' lang='grc' dir='ltr'><strong><em>Ἰ</em></strong></span> <span class='ocrx_word' id='word_1_237' title='bbox 168 1923 328 1967; x_wconf 86' lang='lat' dir='ltr'>Seneca</span> <span class='ocrx_word' id='word_1_238' title='bbox 347 1923 374 1968; x_wconf 92' lang='lat' dir='ltr'>l.</span> <span class='ocrx_word' id='word_1_239' title='bbox 397 1923 424 1966; x_wconf 94' lang='lat' dir='ltr'>l.</span> <span class='ocrx_word' id='word_1_240' title='bbox 444 1923 477 1978; x_wconf 56' lang='grc' dir='ltr'>ᾗ·</span> <span class='ocrx_word' id='word_1_241' title='bbox 497 1926 536 1968; x_wconf 92' lang='lat'>5.</span> <span class='ocrx_word' id='word_1_242' title='bbox 580 1923 822 1966; x_wconf 87' lang='lat' dir='ltr'>Accusatus</span> <span class='ocrx_word' id='word_1_243' title='bbox 843 1930 909 1966; x_wconf 88' lang='lat' dir='ltr'>est</span> <span class='ocrx_word' id='word_1_244' title='bbox 929 1940 955 1966; x_wconf 90' lang='lat' dir='ltr'>a</span> <span class='ocrx_word' id='word_1_245' title='bbox 974 1923 1113 1966; x_wconf 85' lang='lat' dir='ltr'>Fabio</span> <span class='ocrx_word' id='word_1_246' title='bbox 1134 1924 1327 1966; x_wconf 87' lang='lat' dir='ltr'>Maximo</span> <span class='ocrx_word' id='word_1_247' title='bbox 1348 1924 1406 1966; x_wconf 88' lang='lat' dir='ltr'>id.</span> <span class='ocrx_word' id='word_1_248' title='bbox 1431 1927 1679 1968; x_wconf 74' lang='lat' dir='ltr'>controvers.</span> <span class='ocrx_word' id='word_1_249' title='bbox 1701 1928 1745 1975; x_wconf 89' lang='lat'>2,</span> <span class='ocrx_word' id='word_1_250' title='bbox 1766 1928 1804 1975; x_wconf 90' lang='grc'>4,</span> <span class='ocrx_word' id='word_1_251' title='bbox 1827 1928 1892 1967; x_wconf 87' lang='grc'><em>11.</em></span> 
     </span>
     <span class='ocr_line' id='line_1_26' title="bbox 158 1992 1895 2048; baseline 0.001 -15"><span class='ocrx_word' id='word_1_252' title='bbox 158 1992 220 2034; x_wconf 78' lang='lat' dir='ltr'>&#39;In</span> <span class='ocrx_word' id='word_1_253' title='bbox 259 1999 391 2034; x_wconf 87' lang='lat' dir='ltr'>causa</span> <span class='ocrx_word' id='word_1_254' title='bbox 429 1993 602 2048; x_wconf 87' lang='lat' dir='ltr'>privata</span> <span class='ocrx_word' id='word_1_255' title='bbox 642 1999 798 2035; x_wconf 87' lang='lat' dir='ltr'>contra·</span> <span class='ocrx_word' id='word_1_256' title='bbox 831 1992 892 2035; x_wconf 90' lang='lat' dir='ltr'>M.</span> <span class='ocrx_word' id='word_1_257' title='bbox 924 1993 1211 2048; x_wconf 91' lang='lat' dir='ltr'>Pomponium</span> <span class='ocrx_word' id='word_1_258' title='bbox 1241 1992 1495 2034; x_wconf 89' lang='lat' dir='ltr'>Marcellum</span> <span class='ocrx_word' id='word_1_259' title='bbox 1524 1993 1612 2047; x_wconf 88' lang='lat' dir='ltr'>egit</span> <span class='ocrx_word' id='word_1_260' title='bbox 1643 1993 1813 2035; x_wconf 83' lang='lat' dir='ltr'>Sueton.</span> <span class='ocrx_word' id='word_1_261' title='bbox 1846 1992 1895 2035; x_wconf 90' lang='lat' dir='ltr'>de</span> 
     </span>
     <span class='ocr_line' id='line_1_27' title="bbox 165 2060 1897 2117; baseline 0 -15"><span class='ocrx_word' id='word_1_262' title='bbox 165 2074 342 2115; x_wconf 73' lang='lat' dir='ltr'>qramm.</span> <span class='ocrx_word' id='word_1_263' title='bbox 375 2064 452 2104; x_wconf 90' lang='grc'>22.</span> <span class='ocrx_word' id='word_1_264' title='bbox 512 2060 741 2103; x_wconf 87' lang='lat' dir='ltr'>Orationes</span> <span class='ocrx_word' id='word_1_265' title='bbox 783 2063 964 2117; x_wconf 89' lang='lat' dir='ltr'>scriptas</span> <span class='ocrx_word' id='word_1_266' title='bbox 1006 2061 1182 2117; x_wconf 88' lang='lat' dir='ltr'>reliquit</span> <span class='ocrx_word' id='word_1_267' title='bbox 1220 2062 1274 2115; x_wconf 83' lang='lat' dir='ltr'>cf.</span> <span class='ocrx_word' id='word_1_268' title='bbox 1318 2061 1430 2103; x_wconf 88' lang='lat' dir='ltr'>locos</span> <span class='ocrx_word' id='word_1_269' title='bbox 1467 2074 1601 2116; x_wconf 76' lang='lat' dir='ltr'>supra</span> <span class='ocrx_word' id='word_1_270' title='bbox 1641 2061 1691 2103; x_wconf 89' lang='lat' dir='ltr'>de</span> <span class='ocrx_word' id='word_1_271' title='bbox 1730 2061 1897 2104; x_wconf 85' lang='lat' dir='ltr'>dicendi</span> 
     </span>
     <span class='ocr_line' id='line_1_28' title="bbox 162 2129 1891 2186; baseline 0 -15"><span class='ocrx_word' id='word_1_272' title='bbox 162 2142 312 2183; x_wconf 75' lang='lat' dir='ltr'>qenere</span> <span class='ocrx_word' id='word_1_273' title='bbox 342 2129 519 2181; x_wconf 89' lang='lat' dir='ltr'>allatos;</span> <span class='ocrx_word' id='word_1_274' title='bbox 548 2136 634 2171; x_wconf 89' lang='lat' dir='ltr'>non</span> <span class='ocrx_word' id='word_1_275' title='bbox 665 2144 721 2172; x_wconf 85' lang='lat' dir='ltr'>ex</span> <span class='ocrx_word' id='word_1_276' title='bbox 752 2129 817 2171; x_wconf 89' lang='lat' dir='ltr'>his</span> <span class='ocrx_word' id='word_1_277' title='bbox 838 2144 949 2186; x_wconf 84' lang='lat' dir='ltr'>quae</span> <span class='ocrx_word' id='word_1_278' title='bbox 980 2129 1116 2171; x_wconf 87' lang='lat' dir='ltr'>edidit</span> <span class='ocrx_word' id='word_1_279' title='bbox 1145 2129 1440 2174; x_wconf 85' lang='lat' dir='ltr'>aestimandus</span> <span class='ocrx_word' id='word_1_280' title='bbox 1475 2136 1552 2181; x_wconf 87' lang='lat' dir='ltr'>est,</span> <span class='ocrx_word' id='word_1_281' title='bbox 1578 2136 1694 2172; x_wconf 90' lang='lat' dir='ltr'>‘sunt</span> <span class='ocrx_word' id='word_1_282' title='bbox 1714 2129 1891 2186; x_wconf 87' lang='lat' dir='ltr'>quidem</span> 
     </span>
     <span class='ocr_line' id='line_1_29' title="bbox 169 2197 1894 2254; baseline 0.001 -15"><span class='ocrx_word' id='word_1_283' title='bbox 169 2204 212 2239; x_wconf 89' lang='lat' dir='ltr'>et</span> <span class='ocrx_word' id='word_1_284' title='bbox 251 2197 357 2239; x_wconf 91' lang='lat' dir='ltr'>haec</span> <span class='ocrx_word' id='word_1_285' title='bbox 386 2198 544 2254; x_wconf 91' lang='lat' dir='ltr'>quibus</span> <span class='ocrx_word' id='word_1_286' title='bbox 574 2197 823 2253; x_wconf 89' lang='lat' dir='ltr'>eloquentia</span> <span class='ocrx_word' id='word_1_287' title='bbox 857 2199 949 2240; x_wconf 89' lang='lat' dir='ltr'>eius</span> <span class='ocrx_word' id='word_1_288' title='bbox 980 2201 1248 2252; x_wconf 75' lang='lat' dir='ltr'>aynoscatur,</span> <span class='ocrx_word' id='word_1_289' title='bbox 1281 2198 1451 2240; x_wconf 79' lang='lat' dir='ltr'>auditus</span> <span class='ocrx_word' id='word_1_290' title='bbox 1482 2201 1620 2240; x_wconf 87' lang='lat' dir='ltr'>tamen</span> <span class='ocrx_word' id='word_1_291' title='bbox 1651 2198 1727 2253; x_wconf 81' lang='lat' dir='ltr'>(sic</span> <span class='ocrx_word' id='word_1_292' title='bbox 1756 2198 1894 2252; x_wconf 73' lang='lat' dir='ltr'>suppl.</span> 
     </span>
     <span class='ocr_line' id='line_1_30' title="bbox 167 2265 1896 2322; baseline 0.001 -16"><span class='ocrx_word' id='word_1_293' title='bbox 167 2265 378 2320; x_wconf 80' lang='lat' dir='ltr'>Bursian)</span> <span class='ocrx_word' id='word_1_294' title='bbox 405 2265 534 2320; x_wconf 89' lang='lat' dir='ltr'>longe</span> <span class='ocrx_word' id='word_1_295' title='bbox 563 2266 702 2307; x_wconf 83' lang='lat' dir='ltr'>maior</span> <span class='ocrx_word' id='word_1_296' title='bbox 732 2271 825 2307; x_wconf 91' lang='lat' dir='ltr'>erat</span> <span class='ocrx_word' id='word_1_297' title='bbox 854 2272 985 2322; x_wconf 78' lang='lat' dir='ltr'>quam</span> <span class='ocrx_word' id='word_1_298' title='bbox 1014 2265 1150 2307; x_wconf 91' lang='lat' dir='ltr'>lectus</span> <span class='ocrx_word' id='word_1_299' title='bbox 1177 2265 1338 2308; x_wconf 81' lang='lat' dir='ltr'>Seneca</span> <span class='ocrx_word' id='word_1_300' title='bbox 1360 2266 1502 2319; x_wconf 77' lang='lat' dir='ltr'>praef.</span> <span class='ocrx_word' id='word_1_301' title='bbox 1530 2266 1555 2308; x_wconf 92' lang='lat' dir='ltr'>l.</span> <span class='ocrx_word' id='word_1_302' title='bbox 1580 2265 1606 2308; x_wconf 73' lang='lat' dir='ltr'>l‘.</span> <span class='ocrx_word' id='word_1_303' title='bbox 1627 2266 1659 2320; x_wconf 66' lang='lat'>§²</span> <span class='ocrx_word' id='word_1_304' title='bbox 1678 2269 1717 2308; x_wconf 88' lang='lat'>3.</span> <span class='ocrx_word' id='word_1_305' title='bbox 1763 2266 1896 2308; x_wconf 90' lang='lat' dir='ltr'>Dicta</span> 
     </span>
     <span class='ocr_line' id='line_1_31' title="bbox 170 2333 1896 2388; baseline 0.001 -13"><span class='ocrx_word' id='word_1_306' title='bbox 170 2334 262 2375; x_wconf 92' lang='lat' dir='ltr'>eius</span> <span class='ocrx_word' id='word_1_307' title='bbox 293 2333 455 2376; x_wconf 83' lang='lat' dir='ltr'>Seneca</span> <span class='ocrx_word' id='word_1_308' title='bbox 495 2336 745 2376; x_wconf 84' lang='lat' dir='ltr'>controvers.</span> <span class='ocrx_word' id='word_1_309' title='bbox 775 2337 820 2384; x_wconf 93' lang='lat'>2,</span> <span class='ocrx_word' id='word_1_310' title='bbox 850 2336 889 2383; x_wconf 85' lang='grc'>4,</span> <span class='ocrx_word' id='word_1_311' title='bbox 920 2337 973 2375; x_wconf 87' lang='lat'>11</span> <span class='ocrx_word' id='word_1_312' title='bbox 982 2347 996 2385; x_wconf 89' lang='lat'><em>;</em></span> <span class='ocrx_word' id='word_1_313' title='bbox 1032 2337 1061 2375; x_wconf 86' lang='grc'><em>3</em></span> <span class='ocrx_word' id='word_1_314' title='bbox 1091 2334 1236 2387; x_wconf 76' lang='lat' dir='ltr'>praef.</span> <span class='ocrx_word' id='word_1_315' title='bbox 1265 2337 1318 2376; x_wconf 90' lang='lat'>16</span> <span class='ocrx_word' id='word_1_316' title='bbox 1327 2347 1341 2385; x_wconf 79' lang='lat'>,⁰</span> <span class='ocrx_word' id='word_1_317' title='bbox 1379 2337 1407 2375; x_wconf 90' lang='grc'><em>4</em></span> <span class='ocrx_word' id='word_1_318' title='bbox 1427 2334 1570 2388; x_wconf 76' lang='lat' dir='ltr'>praef.</span> <span class='ocrx_word' id='word_1_319' title='bbox 1600 2337 1676 2385; x_wconf 93' lang='grc'>11;</span> <span class='ocrx_word' id='word_1_320' title='bbox 1704 2337 1742 2384; x_wconf 88' lang='grc'><em>7,</em></span> <span class='ocrx_word' id='word_1_321' title='bbox 1773 2337 1813 2384; x_wconf 89' lang='grc'><em>3,</em></span> <span class='ocrx_word' id='word_1_322' title='bbox 1843 2336 1872 2376; x_wconf 91' lang='grc'><em>8</em></span> <span class='ocrx_word' id='word_1_323' title='bbox 1882 2347 1896 2385; x_wconf 89' lang='grc'><em>;</em></span> 
     </span>
     <span class='ocr_line' id='line_1_32' title="bbox 169 2401 1894 2456; baseline 0 -12"><span class='ocrx_word' id='word_1_324' title='bbox 169 2404 213 2451; x_wconf 73' lang='lat'>9,</span> <span class='ocrx_word' id='word_1_325' title='bbox 231 2404 270 2452; x_wconf 88' lang='grc'><em>3,</em></span> <span class='ocrx_word' id='word_1_326' title='bbox 293 2405 370 2453; x_wconf 92' lang='grc'><em>14,·</em></span> <span class='ocrx_word' id='word_1_327' title='bbox 395 2405 450 2444; x_wconf 89' lang='grc'><em>10</em></span> <span class='ocrx_word' id='word_1_328' title='bbox 471 2402 618 2456; x_wconf 75' lang='lat' dir='ltr'>praef.</span> <span class='ocrx_word' id='word_1_329' title='bbox 640 2404 692 2453; x_wconf 83' lang='lat'>8;</span> <span class='ocrx_word' id='word_1_330' title='bbox 718 2405 785 2452; x_wconf 89' lang='lat'>10,</span> <span class='ocrx_word' id='word_1_331' title='bbox 805 2403 844 2452; x_wconf 88' lang='grc'>5,</span> <span class='ocrx_word' id='word_1_332' title='bbox 865 2405 938 2452; x_wconf 90' lang='grc'><em>20,</em></span> <span class='ocrx_word' id='word_1_333' title='bbox 975 2401 1227 2455; x_wconf 75' lang='lat' dir='ltr'>Quintilian.</span> <span class='ocrx_word' id='word_1_334' title='bbox 1259 2402 1439 2446; x_wconf 86' lang='lat' dir='ltr'>institut.</span> <span class='ocrx_word' id='word_1_335' title='bbox 1471 2405 1514 2451; x_wconf 82' lang='lat'>6‚·</span> <span class='ocrx_word' id='word_1_336' title='bbox 1538 2405 1576 2452; x_wconf 89' lang='lat'>1,</span> <span class='ocrx_word' id='word_1_337' title='bbox 1597 2404 1652 2443; x_wconf 88' lang='grc'><em>43</em></span> <span class='ocrx_word' id='word_1_338' title='bbox 1660 2408 1678 2453; x_wconf 57' lang='lat'>‚·⁴</span> <span class='ocrx_word' id='word_1_339' title='bbox 1702 2405 1740 2453; x_wconf 90' lang='grc'>6,</span> <span class='ocrx_word' id='word_1_340' title='bbox 1761 2405 1801 2452; x_wconf 90' lang='grc'>3,</span> <span class='ocrx_word' id='word_1_341' title='bbox 1822 2405 1894 2445; x_wconf 91' lang='grc'>27.</span> 
     </span>
     <span class='ocr_line' id='line_1_33' title="bbox 171 2469 1893 2522; baseline 0.001 -10"><span class='ocrx_word' id='word_1_342' title='bbox 171 2472 236 2513; x_wconf 88' lang='grc'>78.</span> <span class='ocrx_word' id='word_1_343' title='bbox 270 2473 345 2521; x_wconf 86' lang='grc'>79;</span> <span class='ocrx_word' id='word_1_344' title='bbox 373 2472 414 2521; x_wconf 88' lang='grc'>8,</span> <span class='ocrx_word' id='word_1_345' title='bbox 445 2473 488 2522; x_wconf 90' lang='grc'>2,</span> <span class='ocrx_word' id='word_1_346' title='bbox 521 2473 554 2513; x_wconf 93' lang='grc'><em>2</em></span> <span class='ocrx_word' id='word_1_347' title='bbox 562 2483 576 2522; x_wconf 90' lang='grc'><strong><em>;</em></strong></span> <span class='ocrx_word' id='word_1_348' title='bbox 604 2472 644 2520; x_wconf 87' lang='grc'>8,</span> <span class='ocrx_word' id='word_1_349' title='bbox 673 2473 713 2521; x_wconf 87' lang='grc'>3,</span> <span class='ocrx_word' id='word_1_350' title='bbox 744 2472 823 2522; x_wconf 91' lang='grc'>89;</span> <span class='ocrx_word' id='word_1_351' title='bbox 852 2473 917 2520; x_wconf 89' lang='grc'>11,</span> <span class='ocrx_word' id='word_1_352' title='bbox 947 2473 987 2521; x_wconf 88' lang='grc'>3,</span> <span class='ocrx_word' id='word_1_353' title='bbox 1014 2472 1109 2520; x_wconf 87' lang='grc'><em>133,</em></span> <span class='ocrx_word' id='word_1_354' title='bbox 1141 2469 1314 2513; x_wconf 90' lang='lat' dir='ltr'>Sueton.</span> <span class='ocrx_word' id='word_1_355' title='bbox 1346 2469 1373 2514; x_wconf 94' lang='lat' dir='ltr'>l.</span> <span class='ocrx_word' id='word_1_356' title='bbox 1402 2469 1443 2520; x_wconf 91' lang='lat' dir='ltr'>l.,</span> <span class='ocrx_word' id='word_1_357' title='bbox 1474 2469 1697 2512; x_wconf 80' lang='lat' dir='ltr'>Plutarch.</span> <span class='ocrx_word' id='word_1_358' title='bbox 1730 2470 1893 2513; x_wconf 87' lang='lat' dir='ltr'>.Moral.</span> 
     </span>
    </p>

    <p class='ocr_par' dir='ltr' id='par_1_6' title="bbox 81 2539 1654 2592">
     <span class='ocr_line' id='line_1_34' title="bbox 81 2539 1654 2592; baseline -0.001 -10"><span class='ocrx_word' id='word_1_359' title='bbox 81 2579 83 2582; x_wconf 44' lang='lat'>.</span> <span class='ocrx_word' id='word_1_360' title='bbox 167 2553 215 2592; x_wconf 78' lang='lat' dir='ltr'>p.</span> <span class='ocrx_word' id='word_1_361' title='bbox 247 2542 300 2581; x_wconf 87' lang='grc'>60</span> <span class='ocrx_word' id='word_1_362' title='bbox 313 2539 353 2581; x_wconf 90' lang='lat' dir='ltr'>d.</span> <span class='ocrx_word' id='word_1_363' title='bbox 1303 2544 1307 2550; x_wconf 84' lang='grc'><em>“</em></span> <span class='ocrx_word' id='word_1_364' title='bbox 1651 2548 1654 2549; x_wconf 72' lang='grc'>’</span> 
     </span>
    </p>

    <p class='ocr_par' dir='ltr' id='par_1_7' title="bbox 85 2606 1898 2934">
     <span class='ocr_line' id='line_1_35' title="bbox 85 2606 1898 2663; baseline 0 -14"><span class='ocrx_word' id='word_1_365' title='bbox 85 2618 88 2620; x_wconf 85' lang='grc'><strong>’</strong></span> <span class='ocrx_word' id='word_1_366' title='bbox 256 2606 369 2649; x_wconf 92' lang='lat' dir='ltr'>Cum</span> <span class='ocrx_word' id='word_1_367' title='bbox 408 2606 690 2661; x_wconf 87' lang='lat' dir='ltr'>declamaret,</span> <span class='ocrx_word' id='word_1_368' title='bbox 732 2607 847 2649; x_wconf 90' lang='lat' dir='ltr'>infra</span> <span class='ocrx_word' id='word_1_369' title='bbox 885 2606 1042 2649; x_wconf 90' lang='lat' dir='ltr'>multos</span> <span class='ocrx_word' id='word_1_370' title='bbox 1083 2613 1198 2661; x_wconf 74' lang='lat' dir='ltr'>eratt,</span> <span class='ocrx_word' id='word_1_371' title='bbox 1238 2607 1386 2663; x_wconf 89' lang='lat' dir='ltr'>itaque</span> <span class='ocrx_word' id='word_1_372' title='bbox 1424 2621 1522 2649; x_wconf 91' lang='lat' dir='ltr'>raro</span> <span class='ocrx_word' id='word_1_373' title='bbox 1553 2606 1826 2650; x_wconf 88' lang='lat' dir='ltr'>declamabat</span> <span class='ocrx_word' id='word_1_374' title='bbox 1855 2613 1898 2649; x_wconf 91' lang='lat' dir='ltr'>et</span> 
     </span>
     <span class='ocr_line' id='line_1_36' title="bbox 171 2674 1896 2729; baseline -0.001 -12"><span class='ocrx_word' id='word_1_375' title='bbox 171 2677 343 2720; x_wconf 89' lang='lat' dir='ltr'>nonnisi</span> <span class='ocrx_word' id='word_1_376' title='bbox 374 2676 429 2719; x_wconf 91' lang='lat' dir='ltr'>ab</span> <span class='ocrx_word' id='word_1_377' title='bbox 459 2677 608 2721; x_wconf 81' lang='lat' dir='ltr'>amicis</span> <span class='ocrx_word' id='word_1_378' title='bbox 639 2682 813 2718; x_wconf 90' lang='lat' dir='ltr'>coactus</span> <span class='ocrx_word' id='word_1_379' title='bbox 845 2676 1006 2719; x_wconf 89' lang='lat' dir='ltr'>Seneca</span> <span class='ocrx_word' id='word_1_380' title='bbox 1036 2678 1216 2718; x_wconf 87' lang='lat' dir='ltr'>controv.</span> <span class='ocrx_word' id='word_1_381' title='bbox 1246 2678 1274 2717; x_wconf 90' lang='lat'><em>3</em></span> <span class='ocrx_word' id='word_1_382' title='bbox 1294 2675 1440 2729; x_wconf 75' lang='lat' dir='ltr'>praef.</span> <span class='ocrx_word' id='word_1_383' title='bbox 1473 2678 1502 2717; x_wconf 92' lang='grc'><em>7</em></span> <span class='ocrx_word' id='word_1_384' title='bbox 1507 2688 1522 2726; x_wconf 89' lang='grc'><em>;</em></span> <span class='ocrx_word' id='word_1_385' title='bbox 1560 2674 1767 2718; x_wconf 91' lang='lat' dir='ltr'>iudicium</span> <span class='ocrx_word' id='word_1_386' title='bbox 1805 2675 1896 2717; x_wconf 89' lang='lat' dir='ltr'>eius</span> 
     </span>
     <span class='ocr_line' id='line_1_37' title="bbox 171 2742 1894 2794; baseline -0.001 -8"><span class='ocrx_word' id='word_1_387' title='bbox 171 2744 227 2786; x_wconf 92' lang='lat' dir='ltr'>de</span> <span class='ocrx_word' id='word_1_388' title='bbox 257 2743 595 2787; x_wconf 89' lang='lat' dir='ltr'>declamatorum</span> <span class='ocrx_word' id='word_1_389' title='bbox 635 2743 836 2787; x_wconf 89' lang='lat' dir='ltr'>inanibus</span> <span class='ocrx_word' id='word_1_390' title='bbox 868 2743 1020 2786; x_wconf 87' lang='lat' dir='ltr'>studiis</span> <span class='ocrx_word' id='word_1_391' title='bbox 1048 2743 1135 2785; x_wconf 81' lang='lat' dir='ltr'>ibd.</span> <span class='ocrx_word' id='word_1_392' title='bbox 1165 2745 1304 2794; x_wconf 91' lang='grc'><em>8-18,·</em></span> <span class='ocrx_word' id='word_1_393' title='bbox 1342 2744 1465 2785; x_wconf 84' lang='lat' dir='ltr'>rixae</span> <span class='ocrx_word' id='word_1_394' title='bbox 1494 2744 1587 2785; x_wconf 90' lang='lat' dir='ltr'>eius</span> <span class='ocrx_word' id='word_1_395' title='bbox 1622 2758 1721 2785; x_wconf 91' lang='lat' dir='ltr'>cum</span> <span class='ocrx_word' id='word_1_396' title='bbox 1751 2742 1894 2786; x_wconf 85' lang='lat' dir='ltr'>Cestio</span> 
     </span>
     <span class='ocr_line' id='line_1_38' title="bbox 170 2811 1898 2871; baseline 0 -17"><span class='ocrx_word' id='word_1_397' title='bbox 170 2812 257 2858; x_wconf 84' lang='lat' dir='ltr'>ibd.</span> <span class='ocrx_word' id='word_1_398' title='bbox 286 2816 452 2864; x_wconf 86' lang='lat'>16-17,·</span> <span class='ocrx_word' id='word_1_399' title='bbox 488 2812 695 2871; x_wconf 82' lang='lat' dir='ltr'>iudiciuin</span> <span class='ocrx_word' id='word_1_400' title='bbox 733 2812 787 2854; x_wconf 90' lang='lat' dir='ltr'>de</span> <span class='ocrx_word' id='word_1_401' title='bbox 815 2812 951 2855; x_wconf 91' lang='lat' dir='ltr'>Vario</span> <span class='ocrx_word' id='word_1_402' title='bbox 983 2813 1168 2856; x_wconf 83' lang='lat' dir='ltr'>Gemino</span> <span class='ocrx_word' id='word_1_403' title='bbox 1204 2811 1262 2856; x_wconf 83' lang='lat' dir='ltr'>id.</span> <span class='ocrx_word' id='word_1_404' title='bbox 1293 2824 1457 2869; x_wconf 75' lang='lat' dir='ltr'>suasor.</span> <span class='ocrx_word' id='word_1_405' title='bbox 1488 2814 1527 2862; x_wconf 90' lang='lat'>6,</span> <span class='ocrx_word' id='word_1_406' title='bbox 1551 2815 1605 2855; x_wconf 93' lang='grc'>11</span> <span class='ocrx_word' id='word_1_407' title='bbox 1614 2824 1628 2863; x_wconf 91' lang='grc'>,·</span> <span class='ocrx_word' id='word_1_408' title='bbox 1659 2812 1898 2854; x_wconf 87' lang='lat' dir='ltr'>sententiae</span> 
     </span>
     <span class='ocr_line' id='line_1_39' title="bbox 172 2878 1648 2934; baseline 0 -12"><span class='ocrx_word' id='word_1_409' title='bbox 172 2881 264 2923; x_wconf 89' lang='lat' dir='ltr'>eius</span> <span class='ocrx_word' id='word_1_410' title='bbox 292 2881 350 2926; x_wconf 88' lang='lat' dir='ltr'>id.</span> <span class='ocrx_word' id='word_1_411' title='bbox 382 2884 633 2924; x_wconf 83' lang='lat' dir='ltr'>controvers.</span> <span class='ocrx_word' id='word_1_412' title='bbox 655 2884 694 2932; x_wconf 91' lang='lat'>9,</span> <span class='ocrx_word' id='word_1_413' title='bbox 715 2884 759 2931; x_wconf 91' lang='lat'>2,</span> <span class='ocrx_word' id='word_1_414' title='bbox 782 2884 863 2931; x_wconf 91' lang='lat'>12,·</span> <span class='ocrx_word' id='word_1_415' title='bbox 891 2883 958 2930; x_wconf 93' lang='grc'>10,</span> <span class='ocrx_word' id='word_1_416' title='bbox 979 2883 1019 2931; x_wconf 88' lang='grc'>4,</span> <span class='ocrx_word' id='word_1_417' title='bbox 1040 2883 1083 2923; x_wconf 91' lang='grc'><em>2.</em></span> <span class='ocrx_word' id='word_1_418' title='bbox 1105 2881 1174 2934; x_wconf 85' lang='grc'>25,</span> <span class='ocrx_word' id='word_1_419' title='bbox 1207 2878 1326 2922; x_wconf 92' lang='lat' dir='ltr'>color</span> <span class='ocrx_word' id='word_1_420' title='bbox 1354 2879 1440 2922; x_wconf 77' lang='lat' dir='ltr'>ibd.</span> <span class='ocrx_word' id='word_1_421' title='bbox 1463 2882 1500 2930; x_wconf 92' lang='grc'>7,</span> <span class='ocrx_word' id='word_1_422' title='bbox 1520 2882 1560 2930; x_wconf 89' lang='grc'>3,</span> <span class='ocrx_word' id='word_1_423' title='bbox 1583 2883 1648 2922; x_wconf 93' lang='grc'>10.</span> 
     </span>
    </p>

    <p class='ocr_par' dir='ltr' id='par_1_8' title="bbox 172 2947 1898 3141">
     <span class='ocr_line' id='line_1_40' title="bbox 257 2947 1898 3002; baseline -0.002 -10"><span class='ocrx_word' id='word_1_424' title='bbox 257 2949 441 2992; x_wconf 86' lang='lat' dir='ltr'>Praeter</span> <span class='ocrx_word' id='word_1_425' title='bbox 464 2950 693 2992; x_wconf 75' lang='lat' dir='ltr'>&#39;orationes</span> <span class='ocrx_word' id='word_1_426' title='bbox 733 2963 825 2991; x_wconf 88' lang='lat' dir='ltr'>eum</span> <span class='ocrx_word' id='word_1_427' title='bbox 862 2948 953 2990; x_wconf 90' lang='lat' dir='ltr'>alia</span> <span class='ocrx_word' id='word_1_428' title='bbox 991 2949 1154 3002; x_wconf 76' lang='lat' dir='ltr'>scripta</span> <span class='ocrx_word' id='word_1_429' title='bbox 1192 2948 1240 2990; x_wconf 90' lang='lat' dir='ltr'>in</span> <span class='ocrx_word' id='word_1_430' title='bbox 1276 2948 1411 3002; x_wconf 77' lang='lat' dir='ltr'>iisque</span> <span class='ocrx_word' id='word_1_431' title='bbox 1446 2947 1607 2991; x_wconf 87' lang='lat' dir='ltr'>libellos</span> <span class='ocrx_word' id='word_1_432' title='bbox 1635 2948 1822 3002; x_wconf 82' lang='lat' dir='ltr'>famosos</span> <span class='ocrx_word' id='word_1_433' title='bbox 1850 2947 1898 2989; x_wconf 86' lang='lat' dir='ltr'>in</span> 
     </span>
     <span class='ocr_line' id='line_1_41' title="bbox 172 3016 1897 3072; baseline -0.001 -13"><span class='ocrx_word' id='word_1_434' title='bbox 172 3017 358 3061; x_wconf 78' lang='lat' dir='ltr'>homines</span> <span class='ocrx_word' id='word_1_435' title='bbox 387 3018 574 3060; x_wconf 79' lang='lat' dir='ltr'>illustres</span> <span class='ocrx_word' id='word_1_436' title='bbox 595 3017 774 3060; x_wconf 84' lang='lat' dir='ltr'>edidisse</span> <span class='ocrx_word' id='word_1_437' title='bbox 794 3031 845 3059; x_wconf 81' lang='lat' dir='ltr'>ex</span> <span class='ocrx_word' id='word_1_438' title='bbox 869 3017 1015 3059; x_wconf 83' lang='lat' dir='ltr'>Tacito</span> <span class='ocrx_word' id='word_1_439' title='bbox 1037 3017 1089 3071; x_wconf 84' lang='lat' dir='ltr'>(v.</span> <span class='ocrx_word' id='word_1_440' title='bbox 1110 3018 1260 3071; x_wconf 76' lang='lat' dir='ltr'>supra)</span> <span class='ocrx_word' id='word_1_441' title='bbox 1282 3019 1486 3070; x_wconf 45' lang='lat' dir='ltr'>apparea·</span> <span class='ocrx_word' id='word_1_442' title='bbox 1515 3017 1727 3072; x_wconf 86' lang='lat' dir='ltr'>originem</span> <span class='ocrx_word' id='word_1_443' title='bbox 1755 3016 1897 3071; x_wconf 87' lang='lat' dir='ltr'>gentis</span> 
     </span>
     <span class='ocr_line' id='line_1_42' title="bbox 173 3084 1897 3141; baseline -0.002 -11"><span class='ocrx_word' id='word_1_444' title='bbox 173 3086 449 3130; x_wconf 86' lang='lat' dir='ltr'>Vitelliorum</span> <span class='ocrx_word' id='word_1_445' title='bbox 479 3087 673 3128; x_wconf 88' lang='lat' dir='ltr'>irriserat</span> <span class='ocrx_word' id='word_1_446' title='bbox 702 3085 873 3129; x_wconf 86' lang='lat' dir='ltr'>Sueton.</span> <span class='ocrx_word' id='word_1_447' title='bbox 907 3084 1043 3127; x_wconf 85' lang='lat' dir='ltr'>Vitell.</span> <span class='ocrx_word' id='word_1_448' title='bbox 1065 3087 1108 3128; x_wconf 93' lang='lat'>2.</span> <span class='ocrx_word' id='word_1_449' title='bbox 1171 3084 1343 3141; x_wconf 88' lang='lat' dir='ltr'>Scripta</span> <span class='ocrx_word' id='word_1_450' title='bbox 1372 3086 1465 3127; x_wconf 89' lang='lat' dir='ltr'>eius</span> <span class='ocrx_word' id='word_1_451' title='bbox 1496 3091 1671 3127; x_wconf 88' lang='lat' dir='ltr'>senatus</span> <span class='ocrx_word' id='word_1_452' title='bbox 1702 3084 1897 3127; x_wconf 91' lang='lat' dir='ltr'>consulto</span> 
     </span>
    </p>

    <p class='ocr_par' dir='ltr' id='par_1_9' title="bbox 88 3152 1899 3413">
     <span class='ocr_line' id='line_1_43' title="bbox 88 3152 1899 3211; baseline -0.001 -16"><span class='ocrx_word' id='word_1_453' title='bbox 88 3193 91 3195; x_wconf 74' lang='grc'><em>,</em></span> <span class='ocrx_word' id='word_1_454' title='bbox 174 3154 335 3198; x_wconf 88' lang='lat' dir='ltr'>abolita</span> <span class='ocrx_word' id='word_1_455' title='bbox 363 3157 599 3211; x_wconf 91' lang='lat' dir='ltr'>imperator</span> <span class='ocrx_word' id='word_1_456' title='bbox 629 3152 766 3196; x_wconf 81' lang='lat' dir='ltr'>Gaius</span> <span class='ocrx_word' id='word_1_457' title='bbox 797 3153 960 3209; x_wconf 90' lang='lat' dir='ltr'>requiri</span> <span class='ocrx_word' id='word_1_458' title='bbox 1001 3158 1043 3194; x_wconf 91' lang='lat' dir='ltr'>et</span> <span class='ocrx_word' id='word_1_459' title='bbox 1076 3167 1168 3194; x_wconf 90' lang='lat' dir='ltr'>esse</span> <span class='ocrx_word' id='word_1_460' title='bbox 1198 3153 1243 3194; x_wconf 89' lang='lat' dir='ltr'>in</span> <span class='ocrx_word' id='word_1_461' title='bbox 1273 3153 1474 3195; x_wconf 90' lang='lat' dir='ltr'>manibus</span> <span class='ocrx_word' id='word_1_462' title='bbox 1502 3152 1776 3209; x_wconf 90' lang='lat' dir='ltr'>lectitarique</span> <span class='ocrx_word' id='word_1_463' title='bbox 1806 3167 1899 3209; x_wconf 86' lang='lat' dir='ltr'>per·</span> 
     </span>
     <span class='ocr_line' id='line_1_44' title="bbox 173 3220 1898 3277; baseline -0.001 -13"><span class='ocrx_word' id='word_1_464' title='bbox 173 3223 292 3265; x_wconf 91' lang='lat' dir='ltr'>misit</span> <span class='ocrx_word' id='word_1_465' title='bbox 316 3223 493 3266; x_wconf 89' lang='lat' dir='ltr'>Sueton.</span> <span class='ocrx_word' id='word_1_466' title='bbox 521 3222 658 3277; x_wconf 75' lang='lat' dir='ltr'>Caliy.</span> <span class='ocrx_word' id='word_1_467' title='bbox 671 3225 745 3264; x_wconf 87' lang='lat'>16.</span> <span class='ocrx_word' id='word_1_468' title='bbox 804 3221 973 3264; x_wconf 90' lang='lat' dir='ltr'>Auctor</span> <span class='ocrx_word' id='word_1_469' title='bbox 1002 3220 1134 3263; x_wconf 91' lang='lat' dir='ltr'>Plinii</span> <span class='ocrx_word' id='word_1_470' title='bbox 1164 3220 1282 3264; x_wconf 87' lang='lat' dir='ltr'>Plin.</span> <span class='ocrx_word' id='word_1_471' title='bbox 1308 3221 1418 3265; x_wconf 75' lang='lat' dir='ltr'>n.‚h.</span> <span class='ocrx_word' id='word_1_472' title='bbox 1448 3221 1536 3264; x_wconf 89' lang='lat' dir='ltr'>ind.</span> <span class='ocrx_word' id='word_1_473' title='bbox 1558 3221 1584 3264; x_wconf 90' lang='lat' dir='ltr'>l.</span> <span class='ocrx_word' id='word_1_474' title='bbox 1605 3223 1670 3264; x_wconf 85' lang='lat'>35.</span> <span class='ocrx_word' id='word_1_475' title='bbox 1722 3220 1898 3263; x_wconf 84' lang='lat' dir='ltr'>Cassius</span> 
     </span>
     <span class='ocr_line' id='line_1_45' title="bbox 176 3288 1898 3344; baseline -0.001 -11"><span class='ocrx_word' id='word_1_476' title='bbox 176 3290 363 3333; x_wconf 85' lang='lat' dir='ltr'>Severus</span> <span class='ocrx_word' id='word_1_477' title='bbox 403 3291 458 3333; x_wconf 90' lang='lat' dir='ltr'>ad</span> <span class='ocrx_word' id='word_1_478' title='bbox 498 3290 796 3332; x_wconf 87' lang='lat' dir='ltr'>Maecenatem</span> <span class='ocrx_word' id='word_1_479' title='bbox 837 3290 994 3331; x_wconf 84' lang='lat' dir='ltr'>citatur</span> <span class='ocrx_word' id='word_1_480' title='bbox 1030 3288 1204 3331; x_wconf 76' lang='lat' dir='ltr'>Charis.</span> <span class='ocrx_word' id='word_1_481' title='bbox 1243 3288 1435 3333; x_wconf 81' lang='lat' dir='ltr'>Gramm.</span> <span class='ocrx_word' id='word_1_482' title='bbox 1469 3290 1567 3334; x_wconf 89' lang='lat' dir='ltr'>Lat.</span> <span class='ocrx_word' id='word_1_483' title='bbox 1597 3289 1631 3332; x_wconf 95' lang='lat' dir='ltr'><strong><em>I</em></strong></span> <span class='ocrx_word' id='word_1_484' title='bbox 1654 3304 1702 3344; x_wconf 76' lang='lat' dir='ltr'>p.</span> <span class='ocrx_word' id='word_1_485' title='bbox 1732 3292 1813 3332; x_wconf 86' lang='grc'><em>104</em></span> <span class='ocrx_word' id='word_1_486' title='bbox 1843 3296 1898 3324; x_wconf 83' lang='lat'>&#39;=</span> 
     </span>
     <span class='ocr_line' id='line_1_46' title="bbox 175 3357 1898 3413; baseline 0.001 -14"><span class='ocrx_word' id='word_1_487' title='bbox 175 3357 386 3402; x_wconf 86' lang='lat' dir='ltr'>Priscian.</span> <span class='ocrx_word' id='word_1_488' title='bbox 404 3359 517 3413; x_wconf 73' lang='lat'>1110.</span> <span class='ocrx_word' id='word_1_489' title='bbox 533 3361 629 3409; x_wconf 87' lang='grc'><em>333,</em></span> <span class='ocrx_word' id='word_1_490' title='bbox 651 3357 829 3401; x_wconf 87' lang='lat' dir='ltr'>Cassius</span> <span class='ocrx_word' id='word_1_491' title='bbox 852 3357 1038 3400; x_wconf 86' lang='lat' dir='ltr'>Severus</span> <span class='ocrx_word' id='word_1_492' title='bbox 1060 3358 1127 3412; x_wconf 77' lang='lat' dir='ltr'>(ex</span> <span class='ocrx_word' id='word_1_493' title='bbox 1152 3357 1260 3401; x_wconf 83' lang='lat' dir='ltr'>libro</span> <span class='ocrx_word' id='word_1_494' title='bbox 1282 3357 1458 3412; x_wconf 81' lang='lat' dir='ltr'>incerto)</span> <span class='ocrx_word' id='word_1_495' title='bbox 1478 3357 1674 3401; x_wconf 85' lang='lat' dir='ltr'>Diomed.</span> <span class='ocrx_word' id='word_1_496' title='bbox 1691 3358 1726 3401; x_wconf 94' lang='lat' dir='ltr'><strong><em>I</em></strong></span> <span class='ocrx_word' id='word_1_497' title='bbox 1728 3372 1777 3412; x_wconf 75' lang='lat' dir='ltr'>p.</span> <span class='ocrx_word' id='word_1_498' title='bbox 1792 3361 1877 3400; x_wconf 88' lang='grc'>371</span> <span class='ocrx_word' id='word_1_499' title='bbox 1884 3370 1898 3409; x_wconf 89' lang='grc'><em>;</em></span> 
     </span>
    </p>
   </div>
  </div>
 </body>
</html>
