2202 3730
126 298 377 338 CLAVDIVS
995 293 1079 337 389
1684 298 1942 337 'CLAVDIVS

211 434 469 474 memoratur
505 432 551 473 in
591 435 619 474 t.
650 432 800 474 Liviae
831 431 1098 474 Medullinae
1132 445 1310 486 sponsae
1335 432 1385 474 X
1411 434 1516 475 6561
1546 431 1619 487 (4).
1682 432 1944 474 Nominatur

214 502 443 554 praeterea
472 500 519 541 in
549 503 577 541 t.
602 500 713 542 servi
731 500 823 542 III
842 503 927 543 321
957 499 1030 556 (5),
1051 501 1218 554 passim
1247 501 1294 542 in
1324 503 1352 542 t.
1384 500 1631 543 libertorum
1661 503 1700 542 et
1728 514 1942 543 servorum

213 568 260 609 in
297 571 559 610 monumento
594 567 734 610 Drusi
772 567 841 610 VI
861 571 971 610 4334
1001 567 1071 623 (6).
1102 571 1222 610 4338.
1250 571 1371 612 4340.
1402 572 1521 611 4346.
1551 571 1661 612 4348
1690 566 1790 625 (10).
1821 571 1940 611 4356.

213 638 333 679 4359.
362 639 489 680 4362.
519 639 639 681 4363.
669 639 779 679 4376
807 636 905 691 (15).

301 704 367 746 Ti.
408 704 618 747 Claudius
658 705 772 747 Nero
814 705 1100 748 Germanicus
1140 708 1169 747 t.
1200 708 1239 748 1.
1269 708 1313 748 2.
1343 708 1383 747 3.
1414 709 1458 760 4,
1499 706 1566 749 Ti.
1596 704 1805 749 Claudius
1836 704 1942 748 Ger-

214 774 407 815 manicus
428 777 458 815 t.
477 776 516 816 5.
539 777 578 816 6.
598 777 666 816 10.
687 771 828 828 15(.9);
848 773 915 816 Ti.
938 773 1225 816 Germanicus
1245 774 1292 816 in
1314 774 1449 816 titulis
1467 774 1651 828 reliquis.
1684 773 1942 831 Appellatus

215 847 279 882 est
308 842 498 897 primum
529 842 596 884 Ti.
627 840 836 884 Claudius
868 841 1051 893 Drusus,
1081 856 1183 883 mox
1214 841 1347 883 fratre
1376 843 1539 883 maiore
1569 842 1867 896 (Germanico)
1899 843 1943 883 in

214 908 371 951 Iuliam
391 909 596 951 familiam
617 908 821 966 adoptato
843 909 972 964 (anno
986 913 1072 964 41).
1097 909 1163 965 Ο.)
1181 909 1430 953 Germanici
1453 924 1690 964 cognomen
1711 910 1945 966 assumpsit

213 975 382 1019 Sueton.
405 977 471 1022 Cl.
492 981 524 1021 2
552 978 692 1020 minus
723 981 941 1028 accurate,
984 978 1095 1031 quod
1121 977 1332 1020 Claudius
1362 981 1471 1020 certe
1496 982 1598 1033 post
1616 979 1866 1032 pueritiam,
1897 980 1945 1019 ut

216 1044 333 1086 tituli
359 1045 516 1097 docent,
539 1049 718 1100 praeter
744 1045 1045 1088 Germanicam
1069 1046 1254 1088 Neronis
1278 1047 1530 1100 coynomine,
1561 1060 1778 1100 nunquam
1806 1045 1948 1088 Drusi

214 1126 318 1155 usus
347 1117 419 1156 est.
471 1115 538 1157 Ti.
561 1113 769 1157 Claudius
803 1114 918 1157 Nero
951 1115 1235 1158 Germanicus
1265 1114 1354 1157 Dio
1384 1118 1450 1167 60,
1482 1118 1514 1158 2
1543 1115 1758 1170 (Zonaras
1787 1118 1854 1165 11,
1884 1117 1943 1170 8),

215 1180 282 1223 Τι’.
314 1180 523 1224 Claudius
552 1183 668 1225 Nero
699 1182 757 1224 id.
784 1185 850 1233 55,
880 1185 952 1233 27,
984 1185 1165 1225 ceterum
1183 1182 1431 1237 plerumque
1462 1182 1684 1227 Claudius.

299 1250 439 1292 Natus
470 1258 536 1293 est
565 1250 765 1292 kalendis
794 1250 1006 1305 Augustis
1035 1266 1072 1292 a.
1097 1251 1180 1293 744
1209 1270 1263 1285 z
1295 1252 1347 1293 10
1378 1266 1417 1293 a.
1441 1250 1490 1294 C.
1522 1251 1694 1294 Sueton.
1723 1250 1878 1293 Claud.
1899 1254 1943 1301 2,

214 1317 323 1370 fasti
351 1318 563 1361 Vallenses
584 1318 684 1362 CIL·
702 1319 820 1373 1²1).
836 1322 934 1369 240,
955 1318 1155 1360 Antiates
1174 1333 1222 1373 p.
1242 1321 1331 1362 248
1340 1332 1355 1370 ,·
1385 1319 1624 1373 Luguduni
1647 1319 1816 1362 Sneton.
1841 1318 1942 1369 ibd„

215 1385 377 1429 Seneca
395 1401 512 1442 apoc.
529 1391 567 1430 6.
608 1388 693 1430 Per
712 1402 880 1429 omnem
901 1388 1112 1443 pueritiae
1132 1394 1262 1443 atque
1282 1387 1600 1430 adulescentiae
1621 1394 1791 1444 tempus
1812 1388 1944 1429 variis

215 1460 258 1496 et
288 1455 510 1498 tenacibus
539 1455 701 1497 morbis
731 1454 1002 1497 conflictatus
1033 1462 1108 1510 est,
1141 1455 1249 1497 adeo
1281 1461 1330 1497 ut
1357 1456 1499 1497 animo
1534 1455 1662 1498 simul
1693 1462 1735 1498 et
1764 1470 1944 1512 corpore

216 1521 414 1566 hebetato
445 1539 500 1566 ne
529 1537 761 1580 progressa
790 1523 963 1580 quidem
993 1530 1135 1566 aetate
1166 1522 1241 1565 ulli
1278 1523 1453 1579 publico
1484 1524 1742 1580 privatoque
1772 1525 1943 1566 muneri

215 1591 372 1634 habilis
414 1593 736 1635 existimaretur
766 1592 937 1636 Sueten.
970 1591 997 1634 l.
1029 1592 1071 1642 l.,
1113 1592 1313 1634 Zonaras
1342 1595 1408 1642 11,
1438 1594 1467 1634 8
1486 1607 1535 1646 p.
1556 1596 1615 1635 24
1644 1592 1706 1635 ed.
1738 1591 1943 1646 Dindorf.

215 1658 285 1702 Ob
307 1659 418 1702 hanc
439 1660 735 1703 valetudinem
765 1669 809 1703 et
837 1659 1095 1714 gladiatorio
1125 1674 1317 1715 munere,
1340 1660 1456 1716 quod
1487 1675 1600 1702 anno
1623 1661 1649 1702 6
1676 1676 1718 1716 p.
1747 1660 1796 1703 C.
1818 1660 1944 1702 simul

218 1743 313 1770 cum
350 1728 486 1771 fratre
515 1730 746 1771 memoriae
778 1729 912 1785 patris
943 1728 1110 1782 edebat,
1142 1728 1387 1784 palliolatus
1417 1728 1635 1784 praesedit
1653 1728 1822 1772 Sueton.
1851 1728 1879 1772 l.
1902 1728 1944 1778 l.,

213 1796 305 1839 Dio
328 1800 395 1848 55,
427 1801 490 1841 27
517 1804 560 1840 et
590 1804 715 1852 togae
744 1796 883 1839 virilis
919 1796 990 1839 die
1029 1797 1147 1839 circa
1183 1797 1370 1839 mediam
1410 1803 1579 1840 noctem
1619 1797 1711 1839 sine
1749 1796 1945 1839 sollemni

216 1865 356 1908 officio
398 1865 552 1908 lectica
589 1867 633 1908 in
665 1865 928 1923 Capitolium
967 1864 1080 1907 latus
1122 1871 1208 1919 estz,
1248 1865 1475 1920 Augustus
1506 1867 1545 1908 ei
1577 1864 1743 1907 nullum
1774 1871 1945 1921 praeter

128 1988 137 1990 s
213 1934 434 1989 auguralis
473 1935 701 1977 sacerdotii
740 1934 949 1977 honorem
989 1934 1198 1990 impertiit
1239 1934 1294 1987 ef.
1327 1937 1355 1976 t.
1390 1936 1412 1975 1
1434 1935 1626 1988 positum
1656 1935 1773 1976 eirea
1803 1948 1843 1976 a.
1876 1933 1944 1975 7s8

211 2016 260 2056 p.
287 2002 349 2054 O„
379 2004 456 2046 aba·
482 2004 658 2046 nomina
684 2003 795 2046 nude
816 2005 1049 2058 ponuntur,
1082 2005 1120 2044 et
1146 2005 1175 2044 t.
1196 2006 1240 2046 2.
1260 2005 1300 2052 3,
1330 2002 1407 2044 ubi
1431 2002 1588 2044 dieitur
1616 2017 1780 2056 augur3
1810 2017 1862 2044 ac
1891 2016 1945 2042 ne

217 2069 418 2114 heredem
448 2071 624 2128 quidem
664 2072 746 2113 nisi
786 2086 923 2127 paene
963 2071 1076 2112 inter
1114 2076 1342 2112 extraneos
1371 2071 1640 2126 nuncupavit
1667 2069 1810 2125 legato
1841 2085 1944 2126 quo-

216 2153 301 2195 que
329 2140 537 2183 mediocri
567 2146 823 2197 prosecutus
852 2142 1020 2183 Sueton.
1053 2137 1120 2182 C'l.
1150 2142 1177 2181 4
1207 2142 1311 2181 extr.

301 2208 449 2266 Eques
478 2210 700 2263 Romanus
740 2223 879 2264 usque
914 2206 969 2249 ad
1000 2208 1230 2264 imperium
1262 2207 1347 2250 Gai
1378 2206 1550 2251 Sueton.
1590 2206 1727 2262 Caliy.
1760 2210 1824 2258 15,
1856 2207 1944 2249 Dio

215 2278 282 2328 59,
309 2280 359 2329 6,·
398 2277 503 2320 ordo
549 2284 749 2334 equester
788 2291 885 2319 eum
925 2282 1154 2332 patronum
1195 2275 1480 2331 perferendae
1519 2290 1598 2331 pro
1641 2290 1685 2317 se
1717 2275 1944 2331 legationis

217 2344 358 2401 elegit,
390 2361 490 2388 cum
515 2345 830 2402 deportandum
850 2345 1031 2387 Romam
1052 2358 1208 2400 corpus
1228 2343 1418 2399 Augusti
1450 2343 1640 2386 humeris
1671 2344 1760 2386 suis
1791 2359 1817 2386 a
1846 2358 1943 2385 con-

217 2413 384 2456 sulibus
406 2421 661 2471 exposceret
680 2414 738 2456 id.
767 2413 834 2458 Ol.
855 2416 892 2457 6.
927 2413 1057 2456 Anno
1082 2413 1135 2455 14
1155 2412 1211 2454 ad
1239 2426 1467 2454 numerum
1496 2411 1708 2454 sodalium
1729 2412 1943 2467 Augusta-

215 2481 323 2525 lium
352 2489 468 2526 sorte
497 2483 725 2526 ductorum
755 2488 881 2524 extra
903 2481 1099 2524 ordinem
1124 2480 1318 2523 adiectus
1339 2487 1404 2522 est
1430 2480 1527 2524 Tae.
1551 2494 1590 2523 a.
1612 2483 1651 2531 1,
1672 2483 1738 2530 54,
1771 2479 1943 2523 Sueton.

217 2550 281 2595 Ol.
302 2555 341 2594 6.
392 2551 596 2594 Tiberius
626 2553 666 2593 ei
696 2551 858 2607 petenti
889 2549 1072 2591 honores
1104 2548 1348 2591 consularia
1377 2554 1630 2590 ornamenta
1660 2547 1826 2599 detulit,
1867 2548 1943 2590 sed

216 2620 446 2663 instantius
466 2620 681 2676 legitimos
702 2619 916 2675 flagitanti
936 2617 1092 2660 abnuit
1111 2616 1332 2659 irridendo
1348 2616 1462 2660 Suet.
1482 2615 1547 2659 Cl.
1568 2619 1619 2668 5;
1649 2631 1748 2658 cum
1769 2622 1943 2658 senatus

216 2689 466 2744 censuisset,
489 2695 538 2731 ut
557 2689 596 2731 ei
618 2688 827 2731 dicendae
848 2688 959 2729 inter
979 2685 1226 2728 consulares
1247 2686 1483 2727 sententiae
1505 2686 1572 2726 ius
1596 2691 1719 2739 esset,
1739 2684 1942 2726 Tiberius

216 2755 439 2799 decretum
467 2756 658 2800 abolevit
685 2756 771 2800 [bd.
794 2759 833 2798 6.
879 2754 988 2798 Cum
1018 2768 1131 2796 anno
1155 2754 1210 2796 20
1240 2753 1406 2795 cineres
1428 2753 1677 2797 Germanici
1707 2752 1763 2795 ad
1793 2751 1945 2794 urbem

216 2832 512 2881 portarentur,
554 2825 727 2867 Drusus
757 2824 922 2866 Tiberii
961 2821 1075 2864 filius
1117 2836 1216 2863 cum
1247 2820 1431 2864 Claudio
1461 2821 1742 2863 Tarracinam
1773 2820 1943 2863 obviam

216 2907 472 2950 progressus
501 2899 568 2936 est
591 2894 690 2936 Tae.
723 2907 762 2935 a.
790 2895 830 2943 3,
862 2895 906 2935 2.
933 2894 974 2933 3.
1025 2890 1189 2932 Eodem
1220 2904 1334 2932 anno
1365 2904 1464 2932 eum
1493 2890 1539 2931 in
1569 2896 1722 2932 senatu
1741 2888 1943 2931 Valerius

211 2961 469 3005 Messalinus
510 2962 747 3004 censuisset
786 2959 840 3002 ob
880 2958 1119 3001 vindictam
1150 2957 1399 3002 Germanici
1428 2957 1606 3000 Tiberio
1649 2963 1692 2999 et
1720 2957 1942 3012 Augustae

217 3029 401 3087 aliisque
422 3029 672 3073 Germanici
703 3028 1036 3083 consanguineis
1066 3033 1211 3081 grates
1242 3041 1335 3068 esse
1364 3025 1554 3080 agendas
1585 3028 1743 3068 omissa
1772 3024 1943 3068 Claudii

122 3105 125 3108 ’
213 3100 444 3151 mentione,
475 3113 632 3140 nomen
659 3098 751 3140 eius
777 3103 928 3154 postea
949 3094 1144 3137 additum
1166 3100 1230 3136 est
1250 3094 1334 3137 thel.
1354 3097 1394 3145 3,
1415 3096 1472 3136 18
1481 3107 1496 3146 ,·
1523 3109 1602 3151 per
1631 3093 1746 3136 idem
1776 3100 1943 3149 tempus

217 3166 390 3210 Claudii
416 3166 505 3209 filio
536 3166 751 3221 (Claudio,
768 3166 914 3208 Druso
946 3164 1000 3217 ef.
1027 3177 1070 3207 n.
1093 3164 1192 3216 688)
1222 3162 1312 3205 filia
1342 3162 1490 3206 Seiani
1520 3162 1734 3219 desponsa
1765 3168 1829 3204 est
1855 3161 1942 3204 ibd.

214 3238 255 3287 3,
283 3239 355 3279 29.
412 3235 540 3278 Anno
571 3236 623 3278 31
659 3234 816 3278 Seiano
859 3247 1064 3289 oppresso
1104 3232 1261 3274 iterum
1301 3238 1509 3288 patronus
1540 3231 1703 3273 ordinis
1735 3231 1945 3287 equestris

218 3304 335 3360 apud
366 3303 563 3346 consules
593 3302 838 3358 gratulatus
859 3307 925 3343 est
943 3300 1110 3344 Sueten.
1137 3299 1176 3343 C
1183 3300 1209 3342 l.
1232 3303 1270 3344 6.
1321 3299 1525 3342 Tiberius
1556 3299 1637 3342 sub
1667 3299 1797 3341 finem
1826 3299 1943 3341 vitae

216 3373 347 3415 etiam
384 3372 440 3414 de
469 3370 652 3414 Claudio
688 3369 900 3414 tradenda
938 3383 986 3410 re
1022 3367 1196 3425 publica
1235 3367 1448 3423 agitabat,
1485 3367 1604 3424 quod
1635 3368 1671 3409 is
1702 3367 1939 3423 composita
