2202 3730
144 287 377 323 ARTAXES
1015 278 1098 321 153
1701 282 1953 318 ARTAXIAS

230 420 269 460 et
298 416 573 459 Herodianus
602 419 640 466 6,
671 419 764 460 2-6
794 414 919 468 (unde
947 415 1104 470 pendet
1134 415 1333 458 Zonaras
1361 418 1430 465 12,
1459 416 1536 466 15;
1574 413 1817 457 Herodiani
1853 427 1955 456 nar-

228 486 342 528 ratio
373 484 556 537 affertur
583 485 673 527 vita
700 484 944 527 Aleoeandri
971 486 1036 534 57,
1064 483 1121 534 3).
1170 482 1276 526 Cum
1306 483 1416 526 enim
1446 483 1514 525 illi
1539 482 1840 526 Alexandrum
1867 496 1956 525 rem

232 555 384 609 optimc
414 557 563 596 contra
584 553 741 595 Persas
764 553 939 608 yessisse
967 556 1090 606 atque
1110 551 1391 607 triumphasse
1411 552 1652 602 scriberent,
1682 551 1957 594 Herodianus

231 637 323 666 eum
342 636 499 677 mayna
521 636 612 664 cum
634 621 752 664 clade
773 635 945 664 suorum
960 620 1234 663 Antiochiam
1254 621 1468 663 recessisse
1483 620 1726 662 rettulit.—
1741 621 1958 675 Regnavit

229 690 574 748 quattuordecim
595 705 729 732 annos
750 689 898 732 decem
920 704 1088 731 menses
1103 689 1319 744 Aqathias
1336 692 1375 739 4,
1396 692 1466 739 24,
1490 689 1545 743 cf.
1569 688 1768 739 No'ldehe,
1796 688 1836 731 T
1832 688 1960 731 abari

228 774 276 814 p.
297 762 393 802 412.
454 759 658 801 Mortuus
686 759 820 813 iyitur
849 772 961 800 anno
990 758 1080 812 fere
1107 761 1206 801 241.

145 829 224 872 961
260 828 449 871 Artaxes
487 828 563 882 (sic
602 827 924 869 Monumentum
952 826 1230 880 Ancyranum
1269 839 1302 869 c.
1333 829 1404 876 27,
1446 824 1535 867 Dio
1559 828 1627 876 49,
1665 827 1732 868 39.
1772 829 1839 868 40.
1880 828 1958 876 44;

233 900 300 947 51,
324 900 388 947 16,
412 894 595 953 Ἀρτάζης
617 910 758 938 errore
777 898 843 945 54,
866 898 917 946 9,·
937 893 1143 936 Artaxias
1169 895 1266 936 Tac.
1289 908 1328 936 a.
1349 897 1393 945 2,
1413 897 1453 944 3,
1475 893 1640 947 Ioseph.
1663 897 1751 935 ant.
1769 897 1834 944 15,
1850 897 1889 944 4,
1908 897 1958 944 3;

229 965 443 1008 Artauzdi
482 964 609 1007 codesc
650 964 950 1006 Murbacensis
991 962 1120 1005 Vellei
1147 966 1191 1013 2,
1223 966 1289 1013 94,
1319 966 1347 1004 4
1386 976 1437 1004 ex
1476 962 1700 1004 collatione
1729 961 1892 1004 Bureri
1920 965 1959 1005 et

232 1033 410 1076 editione
442 1033 663 1087 principe,
700 1046 792 1074 cum
833 1031 1125 1086 apoyraphum
1153 1030 1431 1073 Amerbachii
1458 1030 1693 1072 Artavasdi
1733 1030 1957 1087 exhibeat).

233 1101 373 1144 Filius
394 1108 499 1143 natu
520 1102 737 1143 maximus
760 1098 878 1153 (Dio,
900 1099 1085 1154 Ioseph.)
1101 1098 1358 1142 Artavasdis
1380 1101 1494 1154 regis
1515 1099 1748 1141 Armeniae
1769 1099 1956 1153 maioris,

233 1185 367 1226 nepos
388 1170 592 1225 Tigranis
612 1170 726 1224 regis
751 1169 942 1211 Manum.
963 1168 1124 1222 Ancyr.
1136 1181 1149 1219 ;
1180 1183 1278 1210 cum
1298 1167 1515 1210 Antonius
1535 1182 1573 1211 a.
1596 1167 1679 1211 720
1700 1187 1756 1202 =
1776 1168 1832 1210 34
1853 1183 1890 1211 a.
1909 1166 1958 1210 O.

233 1238 519 1281 Artavasdem
550 1253 628 1294 per
657 1237 804 1280 dolum
835 1243 1008 1293 captum
1039 1237 1084 1278 in
1104 1236 1315 1278 Armenia
1344 1236 1702 1291 circumduceret,
1734 1236 1779 1278 hi
1809 1238 1884 1292 qui
1914 1236 1960 1278 in

236 1308 367 1350 armis
389 1314 523 1356 erant,
555 1306 767 1349 Artaxem
798 1319 944 1360 regem
975 1306 1301 1359 constituerunt,
1335 1306 1409 1361 qui
1439 1319 1534 1346 cum
1567 1304 1637 1346 illo
1671 1304 1831 1361 proelio
1862 1319 1959 1346 con-

232 1389 408 1431 gressus
436 1382 478 1417 et
496 1377 639 1417 victus
661 1374 714 1417 ad
737 1374 922 1416 Parthos
943 1373 1139 1427 confugit
1158 1373 1247 1415 Dio
1267 1376 1334 1423 49,
1355 1375 1422 1415 39.
1443 1377 1510 1417 40.
1554 1371 1740 1425 (Contra
1759 1372 1963 1427 Iosephus

234 1448 320 1489 ant.
352 1447 417 1495 15,
446 1448 485 1494 4,
511 1447 539 1486 3
562 1447 788 1498 postquam
816 1442 1103 1484 Artavasdem
1142 1456 1235 1484 cum
1267 1442 1372 1497 filiis
1400 1442 1714 1484 Alexandriam
1744 1441 1963 1484 deductum

233 1526 318 1556 esse
346 1514 555 1562 narravit,
578 1513 724 1567 peryit
746 1510 950 1568 Ἀρμηνίας
972 1512 1015 1553 δὲ
1041 1512 1295 1569 ἐβασίλευσεν
1318 1509 1511 1567 Ἀρταξίας
1540 1512 1560 1553 ὁ
1592 1511 1856 1567 πρεσβύτατος
1884 1514 1962 1552 τῶν

232 1581 384 1624 ἐκείνου
415 1583 567 1624 παίδων
599 1580 759 1637 διαδρὰς
779 1581 820 1623 ἐν
841 1586 899 1639 τῷ
918 1580 1019 1630 τότε,
1052 1580 1116 1621 ita
1134 1582 1183 1621 ut
1201 1580 1392 1621 Artaxes
1410 1594 1430 1622 e
1452 1579 1644 1621 custodia
1663 1577 1963 1621 Aleoeandrina

232 1650 399 1705 elapsus
434 1649 641 1692 videatur.
703 1649 790 1692 Sed
818 1648 921 1703 plus
958 1648 1227 1690 tribuendum
1267 1651 1327 1690 est
1355 1647 1513 1690 Dionis
1544 1647 1811 1690 enarrationi
1839 1659 1965 1700 quam

233 1718 411 1773 Iosepho
443 1719 612 1761 omnino
640 1717 784 1760 leviter
811 1731 901 1760 rem
940 1717 1158 1767 tractanti,
1200 1717 1350 1771 quippe
1380 1717 1454 1770 qui
1473 1731 1704 1771 perperam
1738 1715 1871 1758 addat
1899 1716 1963 1757 καὶ

232 1793 366 1831 τοῦτον
406 1785 620 1844 Ἀρχέλαος
659 1788 725 1830 καὶ
762 1786 902 1843 Νέρων
942 1784 1097 1842 Καῖσαρ
1139 1785 1374 1842 ἐκβαλόντες
1412 1786 1530 1839 κτλ.).
1598 1784 1710 1828 Cum
1746 1783 1964 1827 Antonius

233 1862 400 1912 partem
429 1855 663 1898 Armeniae
694 1854 931 1897 Artavasdi
972 1855 1064 1908 regi
1096 1854 1268 1896 Mediae
1297 1854 1588 1910 Atropatenes
1628 1854 1743 1895 socio
1774 1860 1878 1895 tunc
1910 1866 1964 1893 ex

233 1924 355 1967 hoste
393 1924 507 1967 facto
546 1924 769 1978 donasset,
809 1922 1057 1965 Artavasde
1095 1939 1121 1965 a
1160 1923 1333 1965 Parthis
1374 1924 1490 1964 victo
1527 1930 1742 1979 captoque
1777 1922 1964 1964 Artaxes

183 1987 195 1990 ⁶
234 1994 277 2035 in
318 2007 500 2048 regnum
540 1999 768 2049 paternum
804 1991 1009 2034 reductus
1040 1998 1105 2033 est
1133 1990 1220 2033 Dio
1251 1995 1318 2041 49,
1350 1995 1417 2034 44.
1484 1991 1595 2034 Cum
1626 1992 1855 2043 Romanos,
1889 1988 1963 2044 qui

234 2063 279 2103 in
299 2061 509 2104 Armenia
529 2060 843 2117 superfuerant,
878 2059 1015 2101 occidi
1040 2060 1245 2115 iussisset,
1278 2059 1506 2114 Augustus
1527 2059 1728 2116 Aegypto
1754 2064 1965 2113 occupata

234 2131 389 2172 fratres
423 2129 716 2172 Alexandriae
747 2134 894 2184 captos
923 2127 1098 2183 (scilicet
1132 2128 1372 2182 Tiyranem,
1404 2129 1478 2182 qui
1507 2131 1660 2182 postea
1688 2127 1892 2182 reynavit,
1926 2128 1965 2168 et

234 2198 517 2242 Artavasdem
558 2198 616 2253 (n.
649 2199 744 2253 956)
783 2200 832 2238 ut
869 2195 1050 2250 videtur)
1089 2197 1252 2252 petenti
1289 2197 1327 2238 ei
1363 2211 1451 2238 non
1488 2197 1653 2238 remisit
1681 2195 1771 2238 Dio
1798 2198 1863 2245 51,
1896 2198 1963 2236 16.

236 2267 290 2312 A.
322 2267 405 2310 734
435 2286 489 2300 =
519 2267 575 2309 20
613 2270 692 2308 τῶν
734 2263 948 2322 Ἀρμηνίων
987 2268 1065 2306 τῶν
1105 2264 1250 2320 ἑτέρων
1292 2265 1466 2318 (scilicet
1503 2264 1736 2306 Armeniae
1774 2263 1963 2313 maioris,

237 2350 329 2379 cum
360 2338 487 2377 antea
515 2339 585 2391 τῆς
615 2333 872 2391 σμικροτέρας
905 2331 1111 2389 Ἀρμηνίας
1136 2333 1291 2374 mentio
1321 2333 1442 2386 facta
1471 2332 1542 2386 sit)
1572 2336 1641 2375 τοῦ
1666 2349 1707 2374 τε
1729 2330 1963 2389 Ἀρταβάζου

236 2403 329 2459 (sie)
372 2405 731 2461 κατηγορησάντων
774 2404 840 2445 καὶ
878 2403 945 2444 τὸν
979 2400 1172 2457 Τιγράνην
1203 2403 1267 2444 τὸν
1300 2403 1478 2458 ἀδελφὸν
1518 2402 1638 2443 αὐτοῦ
1672 2400 1713 2443 ἐν
1743 2407 1792 2456 τῇ
1821 2399 1964 2457 Ῥώμῃ

235 2474 330 2516 ὄντα
375 2471 749 2529 μεταπεμψαμένων
797 2470 1058 2527 (Αὔγουστος)
1100 2469 1250 2512 ἔστειλε
1290 2471 1355 2512 τὸν
1398 2469 1588 2527 Τιβέριον,
1631 2470 1742 2516 ὅπως
1779 2471 1844 2512 τὸν
1892 2471 1963 2526 μὲν

236 2541 389 2598 ἐκβάλῃ
430 2546 499 2596 τῆς
539 2541 750 2597 βασιλείας,
796 2540 862 2581 τὸν
905 2539 948 2581 δὲ
988 2538 1029 2584 ἐς
1066 2538 1186 2595 αὐτὴν
1218 2540 1550 2596 ἀποκαταστήσῃ.
1580 2540 1645 2581 καὶ
1674 2538 1858 2595 ἐπράχθη
1894 2539 1964 2594 μὲν

236 2610 350 2652 οὐδὲν
389 2614 460 2665 τῆς
499 2612 754 2665 παρασκευῆς
791 2608 910 2650 αὐτοῦ
951 2607 1078 2653 ἄξιον·
1108 2609 1144 2649 οἱ
1176 2607 1250 2663 γὰρ
1282 2605 1471 2664 Ἀρμένιοι
1509 2608 1574 2650 τὸν
1607 2604 1843 2664 Ἀρταβάζην
1875 2623 1966 2662 προ-

236 2678 471 2722 απέκτειναν
492 2676 580 2719 Dio
597 2679 664 2726 54,
686 2679 724 2726 9,
758 2674 856 2717 dolo
887 2676 1231 2731 propinquorum
1261 2675 1427 2717 occisus
1453 2675 1553 2718 Tac.
1577 2690 1617 2717 a.
1638 2679 1681 2726 2,
1707 2679 1747 2718 3.
1787 2675 1965 2719 Omnino

231 2760 463 2801 perperam
503 2744 684 2789 Velleius
712 2747 756 2795 2,
788 2747 853 2794 94,
885 2747 912 2786 4
951 2743 1123 2797 scripsit
1155 2743 1258 2797 ε(Τί.
1297 2743 1430 2797 Nero)
1475 2758 1574 2786 cum
1616 2743 1859 2799 legionibus
1903 2745 1963 2785 in-

237 2829 411 2869 gressus
441 2813 694 2856 Armeniam
734 2812 910 2854 redacta
950 2826 998 2853 ea
1027 2812 1073 2852 in
1103 2818 1359 2867 potestatem
1387 2811 1536 2868 populi
1567 2812 1751 2854 Romani
1782 2826 1966 2867 regnum

240 2883 331 2925 eius
362 2882 573 2925 Artauzdi
604 2881 754 2935 dedir,
785 2881 863 2923 ubi
890 2881 1073 2923 scribere
1103 2880 1246 2922 debuit
1273 2880 1521 2936 Tigranem.

153 2951 237 2994 962
266 2950 485 3005 Artaxias,
518 2965 598 2992 rex
627 2949 880 3004 Armeniae,
923 2950 997 3005 qui
1028 2950 1224 3005 privatus
1254 2948 1337 2991 fuit
1366 2950 1498 2992 Zeno.
1564 2949 1730 2992 Titulus
1760 2950 1848 2992 eius
1872 2950 1966 3005 pri-

236 3020 328 3062 vati
357 3019 618 3074 Smyrnaeus
643 3018 819 3073 Ephem.
851 3032 908 3072 ep.
935 3022 960 3060 1
982 3032 1031 3072 p.
1051 3020 1149 3061 270.
1209 3017 1348 3060 Filius
1377 3017 1622 3061 Polemonis
1653 3019 1767 3073 regis
1797 3018 1966 3060 Pontici

238 3094 282 3130 et
323 3087 627 3143 Pythodoridis
664 3088 762 3130 Tac.
794 3101 834 3129 a.
866 3090 909 3136 2,
939 3089 1005 3136 56,
1040 3086 1200 3129 Strabo
1231 3089 1302 3136 12,
1331 3089 1371 3137 3,
1402 3089 1461 3130 29
1491 3101 1538 3141 p.
1568 3089 1649 3130 555
1690 3087 1782 3142 (ubi
1817 3100 1967 3128 nomen

239 3158 432 3212 tacetur),
464 3157 554 3207 tit.‚·
583 3170 718 3212 nepos
749 3170 826 3211 per
847 3162 1030 3196 matrem
1052 3154 1268 3196 Antoniae
1288 3155 1350 3199 tit.
1372 3154 1532 3197 scilicet
1551 3155 1767 3197 Antoniae
1786 3155 1969 3196 Antonii

239 3225 453 3266 triumviri
479 3224 597 3279 filiae
627 3224 681 3277 cf.
710 3223 754 3265 A
787 3225 879 3266 705.
941 3222 1070 3264 Anno
1108 3223 1156 3265 18
1187 3223 1369 3266 Vonone
1404 3237 1536 3277 regno
1568 3223 1801 3265 Armeniae
1841 3222 1966 3278 pulso

239 3292 364 3334 favor
403 3292 590 3334 nationis
631 3291 867 3334 inclinabat
904 3292 950 3332 in
989 3291 1231 3346 Zenonem,
1276 3291 1393 3347 quod
1435 3292 1471 3332 is
1507 3291 1648 3347 prima
1684 3291 1739 3333 ab
1784 3290 1967 3333 infantia

239 3360 435 3403 instituta
465 3367 507 3403 et
535 3359 700 3403 cultum
722 3359 1027 3403 Armeniorum
1056 3358 1296 3402 aemulatus
1326 3374 1526 3416 proceres
1556 3359 1815 3417 plebemque
1845 3362 1968 3402 iuxta
