2202 3730
103 287 306 323 AVIDIVS
969 279 1050 322 187
1707 284 1909 320 Avlmvs

187 416 378 460 adlatum
408 423 472 459 est
500 416 574 458 vit.
603 415 752 458 Marci
770 419 840 466 25,
862 419 905 467 2,
936 416 1088 458 Avidii
1105 419 1144 467 7,
1168 419 1208 467 8,
1239 415 1328 458 Dio
1351 419 1415 466 71,
1437 419 1499 458 27
1526 415 1741 470 (Zonaras
1760 418 1831 466 12,
1852 415 1908 466 3).

189 485 406 541 Regnavit
442 491 529 527 tres
566 499 735 526 menses
775 484 866 526 dies
908 499 984 526 sex
1023 484 1113 527 Dio
1144 485 1170 527 l.
1202 485 1251 534 l.,
1284 499 1367 538 per
1397 487 1598 527 aestatem
1627 484 1716 538 fere
1746 498 1785 526 a.
1816 487 1909 533 175,

187 569 289 597 nam
310 552 568 597 Commodus
599 553 778 594 indutus
809 559 911 608 toga
941 560 1006 596 est
1034 554 1159 595 nonis
1180 553 1303 595 Iuliis
1330 567 1379 595 eo
1402 560 1603 609 tempore,
1628 567 1714 608 quo
1737 552 1911 595 Cassius

189 639 216 666 a
241 622 390 665 Marco
421 621 604 663 descivit
632 622 702 662 vit.
733 620 949 664 Commodi
976 625 1019 672 2,
1045 624 1089 665 2.

282 690 351 734 De
390 690 536 732 liberis
571 689 714 732 Cassii
752 689 991 744 discrepant
1032 693 1234 732 auctores.
1307 689 1424 731 Nam
1462 690 1534 732 vit.
1575 689 1725 731 Marci
1752 693 1822 740 26,
1854 693 1912 733 12

188 760 260 816 (ef.
292 760 362 801 vit.
385 758 536 801 Avidii
561 762 600 809 4,
630 760 705 812 21)
736 761 1003 812 opponuntur
1035 758 1128 799 ‘filii
1160 757 1299 800 Cassii
1328 782 1380 787 -
1418 783 1468 788 —
1500 757 1704 800 mulieres
1735 764 1909 813 autem’,

188 832 237 871 ut
258 829 406 884 plures
437 831 476 870 et
504 827 617 882 filios
656 830 696 869 et
724 827 841 881 filias
879 827 1077 869 habuisse
1115 827 1322 869 videatur.
1389 826 1511 869 Certe
1547 828 1738 869 novimus
1775 827 1912 881 filium

188 911 318 941 unum
349 895 655 950 Heliodorum,
699 895 972 951 deportatum
1003 902 1100 952 post
1128 897 1263 952 patris
1294 910 1444 937 necem
1473 896 1544 937 vit.
1579 896 1730 937 Marci
1757 898 1827 946 26,
1859 898 1912 936 10

190 967 357 1020 (contra
386 964 474 1007 Dio
500 967 566 1014 71,
591 967 653 1006 27
678 964 844 1005 nomine
875 964 1025 1006 omisso
1054 965 1075 1006 ὁ
1108 966 1191 1011 υἱὸς
1220 965 1340 1007 αὐτοῦ
1367 964 1615 1021 ἐφονεῦθη);
1646 963 1914 1006 Alexandria

188 1034 278 1076 filia
316 1033 571 1075 Drunciano
612 1031 652 1086 (⁴2
661 1032 935 1087 Dryantiano
977 1033 1151 1074 coniecit
1179 1032 1447 1086 Hirschfeld)
1487 1039 1623 1088 nupta
1660 1033 1733 1074 vit.
1766 1032 1915 1074 Marci

188 1105 259 1153 26,
290 1105 360 1152 12,
390 1100 542 1143 Avidii
569 1103 609 1150 9,
638 1103 679 1142 3.
738 1099 873 1142 Falso
902 1100 1058 1142 dieitur
1088 1101 1324 1157 (Volusius)
1353 1101 1602 1143 Maecianus
1631 1100 1746 1143 filius
1774 1100 1911 1143 Cassii

187 1172 259 1215 vit.
283 1169 432 1213 Marci
449 1171 520 1219 25,
541 1172 568 1211 4
596 1169 801 1210 incertum
821 1182 904 1222 per
932 1168 1236 1223 neyleyentiam
1264 1170 1449 1211 auctoris
1480 1183 1537 1211 an
1566 1169 1853 1212 librariorum.

275 1238 456 1281 Amicus
475 1237 720 1291 Frontonis,
753 1237 828 1292 qui
858 1236 914 1278 ad
945 1251 1044 1278 eum
1074 1238 1247 1293 scripsit
1267 1237 1494 1294 epistulam
1515 1241 1555 1288 1,
1578 1241 1604 1279 6
1633 1237 1690 1279 ad
1715 1238 1836 1279 amic.
1857 1263 1913 1267 -—

191 1307 461 1351 Memoratur
500 1304 694 1360 (praeter
732 1305 844 1346 vitas
882 1305 1017 1359 ipsius
1051 1308 1091 1347 et
1126 1305 1291 1359 Marci)
1329 1306 1401 1347 vit.
1438 1305 1585 1348 Clodii
1611 1305 1765 1347 Albini
1792 1309 1831 1355 6,
1861 1310 1892 1348 2
1901 1319 1914 1357 ;

189 1379 256 1427 10,
277 1378 317 1418 9.
339 1378 406 1418 10.
427 1377 503 1426 11,·
531 1377 602 1424 12,
623 1376 691 1423 10,
711 1372 956 1416 Alexandri
972 1376 1012 1423 1,
1036 1377 1074 1423 7,
1106 1371 1194 1415 Dio
1217 1377 1280 1423 71,
1303 1377 1373 1418 29.
1396 1377 1464 1416 30.
1485 1377 1561 1426 31,·
1587 1377 1656 1424 72,
1681 1377 1718 1424 7,
1748 1374 1914 1416 Fronto

192 1445 250 1488 ad
283 1444 433 1487 Verum
457 1447 502 1494 2,
533 1446 562 1485 3
593 1457 640 1497 p.
671 1445 751 1484 131
770 1442 841 1492 N„
859 1442 1054 1488 ,Luciam
1085 1441 1287 1496 quomodo
1317 1442 1499 1485 historia
1529 1442 1812 1485 conscribend.
1845 1445 1911 1492 31,

196 1513 444 1557 Tertullian.
475 1511 587 1566 apol.
616 1513 683 1562 35,
716 1511 774 1553 ad
802 1510 1036 1565 Scapulam
1063 1514 1107 1554 2.

107 1594 218 1637 1166
248 1599 325 1636 ΟΝ.
345 1597 547 1634 AVIDIVS
570 1597 736 1634 CELER
749 1624 852 1645 .....
874 1594 1133 1634 memoratur
1153 1592 1196 1633 in
1218 1591 1341 1633 titulo
1360 1591 1508 1633 mutilo
1519 1591 1698 1633 Araxae
1718 1591 1763 1632 in
1778 1591 1915 1645 Lycia

188 1665 354 1717 reperto
381 1659 492 1704 OIG
520 1663 635 1704 4224
640 1674 669 1715 9
697 1659 811 1702 Add.
833 1675 881 1714 p.
905 1663 1016 1702 1120
1045 1679 1101 1694 =
1132 1659 1596 1714 Lebas-Waddinyton
1625 1662 1758 1702 1236:
1789 1692 1913 1701 .....

193 1730 478 1788 [ἀ]φιεροῦντος
517 1729 661 1772 Γναίου
700 1726 890 1784 Αὐιδ[ίου]
925 1727 1100 1785 Κέλερος
1130 1728 1342 1771 ΦισκιλλιῬ
1375 1760 1385 1770 .
1403 1761 1414 1771 .
1433 1761 1443 1770 .
1473 1727 1791 1784 (Πρισκιλλιανοῦ
1821 1741 1916 1770 eon-

190 1800 288 1843 iecit
316 1797 620 1852 Waddinyton)
649 1799 694 1840 τὸ
726 1797 842 1855 ἔργον
874 1800 939 1841 καὶ
974 1797 1390 1852 συν[τ]ελ[ειώσαντος]
1419 1795 1608 1853 Ἀραξέων
1640 1799 1664 1852 ἡ
1697 1797 1820 1853 βουλὴ
1852 1798 1917 1839 καὶ

191 1871 212 1913 ὁ
244 1866 414 1924 δῆμ[ος].
471 1867 678 1921 Leyatum
706 1866 865 1921 Inleiae
893 1866 1025 1920 fuisse
1055 1865 1343 1920 Waddinyton
1368 1865 1656 1920 probabiliter
1694 1865 1792 1907 inde
1822 1879 1916 1907 eon-

104 1990 115 1992 ,
186 1937 296 1987 iecit,
317 1935 430 1990 quod
442 1948 614 1989 praeses
630 1935 881 1989 provinciae
903 1934 1071 1988 templa,
1095 1948 1201 1988 quae
1222 1937 1343 1976 erant
1362 1935 1408 1976 in
1424 1934 1653 1988 provincia
1676 1933 1916 1988 aedificata,

189 2004 384 2048 dedicare
402 2003 576 2054 solebat,
599 2003 719 2046 euius
737 2004 803 2045 rei
822 2003 1012 2058 exempla
1031 2004 1076 2045 in
1092 2003 1251 2057 Isyeiae
1276 2002 1410 2045 titulis
1428 2017 1469 2045 n.
1483 2005 1606 2046 1254.
1628 2005 1739 2045 1265
1764 2001 1916 2045 Wadsl.

189 2076 345 2124 extant,
383 2073 431 2115 in
470 2086 645 2126 quorum
684 2071 818 2114 altero
858 2071 1002 2114 eadem
1040 2071 1228 2125 formula
1263 2074 1620 2118 συντελειώσαντος
1648 2073 1713 2114 καὶ
1743 2072 1917 2126 ἀφιερώ-

191 2157 332 2188 σαντος
359 2141 409 2184 τὰ
438 2140 535 2198 ἔργα
563 2141 788 2183 invenitur.

106 2223 216 2266 1167
249 2221 488 2276 (AVIDIVS)
510 2226 846 2274 HELIODORVS‚
878 2220 991 2263 filius
1012 2220 1164 2263 Avidii
1187 2219 1325 2263 Cassii
1356 2227 1453 2276 post
1479 2219 1756 2262 rebellionem
1783 2219 1917 2275 patris

193 2290 443 2346 deportatus
470 2290 542 2331 vit.
574 2288 725 2331 Marci
752 2291 821 2339 25,
853 2292 906 2331 11
937 2290 992 2342 ef.
1022 2303 1064 2333 n.
1090 2292 1209 2333 1116.

107 2371 218 2414 1168
249 2369 297 2413 O.
329 2369 516 2412 Avidius
550 2367 814 2410 Heliodorus
853 2372 1111 2411 memoratur
1152 2369 1199 2410 in
1241 2368 1376 2410 titulis
1404 2368 1627 2422 Aeyyptiis
1667 2367 1800 2410 latino
1830 2367 1918 2409 III

193 2441 303 2482 6025
333 2437 391 2494 (1)
421 2437 640 2479 Antonino
677 2436 760 2479 Pio
796 2436 1010 2487 dedicato;
1040 2451 1193 2491 yraeoo
1230 2436 1340 2479 CIG
1370 2439 1479 2479 4955
1510 2437 1585 2491 (2),
1618 2450 1736 2489 quem
1771 2435 1919 2478 melius

194 2507 415 2561 descripsit
435 2505 748 2559 Schu’einfurth
779 2505 895 2559 apud
914 2505 1182 2555 Petermann,
1222 2504 1562 2559 Geoyraphisehe
1592 2504 1917 2558 Mittheilunyen

195 2575 320 2618 XXI
341 2573 482 2630 (1875)
505 2588 553 2628 p.
574 2576 672 2624 392,
703 2573 814 2615 unde
850 2577 1029 2628 apparet
1059 2573 1227 2615 titulum
1254 2564 1339 2615 non
1370 2587 1480 2615 anno
1511 2576 1592 2615 140
1614 2574 1802 2627 positum
1833 2587 1917 2615 esse

195 2644 325 2699 (ἔτους
353 2645 481 2700 τρίτου
514 2644 801 2699 αὐτοκράτορος
827 2643 873 2684 in
900 2641 1041 2696 CIG),
1084 2641 1158 2684 sed
1197 2641 1308 2688 ἔτους
1338 2641 1390 2698 ιη’
1421 2646 1489 2685 τοῦ
1520 2643 1805 2699 αὐτοκράτορος
1834 2645 1918 2685 κτλ.

195 2713 243 2755 id
268 2715 330 2755 est
358 2726 398 2756 α.
431 2714 522 2755 155.

281 2779 329 2823 C.
361 2779 546 2822 Avidius
568 2778 839 2821 vHeliodorus
870 2782 898 2820 t.
929 2782 967 2828 1,
1006 2777 1194 2820 Avidius
1223 2777 1483 2820 Heliodorus
1515 2782 1542 2820 t.
1573 2781 1625 2831 23
1667 2776 1784 2832 apud
1811 2776 1918 2819 Dio-

194 2863 288 2892 nem
317 2851 383 2898 69,
413 2851 442 2891 3
471 2849 568 2904 πρὸς
596 2849 663 2890 τὸν
696 2848 814 2890 αὐτοῦ
853 2847 949 2889 ἴδιον
981 2845 1225 2903 Ἡλιόδωρον
1259 2846 1457 2897 traditur,
1498 2849 1597 2903 πρὸς
1635 2848 1702 2889 τὸν
1735 2844 1917 2888 Ἀουίόιον

195 2916 441 2974 Ἡλιόδωρον
473 2916 657 2959 correxit
684 2915 732 2958 Ο.
763 2914 1032 2968 Hirschfeld;
1062 2918 1240 2957 ceterum
1269 2913 1543 2958 Heliodorus.

282 2986 353 3028 Ex
398 2984 566 3041 Cyrrho
612 2985 789 3026 civitate
833 2984 986 3039 Syriae
1025 2983 1232 3026 oriundus
1271 2982 1361 3026 Dio
1399 2987 1463 3033 71,
1493 2986 1580 3034 22;
1624 2982 1678 3024 ab
1724 2982 1918 3038 epistulis

197 3053 408 3097 Hadriani
438 3052 527 3096 Dio
554 3056 619 3103 69,
649 3055 677 3095 3
686 3066 700 3103 ;
737 3052 776 3099 ἐξ
816 3054 1017 3109 ἐμπειρίας
1047 3052 1252 3108 ῥητορικῆς
1288 3051 1342 3093 ad
1380 3051 1696 3107 praefecturam
1726 3050 1917 3106 Aegypti

198 3128 419 3180 promotus
457 3121 546 3164 Dio
577 3125 642 3171 71,
676 3124 747 3171 22,
789 3120 1032 3177 praefectus
1073 3119 1154 3162 sub
1195 3120 1415 3162 Antonino
1456 3119 1534 3162 Pio
1567 3123 1595 3161 t.
1626 3123 1664 3169 1,
1706 3118 1920 3160 Aristides

199 3193 306 3233 orat.
339 3193 398 3233 26
435 3190 470 3232 I
495 3204 544 3244 p.
574 3192 660 3232 524
699 3189 760 3233 ed.
801 3188 1013 3242 Dindorf,
1060 3204 1098 3230 a.
1140 3188 1222 3230 143
1266 3189 1312 3230 in
1346 3201 1516 3242 papyro
1561 3201 1712 3242 yraece
1758 3188 1918 3240 scripta

198 3257 477 3313 Aeyyptisehe
514 3257 740 3301 Urkunden
780 3270 857 3299 aus
900 3256 991 3298 dem
1030 3257 1069 3298 lc.
1111 3256 1310 3298 Museum
1348 3270 1400 3299 zu
1438 3255 1592 3298 Berlin
1629 3256 1663 3297 I
1692 3257 1719 3298 5
1749 3269 1792 3296 n.
1826 3257 1917 3303 113,

203 3341 240 3369 a.
265 3327 344 3369 155
375 3329 404 3368 t.
425 3329 479 3378 2‚·
506 3326 736 3368 memorari
753 3324 919 3367 videtur
947 3325 994 3367 in
1023 3324 1162 3367 altera
1182 3337 1354 3379 papyro
1372 3324 1459 3366 ibd.
1480 3325 1515 3367 I
1528 3327 1553 3366 9
1582 3338 1623 3367 n.
1644 3326 1740 3368 256.
1801 3322 1916 3365 Idem
