2176 3750
258 308 466 345 ANICIVS
1147 303 1201 345 56
1833 309 2070 347 ANNAEVS

345 440 518 482 Primus
563 439 676 496 pilus
722 439 804 494 leg.
846 439 936 481 XII
983 437 1280 494 Fulminatae,
1325 438 1569 495 praefectus
1614 446 1853 483 castrorum
1898 440 1980 496 leg.
2025 441 2072 484 Π
2160 473 2163 476 -

344 508 568 563 Augustae
613 510 658 550 in
703 508 950 561 Britannia,
994 506 1237 563 praefectus
1283 507 1497 549 exercitus
1539 508 1613 565 qui
1657 515 1723 551 est
1761 510 1806 551 in
1845 509 2071 566 Aegypto3

349 576 533 619 donatus
580 576 634 618 ab
689 577 947 631 imperatore
993 574 1178 632 (Gaiff)
1224 575 1348 617 donis
1396 574 1654 619 militaribus
1703 578 1748 619 in
1799 578 2073 635 expeditione

346 644 468 699 (quac
507 643 706 699 tacetur),
751 644 985 686 honoratus
1029 658 1188 685 corona
1229 643 1383 686 murali
1424 650 1466 687 et
1507 643 1630 687 hasta
1669 660 1779 701 pura
1819 646 1873 688 ob
1910 646 2072 690 bellum

344 714 647 755 Britannicum
687 712 974 767 (imperatoris
1011 711 1189 754 Claudii
1226 727 1265 756 a.
1296 712 1380 766 43).
1412 738 1463 744 —
1501 713 1750 756 Praefectus
1782 714 1861 758 Cn.
1891 715 2072 758 Domitii

344 781 624 824 Ahenobarbi
657 780 857 836 (consulis
888 795 927 823 a.
948 783 1008 824 32
1028 794 1076 835 p.
1107 779 1153 823 O.
1186 780 1232 822 in
1266 780 1492 824 duoviratu
1518 781 1802 836 Antiochiae).

271 875 326 879 —
373 856 414 892 C.
446 856 633 891 MATIVS
674 849 755 904 (vel
783 848 1023 902 MATTIVS)
1062 855 1291 891 SABINIVS
1332 855 1574 891 SVLLINVS
1613 856 1920 893 VATINIANVS
1962 858 2071 894 ANI-

351 924 459 960 CIVS
491 924 722 959 MAXIMVS
756 923 1080 959 OAESVLENVS
1112 923 1386 960 MARTIALIS
1417 923 1676 960 PISIBANVS
1707 924 1933 963 LEPIDVS.

257 987 340 1030 445
370 992 573 1028 ANICIVS
594 992 797 1040 PROBVS,
823 986 891 1027 vir
913 985 1175 1028 clarissimus
1199 986 1246 1028 in
1267 985 1440 1028 lamella
1459 1000 1612 1029 aenea:
1633 985 1788 1029 Aincio
1810 986 1902 1043 (sic)
1928 988 2070 1031 Probo

342 1069 409 1097 vc.
442 1061 485 1096 et
514 1054 699 1097 Anicihe
728 1054 820 1109 (sic)
852 1054 997 1097 Probe
1028 1069 1062 1096 c.
1095 1053 1155 1114 [f.]
1184 1054 1266 1096 XI
1271 1054 1447 1105 174120,
1473 1058 1517 1105 2,
1549 1055 1733 1108 fortasse
1761 1055 1920 1098 saeculi
1948 1057 2070 1100 IIII.

258 1123 342 1166 446
374 1122 532 1166 Anicia
560 1124 790 1178 Postuma,
825 1122 926 1166 Sex.
957 1122 1007 1177 f.‚
1046 1121 1228 1177 Etrilfii)
1258 1122 1357 1166 Afri
1390 1123 1536 1177 (uxor)
1567 1123 1779 1166 honorata
1809 1138 1836 1166 a
1865 1123 2070 1180 col(onia)

344 1191 581 1246 Aug(usta)
613 1190 844 1246 Gem(ella)
876 1191 938 1234 II
960 1194 1069 1233 1674
1097 1194 1126 1233 t.
1161 1191 1428 1236 TuccitanuS.

258 1260 341 1303 447
372 1266 548 1302 ANICIA
578 1266 753 1315 PROBA,
788 1259 1026 1302 clarissima
1055 1259 1216 1301 femina
1244 1259 1337 1302 vide
1365 1273 1407 1304 n.
1428 1262 1520 1303 445.
1849 1311 1853 1315 .

258 1328 341 1371 448
372 1328 559 1371 Aninius
580 1328 729 1371 Macer
751 1327 956 1382 (traditur
975 1329 1119 1370 animo
1133 1342 1219 1383 pro
1239 1327 1432 1384 Aninio),
1464 1334 1608 1370 orator
1629 1329 1835 1382 Graecus,
1867 1331 2071 1386 magister

343 1396 481 1439 Marci
512 1398 781 1454 imperatoris
810 1397 881 1440 vit.
917 1397 1066 1439 Marci
1093 1400 1137 1447 2,
1164 1400 1203 1439 4.

258 1465 341 1507 449
371 1471 423 1508 Μ.
457 1466 744 1521 (ANNAEVS),
776 1464 890 1507 filius
920 1465 970 1507 L.
1002 1465 1172 1508 Annaei
1205 1465 1417 1519 Senecae,
1453 1479 1585 1521 nepos
1616 1464 1811 1521 Helviae,
1844 1465 2071 1510 blandissi-

343 1548 439 1575 mus
469 1549 578 1590 puer
608 1534 770 1578 Seneca
801 1533 858 1576 acl
885 1533 1085 1576 Helviam
1117 1536 1183 1585 18,
1217 1536 1329 1585 4-6,
1369 1535 1447 1576 ‘sic
1478 1533 1595 1575 dulci
1634 1533 1808 1577 Marcus
1844 1537 1920 1592 qui
1956 1550 2072 1579 nunc

346 1616 541 1644 sermone
563 1603 762 1657 fritinnit,
780 1601 966 1644 facundo
987 1609 1165 1659 patruos
1186 1608 1394 1659 provocet
1415 1617 1488 1644 ore
1509 1602 1632 1644 duos'
1649 1602 1810 1646 Seneca
1826 1603 2070 1658 epiyramm.

342 1683 467 1724 super
508 1671 635 1714 exitio
671 1673 712 1722 8,
742 1673 781 1714 5.
817 1695 875 1699 -
903 1670 973 1713 Ab
1014 1670 1112 1721 hoc,
1155 1684 1274 1724 quem
1305 1673 1435 1725 pater
1464 1671 1510 1712 in
1541 1670 1713 1713 exilium
1745 1671 1899 1726 pulsus
1937 1673 2074 1715 vivum-

343 1739 507 1782 Romae
545 1739 798 1794 reliquerat,
837 1738 1154 1794 distinquendus
1189 1742 1250 1781 est
1289 1738 1398 1781 alter
1437 1739 1574 1794 fillius,
1615 1753 1746 1796 quem
1775 1739 1936 1782 Helvia
1974 1741 2074 1783 avia

343 1807 471 1863 paulo
503 1814 603 1850 ante
634 1807 811 1850 exilium
844 1807 1036 1850 Senecae
1066 1807 1344 1850 funeraverat
1374 1806 1536 1850 Seneca
1566 1807 1624 1850 acl
1645 1807 1843 1850 Helviam
1872 1811 1916 1859 2,
1946 1810 1986 1851 5.

261 1877 345 1919 450
375 1877 426 1919 L.
459 1876 664 1919 Annaeus
696 1876 913 1919 Cornutus
946 1876 1225 1930 (praenomen
1263 1875 1379 1918 solus
1417 1876 1600 1918 servavit
1625 1875 1853 1919 Charisius
1880 1876 2073 1920 Graanm.

349 1946 447 1990 Lat.
469 1946 504 1988 I
515 1949 612 1997 127,
646 1949 826 1988 ceterum
846 1945 1053 1987 Annaeus
1075 1944 1292 1987 Cornutus
1323 1945 1408 1987 sive
1434 1943 1682 2000 Cornutus),
1703 1945 1895 2003 Λεπτίτης
1916 1945 2076 1989 Suidas

349 2026 382 2057 s.
413 2027 449 2055 v.
479 2013 722 2072 Κορνοῦτος,
763 2014 1050 2056 Thevestinus
1087 2012 1290 2068 Stephan.
1321 2012 1502 2067 Byzant.
1540 2026 1573 2057 s,
1604 2027 1640 2055 v.
1673 2013 1810 2060 Θέστις
1848 2016 1888 2056 et
1921 2013 2074 2072 Τέργις.

348 2082 464 2124 Nero
496 2097 593 2125 eum
619 2082 673 2125 de
700 2082 852 2125 studiis
882 2083 1060 2139 poeticis
1093 2081 1320 2135 consuluit,
1353 2081 1429 2123 sed
1458 2081 1637 2125 liberius
1667 2081 1857 2124 locutum
1886 2083 1931 2124 in
1960 2083 2075 2124 insuss
2105 2102 2109 2105 ⁴

348 2149 436 2192 lam
465 2150 677 2206 relegavit
706 2165 818 2201 anno
837 2152 892 2193 62
919 2150 1008 2193 Dio
1028 2154 1098 2202 62,
1118 2153 1176 2193 29
1208 2150 1339 2204 (Nero
1363 2149 1606 2193 Cornutum
1630 2150 1934 2207 philosophum
1953 2165 2075 2208 prae-

349 2227 566 2277 ceptorem
591 2220 729 2261 Persii
761 2221 805 2261 in
837 2219 1015 2261 exilium
1040 2219 1165 2274 fugat
1181 2218 1427 2273 Hieronym.
1450 2218 1508 2261 ad
1527 2233 1566 2261 a.
1587 2218 1695 2262 Abr.
1716 2221 1833 2263 2083
1847 2218 2074 2264 :Enseu

348 2289 523 2332 Armen.
544 2291 683 2339 2080;
712 2289 809 2346 πρὸς
829 2289 948 2331 αὐτοῦ
979 2288 1052 2341 (Ξ
1073 2286 1276 2344 Νέρωνος)
1307 2288 1527 2345 ἀναιρεθεὶς
1552 2288 1620 2331 σὺν
1640 2292 1701 2345 τῷ
1718 2286 1943 2346 Μουσωνίῳ
1963 2287 2075 2342 falso

350 2357 511 2400 Suiclas
532 2357 558 2402 Ζ.
577 2357 637 2412 Ζ.).
668 2353 848 2399 Amicus
877 2363 920 2398 et
947 2357 1154 2411 magister
1175 2356 1312 2397 Persii
1333 2356 1404 2399 vit.
1426 2355 1560 2407 Pers„
1585 2355 1701 2399 Suet.
1723 2355 1798 2398 rel.
1822 2354 2073 2408 Reiffersch.

350 2440 398 2480 p.
432 2429 505 2477 73,
536 2426 783 2480 Hieronym.
817 2425 844 2468 Ζ.
877 2425 916 2476 Ζ.,
950 2426 1025 2481 qui
1055 2424 1208 2479 legatis
1240 2439 1338 2466 eum
1373 2424 1602 2466 honoravit
1631 2424 1747 2469 Suet.
1770 2439 1819 2479 p.
1852 2427 1915 2466 74.
1975 2423 2077 2467 Car-

348 2495 466 2536 mina
496 2495 634 2536 Persii
673 2493 866 2535 defuncti
901 2493 1055 2535 leviter
1087 2493 1341 2535 retractavit
1381 2499 1423 2535 et
1459 2492 1611 2535 Caesio
1642 2493 1778 2535 Basso
1808 2493 1990 2549 petenti,
2024 2498 2074 2534 ut

347 2564 430 2619 ipsi
461 2562 645 2617 cederet,
677 2562 857 2604 tradidit
888 2562 1054 2604 edenda
1084 2562 1194 2613 ibcl.;
1223 2576 1398 2603 versum
1428 2561 1568 2603 Persii
1595 2562 1779 2604 mutavit
1807 2561 1984 2616 veritus,
2017 2575 2073 2602 ne

347 2632 462 2674 Nero
504 2632 549 2672 in
576 2645 622 2672 se
652 2630 815 2673 dictum
844 2636 1019 2687 putaret
1047 2630 1174 2673 schol.
1207 2630 1264 2672 acl
1292 2629 1411 2674 Pers.
1445 2634 1491 2680 1,
1523 2633 1619 2674 121.
1688 2630 1861 2672 Persius
1901 2629 2074 2685 scripsit

348 2699 404 2742 ad
445 2714 542 2742 eum
582 2700 755 2741 satiram
797 2700 990 2756 quintam
1036 2699 1106 2754 (cf.
1146 2698 1272 2742 schol.
1302 2701 1350 2749 5,
1381 2702 1419 2742 1.
1450 2698 1542 2752 22),
1588 2697 1666 2740 ubi
1695 2697 1944 2754 adloquitur
1974 2712 2071 2740 eum

346 2782 383 2810 v.
414 2771 476 2811 23
495 2780 595 2822 sqq„
626 2781 662 2811 v.
695 2771 750 2810 36
769 2781 869 2821 sqq,
899 2781 935 2811 v.
966 2771 1025 2811 62
1044 2781 1128 2821 sqq.

433 2835 721 2892 Philosophus
763 2836 935 2878 Stoicus
975 2835 1170 2886 Persius,
1211 2835 1519 2890 Hieronymus,
1562 2834 1722 2878 Suidas
1761 2834 1787 2876 Ζ.
1820 2834 1846 2876 Ζ.
1890 2832 2072 2892 Ἔγραψε

349 2902 478 2948 πολλὰ
509 2905 710 2962 φιλόσοφοί
739 2921 782 2947 τε
812 2906 877 2947 καὶ
907 2906 1092 2962 ῥητορικά
1121 2904 1294 2948 suidas.
1362 2903 1544 2959 Scripsit
1573 2905 1669 2960 πρὸς
1701 2902 1978 2960 Ἀθηνόδωρον
2007 2904 2072 2946 καὶ

350 2973 645 3031 Ἀριστοτέλην,
686 2974 774 3029 περὶ
803 2978 872 3030 τῆς
902 2977 979 3016 τῶν
1010 2974 1117 3016 θεῶν
1149 2973 1308 3030 φύσεως
1343 2970 1433 3026 (qui
1472 2972 1576 3014 liber
1618 2974 1733 3013 extat
1773 2971 1827 3024 cf.
1860 2971 1910 3013 cle
1950 2971 2075 3035 libris

348 3041 654 3096 philosophicis
690 3041 869 3083 Cornuti
898 3041 1049 3092 Zeller,
1090 3041 1362 3095 Philosophie
1394 3040 1432 3082 cl.
1463 3039 1671 3083 Griechen
1706 3039 1795 3081 III
1815 3043 1841 3081 1
1871 3053 1920 3092 p.
1952 3037 2073 3094 690)‚·

346 3111 483 3167 τέχναι
513 3111 731 3167 ῥητορικαί,
764 3123 870 3164 quac
901 3110 1087 3152 citantur
1121 3110 1168 3151 in
1197 3108 1368 3151 scholiis
1398 3108 1455 3150 ad
1483 3108 1733 3162 Hcrmoqen.
1767 3110 1847 3149 art.
1878 3106 1982 3149 rhet.
2015 3106 2069 3161 cf.

347 3178 394 3221 Ο.
427 3177 549 3220 Jahn
578 3178 742 3232 proleg).
776 3178 833 3219 ad
862 3177 981 3220 Pers.
1014 3193 1061 3232 p.
1088 3178 1217 3220 XIV.
1285 3177 1491 3219 Annaeus
1532 3176 1750 3219 Cornutus
1791 3177 1837 3217 in
1881 3174 2070 3217 secundo

346 3246 569 3300 librorum,
603 3261 711 3302 quos
742 3246 796 3288 de
829 3246 979 3300 figuris
1020 3247 1333 3288 sententiarum
1372 3245 1611 3301 composuit
1638 3242 1746 3287 Gell.
1777 3246 1815 3294 9,
1847 3246 1913 3293 10,
1943 3244 1983 3285 5.
2017 3268 2068 3274 -

347 3314 556 3356 Nonnulli
595 3315 867 3369 grammatici
895 3339 954 3344 —
981 3339 1031 3344 —
1066 3316 1110 3356 in
1150 3314 1308 3371 quibus
1346 3319 1410 3355 est
1447 3312 1663 3355 Cornutus
1693 3310 1899 3354 Annaeus
1930 3335 1985 3339 —
2017 3336 2067 3341 —

315 3411 318 3414 -
345 3383 419 3439 qui
441 3384 750 3426 commentaria
769 3384 812 3424 in
833 3382 1077 3437 Vergilium
1098 3387 1432 3438 composuerunt
1458 3380 1567 3425 Gell.
1588 3384 1632 3432 2,
1654 3383 1692 3431 6,
1713 3383 1760 3433 1;
1793 3380 1844 3422 L.
1864 3378 2070 3421 Annaeus
