2202 3730
289 296 498 332 CAELIVS
1142 287 1225 329 260
1869 294 2080 330 CAELIVS

371 442 408 469 a.
438 426 519 468 213
552 439 648 466 cum
684 424 938 478 imperatore
967 422 1187 465 Antonino
1218 423 1309 465 IIII
1338 423 1462 477 fasti,·
1495 422 1536 469 ἐς
1567 424 1750 480 δευτέραν
1781 424 1964 467 ὑπατείαν
1996 424 2085 481 ἐλη-

371 496 506 539 λακώς
526 491 760 535 Herodian.
783 490 810 533 l.
832 490 874 541 l.,
897 490 1135 533 consularis
1154 492 1225 533 vit.
1249 491 1373 535 Max.
1396 494 1435 533 et
1453 490 1581 536 Balb.
1602 495 1641 543 1,
1657 494 1700 542 2,
1730 491 1936 536 Gordian.
1952 495 2027 543 22,
2043 495 2082 536 1.

371 561 527 604 Ἐθνῶν
564 562 815 615 ἡγησάμενος
855 559 1071 614 ἀμέμπτως
1101 558 1334 601 Herodian.
1367 559 1393 603 l.
1425 559 1465 610 l„
1507 573 1612 613 quas
1645 560 1891 614 provincias
1927 561 2085 602 rexerit

372 629 590 671 nescimus.
647 626 788 670 Salius
820 626 1042 668 Palatinus
1076 633 1297 683 cooptatus
1328 627 1457 679 (anno
1487 628 1643 670 incerto
1664 631 1764 682 post
1793 642 1833 670 a.
1854 627 1954 682 189)
1985 631 2013 670 t.
2045 631 2082 670 6.

456 695 584 738 Anno
606 696 701 749 238,
734 701 959 750 postquam
990 701 1162 737 senatus
1188 696 1398 751 comperit
1418 694 1660 738 Gordianos
1691 697 1735 737 in
1755 695 1906 738 Africa
1935 702 2085 738 eontra

372 764 660 807 Maximinum
691 763 918 819 imperium
948 764 1199 819 sumpsisse,
1242 764 1399 818 viginti
1438 764 1554 805 viros
1594 778 1649 806 ex
1684 766 1862 806 senatus
1889 762 2083 806 consulto

372 834 433 875 rei
473 831 674 888 publicae
716 830 931 873 curandae
970 828 1040 885 (ef.
1070 831 1171 874 CIL
1199 831 1326 874 XIV
1345 834 1478 888 2902)
1510 833 1683 886 creavit,
1716 833 1828 874 inter
1858 846 1965 888 quos
1994 831 2084 874 fue-

372 906 474 942 runt
508 899 719 942 Balbinus
755 905 797 940 et
826 899 1040 941 Maximus
1070 900 1264 943 Zosimus
1296 903 1334 950 1,
1366 902 1431 951 15,
1459 900 1528 944 vit.
1554 899 1761 943 Gordian.
1782 892 1850 951 10,
1874 903 1924 952 1,·
1952 903 2028 950 22,
2058 904 2085 943 1

373 970 426 1023 ef.
447 969 568 1022 infra
589 967 728 1011 adnot.
771 968 874 1009 Post
892 973 1073 1010 mortem
1095 968 1278 1011 duorum
1300 968 1620 1012 Gordianorum
1650 974 1823 1011 senatus
1843 968 2085 1011 Maximum

373 1044 415 1079 ot
444 1035 674 1079 Balbinum
706 1036 983 1095 imperatores
1013 1037 1179 1078 creavit
1204 1036 1439 1081 Herodian.
1460 1040 1498 1087 7,
1520 1040 1586 1088 10,
1618 1037 1689 1079 vit.
1719 1036 1927 1080 Gordian.
1948 1039 2022 1087 22,
2045 1042 2084 1087 1,

371 1105 442 1146 vit.
476 1103 599 1146 Max.
632 1106 671 1145 et
699 1102 827 1145 Balb.
850 1106 949 1147 1-3.
993 1103 1101 1145 Inde
1130 1104 1370 1159 Imperator
1400 1103 1561 1147 Caesar
1589 1104 1643 1148 D.
1676 1103 1848 1147 Caelius
1877 1103 2085 1147 Calvinus

372 1171 581 1214 Balbinus
612 1171 835 1226 Augustus
864 1172 911 1214 in
940 1171 1075 1214 titulis
1103 1173 1361 1226 nummisque
1390 1187 1426 1215 v.
1457 1186 1612 1227 supra;
1648 1173 1694 1215 in
1723 1187 1895 1228 papyro
1933 1173 2085 1215 titulis-

372 1255 447 1294 que
481 1243 563 1283 1-5
598 1240 674 1282 ubi
713 1239 793 1282 duo
823 1239 1009 1294 Auyusti
1046 1241 1338 1291 nominantur,
1371 1241 1514 1295 primo
1554 1241 1641 1283 loeo
1681 1254 1841 1296 semper
1869 1241 2087 1296 Pupienus

369 1310 537 1363 positus
567 1312 637 1352 est.
696 1308 873 1350 Aestate
903 1308 992 1350 fere
1023 1324 1060 1350 a.
1093 1309 1175 1351 238
1207 1315 1387 1365 uterque
1417 1309 1640 1364 Augustus
1670 1309 1797 1351 simul
1823 1325 1850 1351 a
1878 1308 2086 1352 militibus

373 1378 537 1419 occisus
559 1383 623 1418 est
644 1376 876 1419 Herodian.
894 1379 934 1428 8,
951 1380 1014 1428 10,
1035 1378 1106 1421 vit.
1130 1377 1254 1419 Max.
1277 1376 1404 1421 Balb.
1426 1380 1578 1428 13-14,
1600 1378 1670 1419 vit.
1691 1376 1897 1420 Gordian.
1913 1380 1989 1421 22.
2018 1376 2088 1419 De

375 1448 555 1500 tempore
583 1445 731 1487 mortis
760 1448 799 1487 et
829 1445 877 1487 de
906 1445 1045 1500 spatio
1073 1446 1243 1499 imperii
1271 1445 1325 1499 ef.
1347 1459 1452 1499 quae
1480 1459 1612 1500 supra
1642 1445 1843 1488 adnotavi
1862 1445 1919 1487 ad
1936 1445 2088 1487 A664.

584 1512 754 1547 Zosimus
778 1517 812 1555 1,
837 1516 884 1547 14
908 1516 1098 1557 postquam
1122 1512 1255 1548 rettulit
1278 1517 1442 1548 senatum
1461 1513 1704 1557 populumque
1726 1523 1916 1548 romanum
1933 1511 2088 1548 Gordia-

471 1580 537 1605 nos
562 1570 752 1614 aqnovisse
776 1573 808 1605 et
832 1573 953 1605 contra
970 1569 1219 1604 Maximinum
1244 1580 1349 1604 arma
1375 1570 1517 1615 cepisse,
1538 1570 1655 1614 peryit
1680 1570 1762 1605 ἐπεὶ
1786 1570 1827 1606 δὲ
1852 1572 1946 1606 πᾶσι
1970 1576 2086 1604 ταῦτα

471 1623 604 1670 ἐδόκει,
628 1630 925 1674 προχειρίζονται
943 1629 1005 1669 τῆς
1019 1629 1154 1670 βουλῆς
1170 1625 1310 1675 ἄνδρας
1325 1630 1443 1662 εἴκοσι
1460 1631 1683 1673 στρατηγίας
1700 1628 1917 1675 ἐμπείρους·
1941 1628 1980 1662 ἐκ
2001 1624 2088 1661 τού·-

471 1697 546 1719 των
570 1681 844 1731 αὐτοκράτορας
868 1681 1039 1729 ἑλόμενοι
1065 1682 1133 1718 δύο
1152 1685 1341 1728 Βαλβῖνον
1355 1685 1418 1718 καὶ
1436 1681 1628 1731 Μάξιμον,
1656 1681 2001 1730 προκαταλαβόντες
2025 1682 2089 1722 τὰς

473 1742 536 1776 ἐπὶ
561 1738 627 1783 τήν
642 1738 786 1787 Ῥώμης
811 1739 996 1786 φερούσας
1013 1738 1124 1780 ὁδούς
1148 1742 1220 1774 κτλ.
1245 1739 1285 1775 id
1308 1743 1359 1775 est
1382 1740 1512 1785 viginti
1535 1739 1609 1774 illis
1634 1740 1736 1783 viris,
1763 1740 1827 1784 qui
1846 1750 1917 1784 pro
1934 1739 2088 1775 Gordia-

472 1798 532 1832 nis
566 1800 689 1832 contra
721 1797 968 1832 Maximinum
998 1807 1069 1831 rem
1100 1797 1286 1840 publicam
1323 1796 1562 1840 defenderent,
1597 1796 1797 1832 Balbinum
1827 1800 1860 1832 et
1886 1796 2090 1832 Maximum

466 1855 716 1899 praefecerunt
739 1864 817 1888 eum
840 1864 978 1888 summa
1001 1857 1182 1898 potestate.
1215 1852 1393 1898 (Minime
1415 1853 1507 1888 enim
1528 1853 1628 1898 apud
1643 1853 1827 1890 Zosimum
1851 1851 2090 1901 αὐτοκράτωρ

473 1910 564 1946 idem
580 1906 674 1944 'valet
693 1913 797 1954 atque
813 1911 1002 1955 Auqustus
1019 1911 1090 1946 sive
1105 1910 1307 1954 imperator,
1333 1909 1372 1944 id
1388 1910 1482 1954 quod
1498 1910 1556 1945 illi
1576 1921 1756 1954 nusquam
1779 1921 1854 1946 non
1878 1910 2092 1956 eoeprimitur

469 1978 534 2011 per
555 1978 667 2004 vocem
690 1967 895 2012 βασιλεύς.)
944 1966 1104 2012 Quocum
1130 1978 1286 2011 prorsus
1319 1967 1494 2002 consentit
1518 1967 1738 2012 bz'oqraphus
1770 1967 1812 2002 in
1835 1967 1911 2002 vita
1935 1965 2090 2003 Gordia-

473 2034 598 2059 norum
626 2027 685 2066 10,
711 2028 756 2064 1,·
778 2026 837 2067 22,
863 2027 882 2059 1
911 2026 956 2068 ef.
982 2026 1041 2067 14,
1061 2027 1094 2058 4.
1140 2023 1383 2058 Ceraesimum
1407 2027 1523 2058 autem
1547 2027 1598 2059 est
1621 2024 1661 2058 in
1685 2024 1753 2058 hac
1775 2024 1850 2059 vita
1873 2035 1948 2060 non
1971 2035 2092 2069 pauca

475 2091 517 2115 ac
544 2081 774 2124 potissimum
806 2080 946 2125 quidem
979 2081 1020 2115 in
1050 2092 1091 2116 ea
1116 2084 1222 2125 parte
1251 2092 1342 2125 quae
1365 2080 1414 2115 ad
1442 2080 1670 2116 Gordianum
1693 2080 1768 2115 III
1786 2084 1920 2125 spectat
1941 2081 2046 2124 (inde
2068 2092 2092 2116 α

476 2148 553 2182 cap.
569 2140 636 2180 22)
656 2141 799 2182 sumpta
815 2148 890 2173 esse
907 2149 950 2172 ex
975 2137 1090 2173 eodem
1106 2141 1248 2173 auctore
1266 2138 1455 2181 primario,
1482 2150 1505 2172 a
1529 2148 1597 2182 quo
1615 2137 1748 2182 pendet
1765 2137 1945 2183 Zosimus,
1970 2149 2092 2183 quam-

475 2207 581 2239 quam
599 2206 786 2240 perperam
802 2195 841 2229 id
856 2196 999 2239 neqavit
1015 2195 1285 2230 Mendelssohn.
1316 2196 1435 2239 Atque
1456 2195 1687 2240 probabiliter
1710 2196 1743 2230 is
1771 2198 1895 2231 auctor
1917 2206 1941 2229 a
1959 2194 2091 2240 pleris-

475 2263 540 2296 que
559 2256 713 2296 putatur
730 2253 845 2297 fuisse
860 2251 1066 2296 Deeeippus.
1090 2252 1219 2296 Itaque
1239 2253 1273 2287 si
1291 2253 1522 2298 bz'oyraphus,
1540 2264 1641 2297 quem
1657 2253 1729 2288 sibi
1743 2253 1867 2298 ipsum
1884 2252 2094 2298 saepissime

475 2319 674 2354 rcpuqnare
697 2312 820 2344 notum
844 2312 903 2351 est,
928 2319 1002 2344 uno
1027 2310 1101 2345 loco
1116 2309 1185 2347 lvit.
1203 2309 1404 2344 Maximini
1417 2311 1479 2352 32,
1496 2313 1519 2344 3
1544 2309 1694 2354 scripsit
1716 2309 1873 2343 ‘addidit
1895 2308 2093 2354 Dexippus

476 2368 623 2400 tantum
648 2364 773 2400 odium
793 2363 909 2400 fuisse
926 2364 1133 2408 Maximini,
1151 2368 1192 2400 ut
1210 2364 1423 2401 interfectis
1442 2365 1645 2401 Gordianis
1663 2366 1802 2412 viginti
1818 2365 1920 2401 viros
1937 2367 2093 2401 senatus

476 2420 672 2464 creaverit,
700 2432 793 2466 quos
818 2423 1024 2466 opponeret
1048 2421 1263 2457 Maximino'
1290 2423 1409 2457 minus
1434 2426 1599 2457 accurate
1624 2423 1679 2457 hic
1696 2434 1803 2466 quam
1825 2423 1915 2458 alibi
1930 2422 2095 2467 Dexippi

475 2478 682 2514 sententiam
711 2478 892 2522 repetiisse
915 2477 1061 2522 videtur,
1090 2482 1144 2514 ita
1171 2482 1212 2514 ut
1235 2479 1405 2514 standum
1428 2479 1478 2514 sit
1501 2479 1542 2514 in
1572 2479 1620 2514 iis
1647 2479 1689 2515 de
1713 2471 1843 2524 quibus
1869 2478 2037 2515 Zosimus
2061 2482 2093 2514 et

477 2536 697 2580 bioqraphus
722 2535 957 2571 consentiunt.

297 2596 378 2637 100
409 2593 580 2636 Caelius
621 2592 800 2643 Cursor,
845 2607 973 2648 eques
1018 2594 1258 2648 Romanus,
1301 2593 1355 2636 ob
1396 2593 1505 2636 falsa
1547 2594 1780 2636 maiestatis
1826 2594 2006 2635 crimina
2049 2594 2095 2636 in

380 2662 573 2715 Magium
604 2660 895 2703 Caecilianum
935 2667 1177 2717 praetorem
1215 2667 1392 2704 auctore
1421 2663 1625 2718 principe
1647 2668 1690 2704 et
1719 2661 1890 2704 decreto
1922 2666 2096 2704 senatus

380 2730 556 2785 punitus
585 2744 621 2773 a.
647 2730 697 2771 21
738 2730 835 2772 Tae.
868 2744 907 2774 a.
937 2733 976 2780 3,
1008 2733 1074 2772 37.

298 2799 374 2840 101
409 2796 581 2839 Caelius
602 2796 907 2851 Felicissimus,
939 2799 1006 2839 vir
1037 2799 1248 2853 egregius,
1280 2799 1459 2840 maritus
1480 2799 1640 2841 Luriae
1660 2799 1888 2841 Ianuariae
1911 2797 2094 2840 clarissi-

380 2880 474 2907 mae
513 2865 696 2907 feminae
727 2866 788 2907 tit.
820 2867 892 2919 qui
920 2869 1037 2908 extat
1067 2867 1110 2909 in
1140 2867 1379 2909 coemeterio
1416 2866 1595 2920 quodam
1634 2866 1962 2908 christianorum
1999 2866 2095 2908 sub-

380 2933 558 2983 urbano,
591 2933 724 2975 editus
755 2934 807 2976 ab
828 2933 1082 2977 Armellinio
1109 2934 1379 2977 Croniehetta
1398 2938 1506 2977 1379
1526 2949 1575 2989 p.
1599 2937 1663 2978 76.
1705 2934 1879 2977 Videtur
1897 2933 2094 2976 christia-

380 3014 460 3042 nus
488 3001 632 3054 fuisse.

300 3070 380 3110 102
412 3074 622 3110 CAELIVS
652 3075 817 3124 FELIX,
850 3070 997 3111 consul
1019 3067 1234 3123 (suffectus
1265 3085 1377 3113 anno
1406 3069 1580 3126 incerto)
1610 3085 1636 3113 a
1667 3069 1900 3113 Commodo
1931 3071 2095 3112 occisus

384 3137 499 3192 (post
528 3152 565 3180 a.
599 3137 699 3190 189)
728 3138 799 3180 vit.
827 3137 1043 3180 Commodi
1074 3142 1109 3189 7,
1138 3143 1176 3181 6.
1229 3138 1331 3182 Oam
1361 3142 1508 3181 auctor
1535 3140 1646 3181 vitae
1673 3139 1833 3181 scribat
1866 3137 2098 3180 ‘interemit

386 3230 435 3235 —
469 3229 523 3234 —
564 3219 641 3246 sex
680 3205 805 3246 simul
845 3221 899 3247 ex
939 3206 1219 3260 oonsulibus',
1260 3207 1306 3249 in
1336 3207 1484 3261 quibus
1520 3206 1710 3249 Caelium
1736 3205 1921 3248 Felicem
1955 3204 2096 3257 affert,

385 3286 435 3314 ca
463 3272 591 3314 verba
619 3273 841 3314 seeundum
862 3274 1028 3316 dicendi
1049 3288 1171 3317 usum
1201 3275 1527 3330 bioyraphorum
1555 3274 1660 3316 milii
1687 3275 1751 3316 ita
1780 3272 2099 3328 ,interpretanda

385 3353 469 3382 esse
498 3340 702 3390 videntur,
733 3343 780 3382 ut
807 3341 1177 3398 Commodumzsex
1205 3343 1446 3385 consulares
1473 3343 1730 3396 interfecisse
1759 3342 2006 3397 siqnificent.
