2202 3730
136 261 445 298 CAERELLIVS
993 257 1076 300 263
1648 263 1938 300 CAERELLIA

217 393 460 449 praefectus
501 391 707 435 frumenti
748 407 803 435 ex
839 399 1012 436 senatus
1043 393 1250 449 consulto,
1282 393 1451 449 legatus
1482 394 1548 436 Ti.
1581 394 1780 437 Caesaris
1809 394 1937 450 Aug,

218 460 449 516 proconsul
479 460 548 503 VI
569 464 675 504 1364
687 475 726 511 a,
759 461 927 504 titulum
948 462 1096 516 posuit
1119 463 1247 516 patri
1273 466 1381 505 1364
1393 463 1430 505 b.
1461 488 1519 493 —
1553 463 1609 505 In
1649 463 1790 518 lapide
1826 465 1941 504 extat

218 542 274 572 Ex
304 542 337 572 s.
369 541 404 572 c.
436 541 470 572 s.
501 543 642 572 errore
671 530 946 583 quadratarii
972 533 1021 572 ut
1047 530 1223 573 videtur.
1270 530 1338 573 De
1369 531 1573 586 leyatione
1600 532 1693 574 iure
1715 533 1938 586 praetorio

216 598 397 652 repetita
427 598 482 651 ef.
512 598 759 648 Mommsen,
791 598 880 641 Res
905 602 1047 653 qestae
1078 598 1116 643 d.
1147 598 1259 654 Auy.
1281 614 1329 654 p.
1351 600 1476 642 1812.

135 667 215 708 123
247 665 300 718 Q.
346 665 606 720 Caerellius,
670 667 740 708 cui
790 666 1054 709 Censorinus
1110 666 1269 709 librum
1317 667 1371 709 de
1418 667 1488 709 die
1538 667 1672 710 natali
1717 667 1939 710 dedicavit

218 733 435 777 Censorin.
463 737 502 784 1,
544 749 656 776 anno
687 735 770 777 238
800 734 858 777 id.
888 737 954 785 18,
986 738 1044 778 12
1054 748 1068 786 ;
1095 738 1166 786 21,
1198 738 1225 777 6
1234 749 1247 787 ;
1276 735 1382 778 dicit
1422 751 1519 779 eum
1561 735 1715 778 officiis
1756 737 1937 779 munici-

215 802 382 858 palibus
414 802 624 857 functum,
657 802 818 845 bonore
849 802 1078 845 sacerdotii
1108 803 1154 845 in
1190 803 1458 860 principibus
1489 819 1591 846 suae
1622 805 1810 847 civitatis
1841 820 1939 847 con-

217 872 433 927 spicuum,
485 871 648 913 ordinis
694 873 823 914 etiam
867 872 1079 928 equestris
1123 872 1333 926 dignitate
1377 873 1560 927 gradum
1605 873 1937 929 provincialium

216 953 543 996 supergressum
572 939 630 982 id.
660 942 725 983 15.
775 939 951 982 Laudes
983 939 1254 996 eloquentiae
1285 941 1377 983 eius
1407 941 1493 984 ibd.
1543 941 1722 984 Annum
1752 941 1936 998 quadra-

213 1008 424 1062 gesimum
455 1023 617 1050 nonum
649 1009 879 1050 transierat
909 1008 991 1053 ibd.

132 1075 213 1117 124
244 1081 286 1118 C.
318 1081 630 1118 CAERELLIVS
662 1082 896 1118 FVFIDIVS
926 1082 1114 1119 ANNIVS
1144 1083 1308 1120 RAVVS
1339 1083 1714 1126 POLLITTIANVS,
1753 1078 1936 1121 clarissi-

213 1158 309 1186 mus
338 1144 420 1198 vir,
453 1143 502 1188 C.
533 1143 591 1188 fil.
624 1143 693 1199 (C.
725 1143 910 1187 Caerelli
943 1144 1092 1188 Sabini
1134 1152 1178 1188 et
1210 1145 1408 1188 Fufidiae
1438 1145 1639 1188 Pollittae
1667 1150 1715 1188 ut
1740 1147 1934 1200 videtur),

214 1212 331 1255 tribu
362 1211 611 1266 Oufentina,
643 1213 781 1255 IIIvir
811 1212 1036 1255 monetalis
1067 1228 1166 1255 aere
1201 1221 1380 1269 argento
1411 1229 1516 1257 auro
1548 1214 1694 1256 flando
1723 1215 1934 1270 feriundo,

216 1281 414 1324 tribunus
453 1281 696 1324 laticlavius
736 1280 919 1336 legionis
959 1282 1028 1323 III
1059 1281 1345 1338 Cyrenaicae,
1378 1283 1513 1326 VIvir
1551 1283 1745 1339 equitum
1782 1284 1935 1326 Roma-

213 1365 367 1393 norum
416 1357 586 1394 turmae
629 1350 815 1406 primae,
868 1356 1071 1406 quaestor
1121 1350 1377 1393 candidatus
1426 1352 1696 1407 imperatoris
1738 1351 1937 1395 Caesaris

212 1419 272 1462 M.
309 1418 478 1462 Aurelii
514 1418 725 1461 Antonini
765 1418 834 1460 Pii
874 1417 1033 1460 Felicis
1072 1418 1186 1474 Aug.
1219 1418 1347 1471 (inter
1388 1433 1427 1461 a.
1464 1420 1697 1475 212s217)‚
1738 1421 1938 1463 tribunus

211 1487 350 1544 plebis
389 1486 666 1541 candidatus,
705 1492 879 1543 praetor
917 1485 1156 1540 hastarius3
1198 1486 1357 1529 sodalis
1395 1487 1645 1529 Marcianus
1674 1487 1939 1532 Aurelianus

214 1555 550 1598 Commodianus
578 1554 820 1597 Helvianus
852 1554 1111 1598 Severianus
1143 1554 1212 1597 VI
1232 1557 1350 1598 1365.
1409 1554 1478 1609 Of.
1507 1569 1550 1597 n.
1580 1558 1676 1600 126.

131 1625 210 1667 125
243 1631 558 1666 CAERELLIVS
589 1629 905 1679 MARCIANVS,
950 1622 1191 1679 [Caerellii]
1230 1629 1274 1665 et
1309 1623 1607 1666 Modestianae
1638 1624 1752 1666 filius
1781 1624 1937 1667 Bram-

212 1693 331 1745 baeh,
369 1692 534 1748 Corpus
562 1693 896 1747 Inscriptionum
924 1691 1233 1735 Rhenanarum
1262 1695 1383 1734 1003.
1441 1691 1509 1746 Of.
1540 1706 1581 1734 n.
1613 1695 1714 1736 120.

131 1762 213 1805 126
244 1768 286 1804 C.
318 1768 633 1804 CAERELLIVS
665 1766 1028 1803 POLLITTIANVS
1070 1761 1291 1815 aynomine
1323 1766 1592 1803 HELVINVS.
1654 1760 1788 1803 Tituli
1804 1762 1939 1816 plane

210 1830 369 1873 similes
398 1830 438 1872 ei
456 1830 595 1885 positi
620 1832 719 1872 sunt
748 1829 817 1872 VI
838 1832 945 1871 1366
975 1829 1048 1884 (1).
1088 1832 1199 1871 1367
1226 1829 1303 1885 (2).
1371 1828 1593 1883 Aynomen
1623 1831 1938 1885 praescriptum

210 1902 271 1941 est
299 1899 346 1941 in
373 1901 402 1941 t.
433 1902 476 1943 2.
507 1923 565 1930 —
595 1897 870 1941 Clarissimus
900 1898 981 1952 vir,
1013 1897 1244 1954 proconsul
1270 1897 1553 1939 Macedoniae
1585 1900 1612 1942 t.
1643 1901 1681 1940 1.
1713 1901 1779 1940 2..

165 2014 181 2023 ³
294 1966 489 2010 Eundem
519 1980 605 2010 esse
632 1965 680 2009 O.
709 1965 964 2010 Caerellmm
982 1965 1207 2020 Fufidium
1225 1965 1418 2008 Annium
1437 1965 1606 2007 Ravum
1628 1967 1781 2009 aetatis
1803 1966 1937 2009 Cara-

193 2027 345 2078 ¹callae
362 2035 485 2086 valde
507 2035 650 2078 dubito
670 2049 772 2077 num
789 2037 899 2077 reete
918 2034 1120 2076 statuerit
1140 2033 1325 2078 Henzen.
1361 2033 1478 2076 Nam
1501 2048 1551 2076 ex
1572 2035 1794 2088 aynomine
1806 2050 1936 2089 prae-

206 2104 377 2158 scripto,
398 2103 511 2157 quod
530 2103 696 2146 omnino
725 2103 772 2145 in
805 2101 939 2144 titulis
966 2101 1129 2144 saeculi
1157 2102 1274 2144 tertii
1293 2115 1481 2155 perraro
1510 2102 1732 2152 invenitur,
1768 2103 1935 2145 titulum

209 2171 328 2214 haud
354 2172 419 2214 ita
443 2171 573 2214 multo
594 2174 692 2214 ante
711 2170 1028 2213 Diocletianum
1050 2170 1240 2224 positum
1270 2182 1355 2212 esse
1385 2169 1647 2212 crediderim.
1701 2169 1784 2212 Cui
1804 2172 1938 2213 aetati

212 2241 339 2282 etiam
377 2240 552 2282 nomina
586 2240 738 2281 Boncii
777 2237 954 2292 Agentii
967 2271 978 2292 ,
1019 2238 1094 2292 qui
1130 2238 1217 2291 fuit
1252 2238 1298 2280 in
1336 2238 1392 2279 iis
1429 2238 1502 2291 qui
1541 2237 1790 2280 dedicarunt
1830 2242 1857 2283 t.
1888 2243 1932 2290 2,

211 2309 354 2363 aptius
384 2308 644 2350 conveniunt.

126 2377 207 2420 127
241 2382 555 2418 CAERELLIVS
585 2381 801 2417 PRISOVS.
850 2375 936 2416 ‘Ex
966 2373 1161 2430 epistulis
1191 2373 1387 2416 divorum
1415 2374 1631 2416 Hadriani
1662 2381 1704 2416 et
1722 2374 1933 2418 Antonini

211 2452 253 2488 et
281 2445 465 2488 fratrum
490 2445 546 2487 ad
567 2443 829 2488 Caerellium
850 2444 1046 2485 Priscum
1075 2449 1318 2499 praetorem
1347 2441 1589 2484 tutelarem‘
1612 2442 1776 2485 Paulus
1794 2443 1934 2498 Fray-

208 2517 350 2557 menta
375 2513 585 2556 Vaticana
612 2515 710 2556 244.
769 2511 952 2554 Praetor
973 2511 1048 2554 sub
1081 2510 1187 2553 divis
1216 2510 1428 2564 fratribus
1456 2510 1588 2564 fuisse
1611 2510 1789 2553 videtur.

126 2582 206 2625 128
238 2588 280 2624 C.
311 2588 625 2624 CAERELLIVS
657 2586 879 2624 SABINVS.
930 2579 1065 2622 Tituli
1081 2578 1339 2633 Apulenses:
1364 2578 1454 2632 ijose
1476 2578 1624 2633 posuit
1651 2578 1698 2621 in
1729 2578 1933 2633 leyatione

208 2650 299 2693 III
319 2653 440 2693 1074.
470 2652 591 2693 1075.
620 2652 742 2692 1076.
773 2651 880 2690 1111
911 2647 1047 2703 (1-4),
1079 2650 1336 2689 memoratur
1365 2647 1412 2702 in
1443 2649 1470 2690 t.
1501 2647 1589 2689 III
1609 2649 1722 2690 1092
1750 2645 1822 2701 (5).

294 2717 344 2761 C.
385 2717 622 2762 Caerellius
665 2716 874 2770 Sabinus,
921 2714 1089 2770 legatus
1131 2714 1322 2770 Augusti
1364 2729 1443 2771 pro
1487 2730 1551 2771 pr.
1595 2714 1778 2769 legionis
1818 2716 1933 2758 XIII

210 2787 421 2830 Geminae
452 2789 480 2829 t.
502 2789 602 2836 1-5,
634 2801 672 2829 a.
706 2784 888 2827 183s185
920 2787 948 2828 t.
969 2786 1009 2827 5.
1067 2783 1264 2826 Aetatem
1294 2786 1322 2825 t.
1348 2785 1376 2825 5
1406 2782 1699 2826 determinavit
1725 2783 1936 2839 Boquesi

207 2869 258 2897 ex
295 2855 535 2898 nominibus
571 2852 790 2897 Commodi
827 2852 1047 2906 adsumpto
1086 2851 1164 2893 Pii
1202 2851 1315 2906 (inde
1355 2851 1409 2894 ab
1451 2866 1491 2894 a.
1520 2854 1602 2894 183
1636 2851 1798 2894 Eelchel
1837 2852 1932 2894 VII

205 2937 253 2977 p.
274 2926 385 2979 111),
417 2923 631 2978 deficiente
659 2920 824 2964 Felicis
855 2920 918 2976 (ut
947 2920 1033 2962 diei
1062 2922 1228 2974 coeptus
1258 2922 1318 2962 est
1348 2933 1388 2961 a.
1410 2921 1490 2962 185
1516 2919 1678 2962 Eekhel
1698 2934 1747 2975 p.
1767 2920 1876 2975 136).

292 2991 466 3034 Fufidia
493 2990 670 3033 Pollitta
698 3004 810 3032 uxor
840 2989 931 3031 eius
961 2991 989 3030 t.
1022 2991 1122 3030 1-3.
1184 2986 1331 3030 Filius
1368 3001 1512 3031 eorum
1549 2987 1713 3030 videtur
1743 2988 1792 3031 C.
1825 2988 1930 3031 Cae-

209 3058 355 3102 rellius
385 3059 581 3102 Fufidius
613 3058 784 3101 Annius
813 3057 961 3100 Ravus
992 3055 1279 3100 Pollittianus.

126 3128 207 3169 129
240 3127 454 3171 Caerellia
486 3134 654 3171 ‘mater’
687 3126 915 3181 naufragio
956 3139 1091 3182 prope
1120 3125 1251 3167 Baias
1281 3125 1422 3181 periit,
1465 3125 1511 3167 in
1550 3138 1682 3181 quam
1719 3124 1934 3167 Martialis

212 3197 384 3252 scripsit
413 3197 543 3251 epiyr.
564 3200 603 3247 4,
625 3199 690 3238 63.

127 3264 208 3306 130
239 3270 529 3307 CAERELLIA
569 3269 924 3315 GERMANILLA,
967 3261 1197 3317 [Caerellii]
1231 3267 1274 3304 et
1312 3260 1607 3303 Modestianae
1649 3261 1738 3304 filia
1775 3262 1932 3305 Bram-

210 3333 328 3383 bach,
357 3333 520 3388 Corpus
540 3333 874 3387 Inseriplionum
893 3330 1201 3374 Rhenanarum
1221 3333 1344 3373 1003.
1391 3328 1464 3386 Cf.
1493 3344 1534 3372 n.
1560 3333 1658 3374 120.
