2202 3730
295 289 472 325 ATTIVS
1159 279 1241 322 180
1391 271 1393 274 ’
1917 286 2093 323 ATTIVS

381 417 682 460 hereditatium
702 416 875 470 Romae,
903 420 1074 457 curator
1105 415 1244 470 operis
1274 414 1575 471 amphitheatri
1607 415 1646 470 (i)
1666 419 1693 459 t.
1710 418 1753 468 2,
1783 416 1831 459 in
1851 419 1879 459 t.
1900 419 1926 459 1
1956 417 2097 473 operis

381 486 567 540 theatri),
608 485 813 538 magister
854 497 1116 525 summarum
1156 483 1381 538 rationum,
1421 484 1625 538 magister
1664 499 1855 527 summae
1888 485 2095 541 privatae,

382 556 476 596 vice
496 551 702 608 praefecti
723 551 916 606 vigilum,
940 551 1182 607 praefectus
1213 566 1409 592 annonae
1430 554 1458 593 t.
1477 555 1515 596 1.
1536 555 1591 603 2,·
1613 553 1708 594 vice
1730 553 1863 608 praef.
1884 553 2098 609 praetorio

384 625 412 666 t.
432 626 458 664 1
487 622 549 676 (in
570 624 598 662 t.
618 623 660 674 2,
683 620 759 662 ubi
776 633 954 661 munera
973 620 1135 661 inverso
1162 619 1307 661 ordine
1326 623 1602 670 recensentur,
1627 623 1728 675 post
1747 620 1882 677 praef.
1903 635 2100 663 annonae

380 690 568 744 positum
607 691 668 730 est
700 687 834 744 praef.
866 694 999 744 praet.
1032 702 1174 730 errore
1211 690 1259 729 ut
1294 687 1486 742 videtur).
1547 689 1762 730 Patronus
1793 695 1835 731 et
1865 690 1971 731 civis
2001 689 2100 731 civi-

383 757 485 800 tatis
513 757 651 799 nescio
690 757 808 798 cuius
837 756 1076 809 Africanae
1111 759 1139 797 t.
1170 759 1209 798 1.
1238 780 1296 785 --
1342 756 1387 798 Τ.
1418 759 1445 798 3
1485 756 1691 799 dedicavit
1729 757 1900 811 quidam
1937 757 2101 812 b(ene)-

383 825 612 880 f(iciarius)
644 823 726 878 leg.
758 824 838 878 leg.
869 824 891 865 I
921 824 1198 878 Minerviae)
1235 823 1396 878 lsssslsls3
1437 838 1603 866 erasum
1638 839 1723 868 esse
1752 825 2102 869 Alexandrianae

385 897 424 935 et
454 892 621 934 titulum
644 893 859 946 pertinere
890 892 947 934 acl
976 894 1155 934 aetatem
1185 891 1329 934 Severi
1347 891 1590 935 Alexandri
1619 894 1793 935 coniecit
1821 893 1987 936 Allmcr
2016 894 2042 937 l.
2074 893 2100 936 l.

306 962 414 1004 1125
448 960 590 1002 Attius
622 959 830 1014 Clemens,
864 959 919 1001 ad
950 974 1078 1015 quem
1109 959 1276 1002 Plinius
1307 961 1479 1016 scripsit
1509 961 1626 1015 epist.
1650 965 1687 1011 1,
1710 964 1786 1013 10;
1812 965 1851 1012 4,
1873 965 1917 1006 2.

304 1030 413 1072 1126
443 1029 502 1071 Μ.
519 1028 664 1071 Attius
687 1027 981 1082 Cornelianus,
1005 1027 1247 1083 praefectus
1269 1030 1493 1084 praetorio,
1513 1029 1875 1071 eminentissimus
1894 1030 1974 1083 vir,
1997 1030 2104 1072 civis

387 1104 429 1139 et
458 1103 664 1153 patronus
696 1096 889 1138 coloniae
920 1088 1139 1139 Marianae
1166 1095 1390 1150 Augustae
1415 1095 1766 1139 Alexandrianae
1790 1097 2105 1141 Vchitanorum

386 1165 601 1207 Maiorum
632 1165 754 1207 VIII
772 1164 818 1207 S.
839 1166 972 1207 15454
1002 1166 1029 1205 t.
1062 1163 1303 1207 VchitanuS.
1363 1164 1614 1218 Praefectus
1645 1166 1867 1219 praetorio
1895 1179 1980 1208 non
2009 1169 2106 1209 ante

386 1233 692 1276 Alexandrum.

306 1302 412 1344 1127
443 1308 483 1343 P.
507 1308 683 1343 ATTIVS
714 1307 965 1343 DEOIANVS
995 1307 1149 1342 FELIX
1175 1307 1478 1355 MATVTINVS,
1511 1300 1772 1343 clarissimus
1793 1304 1862 1344 Vir
1887 1302 1935 1344 in
1962 1301 2108 1357 fistula

382 1370 586 1424 plumbea
613 1370 783 1411 urbana
811 1369 1036 1419 Lanciani,
1067 1368 1224 1423 sylloge
1254 1370 1437 1422 aquaria
1464 1383 1506 1412 n.
1526 1373 1622 1412 490.

309 1439 415 1480 1128
447 1445 510 1480 ΤΙ.
541 1444 719 1480 ATTIVS
758 1444 1006 1492 IVLIANVS,
1049 1437 1147 1492 T[i.]
1180 1437 1252 1492 [f.],
1295 1437 1413 1480 tribu
1453 1437 1588 1492 Quin,
1633 1438 1752 1480 Xvir
1780 1438 1968 1481 stlitibus
1997 1438 2105 1480 iudi-

391 1507 560 1561 candis,
614 1507 730 1548 sevir
774 1507 964 1562 equitum
1012 1507 1320 1560 Romanorum,
1374 1506 1571 1548 tribunus
1615 1506 1799 1549 militum
1842 1506 2024 1562 legionis
2061 1507 2108 1549 X

391 1575 599 1618 Geminae
637 1575 715 1617 IX
743 1577 852 1617 4193
891 1578 919 1616 t.
949 1573 1246 1616 Amiterninus
1280 1574 1452 1628 publice
1483 1575 1672 1629 positus,·
1711 1574 1831 1617 Attia
1870 1575 1924 1628 Q.
1954 1575 1984 1619 f.
2015 1575 2106 1629 Pia,

389 1642 545 1685 Iuliani
577 1644 722 1696 (uxor)
753 1643 831 1685 IX
857 1645 964 1685 4456
995 1645 1022 1684 t.
1054 1642 1361 1685 Amiterninus.

332 1734 390 1740 —
419 1717 466 1755 D.
489 1717 662 1753 CVTIVS
693 1717 940 1752 BALBINVS
969 1717 1021 1752 M.
1045 1716 1325 1752 CORNELIVS
1357 1717 1564 1753 POTITVS
1595 1718 1640 1754 L.
1662 1717 1840 1753 ATTIVS
1867 1717 2108 1753 IVNIANVS

391 1785 640 1823 ROMVLVS.

312 1848 446 1890 ll28a
474 1847 621 1890 Attius
652 1847 811 1901 Labeo,
843 1853 982 1903 poeta.
1040 1847 1121 1888 ‘Ne
1150 1846 1255 1888 mihi
1287 1794 1546 1903 Polydamas
1573 1854 1615 1890 et
1635 1847 1842 1890 Troiades
1862 1846 2110 1890 Labeonem

394 1915 690 1971 praetulerint’
722 1914 895 1956 Persius
929 1918 966 1964 1,
997 1918 1055 1956 4-
1058 1917 1106 1965 5,·
1147 1921 1249 1956 ‘non
1287 1914 1358 1956 hic
1398 1921 1462 1956 est
1499 1914 1600 1956 Ilias
1628 1914 1721 1957 Atti
1762 1915 1881 1957 ebria
1920 1922 2107 1958 veratro’

393 1983 479 2025 ibcl.
508 1986 596 2025 49-
598 1986 676 2034 50;
709 1989 837 2038 poeta
865 1982 1063 2024 indoctus
1094 1981 1266 2024 illorum
1296 1988 1552 2038 temporum,
1584 1985 1660 2038 qui
1689 1983 1870 2025 Iliadem
1902 1989 1944 2025 et
1973 1983 2112 2040 Odys-

396 2066 511 2093 seam
541 2051 723 2093 verbum
753 2066 808 2092 ex
836 2050 967 2093 Verbo
1000 2050 1217 2093 transtulit
1247 2051 1372 2092 schol.
1405 2051 1463 2093 acl
1490 2051 1516 2093 l.
1549 2051 1575 2093 Ζ.

336 2145 393 2150 ——
424 2126 466 2171 Q.
496 2117 712 2161 LICINIVS
743 2125 1064 2161 MODESTINVS
1096 2125 1273 2160 ATTIVS
1304 2125 1484 2161 LABEO.

315 2189 421 2230 1129
451 2194 628 2229 ATTIVS
659 2193 804 2229 LACO.
858 2187 1034 2229 Nummi
1060 2187 1302 2241 Bithynici:
1332 2186 1385 2241 I)
1418 2187 1606 2230 Nicaeae
1636 2190 1679 2242 a)
1710 2188 1757 2230 in
1776 2191 1906 2243 parte
1937 2187 2113 2230 adversa

397 2270 487 2298 cum
518 2256 654 2310 capite
682 2255 857 2297 iuvenili
877 2255 1062 2297 Neronis
1081 2254 1268 2309 Auyusti
1297 2258 1336 2297 et
1364 2256 1637 2310 inscriffiione
1664 2256 1859 2306 nominis,
1891 2256 1936 2298 in
1965 2268 2115 2298 aversa

397 2326 458 2366 ἐπὶ
491 2322 631 2366 ’Attiou
663 2323 855 2368 Λάκωνος
884 2324 1108 2365 ἀνθυπάτου
1141 2321 1361 2365 Νεικαιέων
1396 2337 1582 2366 museum
1613 2323 1876 2374 Gothanum,
1919 2323 2115 2366 Mionnct

396 2393 457 2434 II
470 2407 518 2446 p.
539 2395 632 2443 451,
654 2394 739 2434 214
769 2390 919 2445 Suppl.
953 2390 994 2432 V
1006 2406 1055 2445 p.
1075 2393 1147 2442 82,
1168 2395 1262 2441 417,
1293 2391 1487 2434 Bulletin
1516 2392 1565 2435 de
1591 2392 1945 2447 correspondancc
1972 2391 2115 2434 Helle-

397 2462 520 2514 nique
548 2461 610 2503 II
623 2475 672 2514 p.
694 2462 776 2502 508
786 2473 799 2510 ;
838 2459 877 2513 b)
912 2459 1055 2501 eadem
1087 2473 1247 2510 aversa,
1279 2460 1325 2502 in
1356 2460 1533 2502 adversa
1570 2474 1661 2502 cum
1691 2461 1900 2515 capitibus
1932 2459 2116 2502 Neronis

399 2533 438 2571 et
472 2529 740 2583 Ayrippinae
780 2531 903 2581 atque
942 2529 1216 2581 inscriffiionc
1256 2528 1396 2585 Νέρων
1436 2528 1590 2585 Καῖσαρ
1632 2529 1849 2586 Σεβαστός,
1894 2526 2116 2586 Ἀγριππῖνα

400 2597 580 2653 Σεβαστή
619 2597 805 2638 collectio
833 2596 1014 2649 Imhoof,
1053 2595 1283 2651 Oataloyue
1315 2598 1366 2650 of
1399 2597 1465 2640 the
1501 2597 1639 2640 Greek
1676 2598 1811 2648 coins,
1847 2597 2012 2639 Pontus
2041 2599 2115 2639 etc.

397 2680 443 2718 p.
468 2667 547 2706 154
575 2679 616 2706 n.
638 2667 701 2714 15,
734 2664 930 2706 Mionnet
949 2664 1011 2706 II
1023 2679 1071 2718 p.
1092 2668 1185 2715 467,
1207 2668 1302 2708 307.
1353 2666 1432 2721 ΙΙ)
1463 2666 1697 2708 Heracleae
1725 2666 1772 2708 in
1799 2665 1976 2708 adversa
1995 2663 2117 2722 Ἡρα-

400 2736 589 2784 κλεωτᾶν,
631 2733 678 2774 in
712 2746 860 2774 aversa
890 2733 953 2774 ἐπὶ
984 2731 1125 2775 Ἀττίου
1153 2733 1344 2780 Λάκωνος
1379 2735 1605 2777 ἀνθυπάτου
1648 2733 1833 2776 collectio
1862 2733 2038 2787 Imhoof
2060 2732 2114 2786 cf.

401 2800 648 2853 Zeitschrift
677 2801 750 2853 fur
779 2800 1068 2842 Numismatik
1098 2801 1193 2843 VII
1205 2816 1254 2855 p.
1276 2804 1334 2844 ,23
1363 2815 1404 2843 n.
1426 2804 1463 2843 6.

488 2867 724 2911 Proconsul
751 2869 984 2924 Bithyniae
1016 2869 1096 2911 sub
1126 2870 1296 2912 initium
1327 2870 1494 2926 imperii
1516 2870 1712 2925 Neronis,
1743 2883 1782 2912 a.
1803 2872 1856 2912 55
1883 2872 1931 2911 ut
1955 2867 2118 2912 videtur

403 2952 453 2979 ex
481 2937 661 2979 numinis
686 2937 720 2978 I
726 2938 763 2979 b.

321 3008 429 3048 11:30
458 3013 501 3049 L.
534 3012 709 3047 ATTIVS
748 3012 919 3047 MACRO
960 3010 1057 3049 ante
1096 3007 1357 3049 consulatum
1397 3007 1604 3050 dedicavit
1644 3006 1814 3049 titulum
1843 3006 1905 3049 II
1921 3008 2031 3049 5083
2060 3004 2118 3061 (1)

404 3075 720 3127 Leyionensern,
754 3078 854 3128 post
893 3075 1152 3117 consulatum
1183 3075 1349 3118 titulum
1377 3076 1467 3118 III
1486 3078 1594 3118 4356
1622 3095 1677 3110 =
1704 3075 1795 3117 III
1818 3074 1864 3117 S.
1896 3077 2034 3117 11077
2056 3067 2119 3128 (2)

404 3142 785 3196 Briyetionensem;
823 3146 1080 3185 memoratur
1117 3143 1164 3184 in
1205 3142 1305 3197 dipl.
1345 3143 1434 3186 mil.
1475 3144 1563 3186 III
1584 3145 1638 3185 35
1676 3162 1732 3177 =
1765 3141 1814 3184 X
1847 3143 1953 3184 7855
1981 3139 2040 3195 (3)
2081 3143 2120 3183 et

405 3209 492 3251 III
515 3209 562 3252 S.
595 3209 694 3263 dipl.
726 3210 812 3252 mil.
843 3211 881 3251 L
911 3210 982 3265 (4).

490 3277 632 3319 Plena
668 3278 841 3319 nomina
879 3279 1071 3321 exhibent
1100 3282 1127 3323 t.
1159 3292 1318 3330 omneS,
1355 3279 1442 3321 nisi
1478 3278 1588 3332 quod
1614 3279 1661 3320 in
1690 3281 1719 3320 t.
1746 3280 1785 3322 3.
1812 3280 1840 3320 4
1866 3277 2122 3320 extrinsecus

406 3359 507 3388 casu
535 3349 648 3388 seoeto
675 3346 788 3399 falso
815 3348 1018 3402 scriffium
1047 3351 1107 3389 est
1126 3348 1274 3390 Macro
1295 3361 1380 3402 pro
1402 3347 1623 3390 Macrone.
1645 3372 1696 3378 —-
1720 3345 1910 3401 Legatus
1934 3344 2121 3400 Augusti
