2202 3730
121 288 392 324 CASPERIVS
981 283 1065 326 309
1637 289 1926 326 CASSIANIVS

193 425 355 462 'contra
384 434 512 476 quem
543 418 795 461 seditionem
826 422 1199 476 praetorianorum
1228 421 1364 463 movit
1394 419 1482 463 Dio
1513 420 1539 462 l.
1572 420 1614 471 l.,
1645 420 1795 476 (Vict.)
1816 420 1925 475 Epi·

205 491 311 530 tome
338 490 419 538 12;
457 493 688 543 propterea
728 503 754 529 a
792 488 980 530 Traiano
1022 488 1103 530 sub
1144 479 1314 530 initium
1351 489 1519 544 imperii
1550 489 1717 531 occisus
1748 494 1813 531 est
1839 488 1929 532 Dio

205 557 271 605 68,
301 557 339 597 5.
369 580 428 585 -
453 555 632 597 Amicus
663 555 882 611 Apollonii
914 556 1108 612 Tyanaei
1139 556 1394 601 Philostrat.
1427 557 1454 599 l.
1486 556 1513 601 l.

119 624 203 666 393
231 623 283 665 L.
316 623 549 680 Casperius
579 623 787 666 Aelianus
807 624 952 667 Amisi
979 626 1025 667 in
1055 625 1193 667 Ponto
1224 625 1433 667 dedicavit
1461 628 1488 667 t.
1523 625 1751 680 bilinquem
1775 625 1928 669 IIIS.

201 694 322 734 6976.
366 691 614 734 'Parentela
653 693 898 735 coniunctus
936 693 1102 735 videtur
1139 707 1232 735 cum
1262 692 1463 747 Casperio
1492 693 1678 736 Aeliano
1707 695 1781 748 qui
1799 708 1930 748 prae-

206 759 336 811 cedit,·
374 774 475 802 num
513 760 624 803 idem
660 761 738 811 sit,
772 761 906 815 plane
944 762 1150 803 incertum
1185 764 1246 803 est
1273 775 1405 815 neque
1434 754 1574 804 minus
1603 762 1662 804 ad
1689 775 1810 816 quem
1828 776 1930 816 per-

206 828 369 870 tineant
407 828 569 883 teyulae
608 828 895 883 Pompeianae
932 830 1165 883 inscriptae
1194 829 1375 886 Casperi
1405 829 1577 872 Aeliani
1610 829 1780 873 Notis-ie
1820 829 1933 884 deqli

203 896 320 937 soavi
345 898 458 938 1887
477 911 526 951 p.
547 899 644 940 251.
667 921 718 926 -
741 896 817 939 Ad
843 897 1059 950 familiam
1080 897 1279 952 Casperii
1305 897 1485 939 Aeliani
1503 899 1720 952 praefecti
1747 899 1931 952 fortasse

202 965 420 1018 pertinent
449 968 489 1006 et
515 965 567 1006 L.
600 964 834 1021 Casperius
868 964 1142 1008 Abascantus
1183 973 1226 1008 et
1265 965 1472 1022 Casperia
1508 965 1692 1008 Aeliane
1730 972 1931 1023 parentes

205 1032 256 1074 L.
289 1031 467 1089 Casperi
498 1033 640 1074 Fauni
670 1033 797 1075 XIV
812 1036 938 1076 2336.

119 1100 204 1143 394
234 1099 465 1156 Casperius
487 1100 768 1155 Aemilianus,
801 1100 927 1144 homo
957 1101 1114 1144 nobilis
1144 1102 1200 1144 ab
1232 1103 1491 1158 imperatore
1522 1102 1733 1158 Septimio
1764 1102 1928 1146 Severo

208 1169 374 1211 occisus
402 1169 475 1211 vit.
507 1168 714 1223 Septimii
735 1169 882 1212 Severi
909 1172 976 1220 13,
1006 1174 1047 1212 4.

122 1237 205 1279 395
237 1235 469 1292 Casperius
489 1236 771 1293 AgrippinuS,
803 1237 930 1279 homo
961 1237 1120 1280 nobilis
1151 1237 1206 1280 ab
1237 1239 1495 1295 imperatore
1527 1238 1735 1295 Septimio
1767 1237 1930 1281 Severo

206 1306 374 1347 occisus
402 1305 475 1348 vit.
506 1304 706 1359 Septimii
734 1305 882 1349 Severi
906 1309 972 1357 13,
1002 1309 1041 1348 3.

121 1373 206 1416 396
236 1372 471 1429 Casperius
491 1373 638 1428 Niger,
671 1388 696 1416 e
720 1373 982 1416 militaribus
1003 1374 1109 1416 viris
1130 1389 1169 1416 a.
1191 1375 1258 1428 69,
1288 1389 1387 1416 cum
1406 1374 1670 1431 Capitolium
1691 1390 1717 1417 a
1738 1373 1932 1417 Vitellia-

207 1442 274 1483 nis
304 1447 643 1498 expugnaretur,
675 1442 842 1484 occisus
877 1442 975 1485 Tac.
1006 1441 1047 1484 h.
1073 1445 1117 1493 3,
1150 1445 1215 1486 73.

134 1534 192 1540 -
234 1516 374 1551 IVLIA
405 1515 660 1552 CASSIANA.

121 1578 205 1621 397
235 1584 530 1620 IMPERATOR
541 1584 737 1620 CAESAR
748 1585 800 1620 M.
818 1584 1107 1620 CASSIANIVS
1130 1584 1365 1620 LATINIVS
1387 1584 1646 1620 POSTVMVS
1662 1584 1932 1621 AVGVSTVS.

298 1646 437 1688 Tituli
463 1646 510 1688 in
539 1646 743 1688 columnis
771 1646 996 1688 miliariis:
1031 1649 1075 1703 a)
1105 1646 1367 1688 Britanniae
1396 1646 1492 1689 VII
1511 1650 1619 1688 1161
1648 1646 1720 1701 (1),
1754 1646 1812 1688 ad
1836 1660 1935 1689 eun-

207 1713 299 1756 dem
327 1714 510 1768 fortasse
541 1715 758 1769 pertinent
797 1714 987 1768 frustula
1016 1717 1044 1757 t.
1075 1717 1199 1764 1162,
1229 1717 1458 1768 praeterea
1491 1715 1700 1757 invenitur
1730 1714 1883 1757 cohors
1913 1715 1935 1756 I

206 1781 334 1824 Aelia
371 1783 592 1825 Dacorum
630 1783 911 1825 Postumiana
949 1783 1047 1826 VII
1065 1785 1166 1827 820.
1206 1786 1321 1834 822;
1361 1783 1401 1837 b)
1442 1783 1683 1838 Hispaniae
1728 1784 1936 1826 Tarraco-

208 1851 350 1893 nensis
378 1851 441 1894 II
460 1855 570 1894 4919
600 1851 676 1907 (2).
716 1854 826 1894 4943
854 1851 939 1907 (3);
982 1851 1021 1906 c)
1059 1851 1318 1894 Germaniae
1356 1851 1628 1902 Brambach‚
1667 1851 1832 1906 Corpus
1872 1852 1935 1893 in-

209 1919 485 1973 scriptionum
527 1919 837 1962 Rhenanarum
879 1922 990 1962 1948
1033 1919 1092 1975 (4)
1137 1920 1364 1962 admodum
1411 1920 1607 1971 mutilus;
1670 1919 1713 1974 d)
1762 1919 1937 1963 Galliae

119 1984 128 1986 ’
211 1987 423 2038 Fabretti,
454 1988 759 2042 Inscriptiones
787 1989 986 2043 antiquae
1008 2003 1056 2043 p.
1076 1991 1158 2031 413
1186 2002 1228 2030 n.
1248 1991 1335 2032 362
1355 1988 1427 2043 (5),
1459 1988 1564 2031 duos
1583 1988 1715 2031 edidit
1735 1988 1784 2031 de
1814 1987 1934 2031 Ville-

211 2056 321 2109 fosse
342 2056 485 2099 Revue
505 2057 823 2111 arche'oloqique
840 2070 921 2099 ser.
941 2057 1003 2099 II
1017 2060 1045 2099 t.
1065 2056 1311 2099 XXXVII
1322 2056 1466 2112 (1879)
1487 2071 1537 2111 p.
1553 2059 1639 2100 265
1660 2056 1733 2112 (6).
1754 2060 1844 2100 267
1860 2053 1935 2111 (7),

213 2123 316 2166 duos
345 2124 454 2167 alios
482 2125 592 2172 idem
620 2125 826 2167 indicavit
856 2125 882 2167 l.
915 2125 942 2167 l.
965 2140 1013 2180 p.
1035 2128 1133 2170 265.

300 2192 476 2235 Nummi
514 2197 659 2236 extant
697 2194 874 2247 plurimi
912 2194 1112 2248 descripti
1149 2193 1266 2248 apud
1303 2193 1353 2235 de
1391 2193 1532 2244 Witte,
1572 2193 1830 2247 Empereurs
1866 2191 1936 2234 des

214 2259 375 2303 Gaules
396 2276 444 2315 p.
464 2264 491 2304 5
511 2275 612 2316 sqq.5
643 2262 730 2304 tab.
752 2265 883 2312 1-24,
916 2263 970 2315 cf.
998 2262 1047 2304 de
1070 2265 1239 2304 moneta
1257 2261 1454 2304 Postumi
1473 2261 1635 2304 Eckhel
1665 2261 1761 2303 VII
1774 2275 1822 2314 p.
1843 2262 1935 2303 445.

297 2329 440 2372 Plena
477 2331 650 2372 nomina
679 2331 924 2384 perscripta
961 2330 1157 2372 exhibent
1191 2333 1219 2374 t.
1251 2333 1290 2372 1.
1319 2332 1359 2371 3.
1392 2333 1430 2379 7,
1470 2329 1626 2382 reliqui
1655 2329 1846 2371 breviata
1873 2328 1936 2371 vel

211 2398 377 2440 mutila.
445 2399 554 2454 Imp.
587 2398 636 2441 C.
667 2399 726 2440 M.
759 2398 878 2441 Cass.
913 2399 1012 2440 Lat.
1046 2399 1275 2440 Postumus
1316 2398 1366 2441 P.
1401 2397 1451 2439 F.
1481 2396 1595 2451 Aug.
1626 2397 1711 2439 sive
1746 2397 1854 2452 Imp.
1886 2396 1936 2439 C.

214 2466 444 2508 Postumus
484 2467 533 2510 P.
574 2467 624 2510 F.
664 2466 779 2521 Aug.
821 2467 868 2508 in
905 2467 1098 2509 nummis.
1138 2490 1193 2496 -
1232 2465 1407 2509 Cassius
1447 2464 1668 2507 Labienus
1706 2465 1937 2507 Postumus

215 2534 402 2576 traditur
431 2534 578 2590 (Vict.)
608 2535 796 2589 Epitom.
825 2538 904 2585 32,
947 2537 1127 2576 ceterum
1158 2534 1387 2576 Postumus
1428 2533 1544 2588 apud
1576 2533 1814 2587 scriptores,
1853 2533 1941 2575 nisi

213 2602 326 2656 quod
361 2601 501 2644 Iulius
542 2603 772 2645 Postumus
809 2602 966 2645 dicitur
994 2603 1064 2644 vit.
1098 2603 1194 2655 triq.
1227 2605 1306 2656 tyr.
1338 2605 1377 2652 6,
1407 2605 1446 2652 6,
1475 2601 1551 2644 ubi
1579 2600 1680 2644 Iulii
1710 2600 1936 2643 Atheriani

214 2669 432 2712 cuiusdam
459 2671 588 2712 verba
615 2684 658 2712 se
689 2670 846 2722 afferre
875 2671 1013 2713 nescio
1045 2684 1103 2712 an
1131 2670 1268 2724 finqat
1296 2669 1565 2725 bioyraphus.

301 2738 616 2781 Obscurissime
646 2745 774 2781 natus
803 2739 984 2792 Eutrop.
1016 2741 1055 2788 9,
1088 2741 1152 2780 9.·
1185 2738 1291 2780 Dux
1326 2738 1599 2794 imperatoris
1628 2736 1830 2791 Gallieni,
1863 2738 1937 2793 qui

215 2807 255 2848 ei
286 2821 435 2849 curam
463 2807 657 2863 riparum
686 2807 827 2849 Rheni
857 2807 1150 2860 mandaverat,
1184 2812 1232 2848 ut
1262 2807 1504 2850 Germanos
1534 2806 1590 2848 ab
1620 2804 1939 2848 incursionibus

216 2876 261 2917 in
300 2875 408 2917 fines
434 2876 727 2917 Romanorum
754 2882 922 2917 arceret
951 2875 1027 2930 (sic
1056 2874 1266 2924 Zonaras,
1308 2876 1436 2931 ἀρχὴν
1477 2875 1520 2918 ἐν
1548 2876 1719 2920 Κελτοῖς
1756 2888 1940 2930 στρατιω-

215 2948 294 2987 τῶν
326 2944 686 3000 ἐμπεπιστευμένος
706 2943 944 2998 Zosimus),·
974 2957 1071 2984 cum
1093 2942 1316 2986 Gallienus
1347 2949 1499 2985 contra
1526 2942 1692 2987 Gothos
1722 2941 1940 2998 profectus

215 3011 353 3054 filium
381 3013 587 3054 maiorem
616 3010 793 3064 (scilicet
821 3012 872 3054 P.
893 3011 1109 3054 Licinium
1129 3008 1368 3053 Cornelium
1400 3011 1673 3054 Valerianum
1699 3010 1937 3059 Caesarem,

215 3079 325 3122 male
355 3079 608 3123 Saloninum
639 3080 834 3123 Zosimus
858 3093 934 3122 nec
962 3080 1102 3121 minus
1130 3079 1240 3122 male
1260 3079 1459 3122 Zonaras
1486 3081 1609 3122 παῖδα
1640 3078 1749 3134 ἔχων
1781 3079 1802 3121 ὁ
1831 3078 1942 3120 αὐτο-

216 3150 372 3205 κράτωρ
389 3149 502 3196 οὗτος
517 3150 591 3203 (=
603 3150 633 3192 Γ
636 3149 814 3205 αλιῆνος)
831 3148 1062 3204 ὁμώνυμον)
1084 3147 1164 3190 sub
1189 3147 1323 3190 tutela
1344 3147 1509 3191 Silvani
1526 3147 1704 3201 (Albani
1725 3146 1940 3200 Zonaras)

218 3217 262 3258 in
294 3216 474 3260 Colonia
503 3217 812 3273 Agrippinensi
852 3216 1119 3272 reliquisset,
1162 3222 1211 3258 ut
1240 3214 1395 3259 Galliis
1434 3221 1675 3272 praeesset,
1709 3215 1940 3257 Postumus

219 3285 453 3327 inimicitiis
474 3286 586 3328 inter
602 3300 700 3327 eum
716 3291 759 3327 et
776 3284 1004 3328 Silvanum
1022 3284 1126 3326 ortis
1143 3283 1367 3326 Coloniam
1387 3284 1567 3338 obsedit,
1585 3283 1939 3338 Agrippinenses,

221 3359 268 3394 ut
299 3353 527 3397 Silvanum
554 3361 597 3396 et
621 3353 902 3395 Valerianum
931 3351 1150 3406 dederent,
1183 3353 1324 3406 coegit
1352 3351 1605 3408 deditosque
1635 3350 1852 3392 interfecit
1880 3355 1940 3390 at-
