2202 3730
301 326 482 363 ATEIVS
1163 318 1243 361 172
1827 325 2105 362 ATESTINVS

388 455 637 497 memoriam
666 453 809 496 Blaesi
840 453 967 496 amici
998 454 1069 508 (cf.
1093 453 1204 498 Stat.
1225 453 1317 496 silv.
1338 457 1381 505 2,
1405 457 1443 505 1,
1465 457 1545 497 191
1564 453 1667 508 sqq.)
1697 454 1831 498 coluit
1860 458 1901 507 8,
1926 458 1994 498 38.
2033 454 2107 498 Ad

389 524 531 566 lautas
561 523 649 565 eius
679 521 824 576 epulas
855 521 1009 564 alludit
1039 522 1239 566 Martial.
1260 526 1303 573 2,
1325 525 1391 573 69,
1413 524 1451 564 7.

306 593 410 634 1061
445 591 504 633 Μ.
536 589 687 633 Ateius
728 589 899 644 (Aletus
939 589 1067 632 codex
1097 590 1334 640 Mediceus,
1379 591 1560 633 correxit
1589 590 1826 646 Borqhesi),
1866 592 2106 647 praetorius

388 674 426 703 a.
451 659 502 702 17
534 659 578 699 in
608 657 757 700 Asiam
791 658 967 712 missus,
1010 659 1085 714 qui
1125 657 1256 701 urbes
1295 664 1415 701 motu
1453 664 1593 700 terrae
1632 658 1855 715 conlapsas
1895 665 2107 716 spectaret

390 727 690 782 refoveretque
715 726 813 769 Tac.
839 741 877 771 a.
899 730 943 778 2,
967 730 1035 770 47.

308 797 415 838 1062
447 801 487 837 O.
510 800 691 836 ATEIVS
724 800 914 850 CAPITO,
948 794 1097 837 consul
1127 794 1331 837 suffectus
1351 810 1450 837 cum
1472 794 1521 838 C.
1542 794 1673 838 Vibio
1698 796 1902 838 Postumo
1934 810 1990 837 ex
2018 794 2105 838 kal.

390 863 470 907 Iul.
492 879 530 907 a.
555 862 634 905 758
669 882 721 896 =
753 863 778 905 5
800 877 839 918 p.
863 861 911 905 C.
965 863 1021 906 In
1052 863 1294 905 consulatu:
1325 862 1373 906 C.
1404 862 1558 905 Ateius
1589 862 1743 920 Capito
1773 864 1880 917 fasti
1910 863 2106 918 Capitol„

396 931 464 974 VI
485 934 579 982 813,
610 930 717 973 XII
737 932 873 982 2574,·
903 930 950 974 C.
972 930 1127 973 Ateius
1152 931 1187 973 I
1209 933 1303 974 750.
1336 934 1428 983 751,
1459 931 1708 976 XIV2963
1736 951 1792 966 =
1822 932 1916 986 ΙΙ).
1937 935 2030 974 474.
2052 956 2107 962 —-

388 999 521 1054 Apud
547 999 771 1053 scriptores
790 1012 1052 1053 praenomen
1079 1013 1164 1042 non
1192 999 1415 1042 invenitur.

474 1067 524 1109 L.
547 1067 589 1122 f.,
621 1067 670 1111 L.
695 1082 735 1109 n.
761 1067 869 1121 fasti
894 1066 1090 1122 Capitol„
1121 1083 1203 1110 avo
1235 1069 1486 1110 centurione
1518 1067 1707 1122 Sullano,
1739 1075 1861 1124 patre
1891 1068 2107 1124 praetorio

395 1136 493 1179 Tac.
511 1150 550 1178 a.
568 1139 609 1186 3,
628 1138 693 1180 75.
725 1134 887 1178 Consul
908 1151 944 1177 a.
965 1136 1046 1178 758
1068 1135 1120 1170 τ’-
1137 1136 1162 1179 5
1183 1150 1219 1178 υ.
1241 1149 1387 1190 supra,
1409 1136 1667 1191 Pomponius
1684 1135 1847 1191 Diqest.
1864 1139 1902 1187 1,
1919 1140 1962 1187 2,
1977 1139 2021 1187 2,
2039 1139 2106 1186 47,

392 1204 603 1258 leianus
640 1202 802 1258 Diqest.
834 1206 903 1254 23,
935 1206 978 1254 2,
1009 1207 1092 1255 29;
1131 1203 1402 1246 consulatum
1444 1205 1483 1245 ei
1523 1203 1845 1246 adceleraverat
1884 1204 2108 1259 Augustus

397 1271 496 1315 Tac.
519 1286 559 1314 a.
579 1274 618 1323 3,
643 1274 694 1315 75
702 1285 716 1322 ‚·
748 1278 923 1314 curator
952 1286 1159 1328 aquarum
1191 1271 1291 1314 inde
1323 1272 1378 1314 ab
1400 1287 1437 1315 a.
1457 1273 1510 1315 13
1531 1286 1669 1328 usque
1693 1272 1749 1314 ad
1774 1274 1888 1315 a.'22
1909 1272 2107 1314 Frontin.

392 1340 441 1383 de
471 1340 592 1394 aquis
621 1343 730 1392 102,·
769 1355 806 1382 a.
842 1340 893 1383 15
935 1341 973 1382 ei
1016 1346 1058 1382 et
1095 1340 1145 1382 L.
1171 1339 1380 1383 Arruntio
1417 1340 1654 1383 remedium
1683 1340 1908 1383 coercendi
1938 1339 2108 1383 Tiberis

390 1408 640 1451 mandatum
670 1414 736 1451 est
766 1409 863 1453 Tac.
887 1423 926 1453 a.
948 1412 986 1459 1,
1010 1412 1075 1452 76.
1104 1411 1180 1460 79,·
1211 1408 1318 1451 obiit
1347 1423 1384 1452 a.
1406 1410 1461 1451 22
1492 1408 1577 1451 ibd.
1597 1412 1636 1460 3,
1659 1411 1725 1452 75.

477 1478 577 1519 Iure
617 1476 838 1519 consultus
879 1476 1141 1519 clarissimus
1182 1477 1279 1521 Tac.
1309 1491 1348 1521 a.
1383 1480 1422 1528 3,
1457 1480 1522 1520 70.
1555 1479 1630 1528 75,
1673 1476 1838 1520 Gellius
1865 1480 1932 1528 10,
1963 1480 2035 1528 20,
2064 1480 2107 1527 2,

396 1545 648 1588 Macrobius
676 1549 758 1589 sat.
790 1548 826 1596 7,
855 1549 920 1596 13,
942 1549 1020 1597 11;
1050 1552 1324 1602 comparatur
1353 1560 1452 1589 cum
1481 1545 1670 1588 Antistio
1700 1545 1905 1588 Labeone
1939 1545 2036 1590 Tac.
2069 1560 2109 1589 a.

391 1616 430 1664 3,
459 1616 522 1664 75,
554 1613 757 1668 Pompon.
777 1613 943 1668 Diqest.
965 1617 1003 1665 1,
1024 1617 1067 1664 2,
1090 1618 1132 1664 2,
1155 1617 1212 1656 47
1219 1627 1232 1665 ,·
1262 1613 1473 1656 iudicium
1502 1613 1602 1656 Atei
1633 1613 1687 1657 de
1716 1613 1921 1657 Labeone
1948 1613 2111 1657 Gellius

392 1685 458 1732 10,
480 1685 550 1725 12.
598 1682 658 1723 Hi
688 1681 773 1724 duo
804 1682 993 1738 primum
1022 1681 1156 1724 veluti
1187 1681 1380 1724 diversas
1413 1688 1549 1724 sectas
1580 1681 1797 1737 fecerunt3
1829 1697 1927 1724 nam
1957 1681 2110 1738 Capito

393 1751 438 1791 in
468 1749 557 1804 his,
590 1764 701 1806 quae
734 1751 770 1791 ei
803 1750 961 1792 tradita
990 1750 1184 1804 fuerant,
1217 1750 1547 1806 perseverabat,
1578 1749 1725 1793 Labeo
1758 1775 1810 1780 ——
1843 1775 1895 1780 --
1926 1749 2112 1807 plurima

392 1819 601 1860 innovare
631 1818 816 1872 studuit3
849 1824 890 1860 et
920 1819 981 1860 ita
999 1817 1202 1874 Capitoni
1221 1818 1439 1860 Masurius
1462 1818 1650 1861 Sabinus
1671 1819 1886 1873 successit,
1918 1818 2112 1861 Labeoni

393 1886 539 1928 Nerva
568 1885 827 1940 Pomponius
858 1886 884 1931 l.
917 1886 944 1929 l.
974 1911 1032 1917 —
1073 1886 1258 1942 Scripsit
1289 1886 1600 1929 Coniectanea:
1640 1885 1752 1929 liber
1791 1893 1969 1929 octavus
2000 1886 2113 1930 Con-

394 1955 696 2009 iectaneorum,
729 1955 803 2010 qui
847 1955 1078 2011 inscriptus
1110 1961 1175 1997 est
1207 1954 1277 1996 ‘de
1307 1954 1479 1997 iudiciis
1509 1954 1707 2011 publicis‘
1748 1954 1912 1998 Gellius
1939 1959 1978 2005 4,
2000 1958 2066 2005 14,
2089 1958 2112 1997 1

329 2037 332 2041 ’
394 2023 449 2076 cf.
480 2026 546 2073 10,
579 2026 616 2073 6,
647 2026 686 2073 4,
719 2022 877 2065 librum
908 2022 961 2064 de
991 2022 1132 2065 officio
1165 2024 1396 2077 senatoris,
1439 2023 1511 2077 qui
1538 2023 1702 2065 videtur
1730 2023 1839 2066 idem
1877 2036 1962 2066 esse
1984 2026 2114 2077 atque

394 2089 503 2132 liber
532 2105 670 2133 nonus
702 2090 1088 2134 Coniectaneorum
1119 2090 1283 2134 Gellius
1311 2094 1376 2141 14,
1400 2094 1437 2142 7,
1461 2094 1540 2142 12;
1568 2094 1633 2142 14,
1656 2093 1697 2142 8,
1717 2095 1772 2143 2,·
1810 2090 1865 2133 de
1893 2091 2112 2148 pontificio

395 2159 488 2200 iure
516 2158 679 2201 Gellius
698 2162 737 2210 4,
761 2162 798 2210 6,
821 2163 886 2210 10,
912 2159 1067 2202 Festus
1086 2174 1135 2214 p.
1156 2162 1247 2210 154,
1282 2160 1534 2202 Macrobius
1561 2162 1642 2202 sat.
1670 2163 1709 2210 3,
1734 2163 1801 2210 10,
1830 2162 1880 2211 3‚·
1910 2159 2113 2216 epistulas

401 2224 565 2269 Gellius
594 2230 659 2277 13,
690 2231 761 2278 12,
794 2231 831 2272 1.
861 2230 900 2272 5.
942 2253 994 2258 ——
1033 2227 1204 2271 Gitatur
1225 2228 1392 2282 passim
1422 2228 1539 2282 apud
1565 2227 1752 2279 Festum,
1785 2227 1979 2279 Gellium,
2012 2227 2114 2270 Ma-

396 2295 593 2346 crobium,
625 2296 841 2350 quinquies
872 2296 917 2338 in
936 2295 1138 2350 Diqestis,
1161 2295 1360 2339 Frontin.
1384 2296 1433 2339 de
1454 2297 1575 2350 aquis
1595 2299 1661 2347 97,
1689 2296 1870 2350 fortasse
1890 2295 2112 2338 Plutarch.

391 2363 558 2415 Quaest.
590 2364 772 2406 Roman.
804 2379 853 2418 p.
883 2368 969 2408 276
979 2363 1024 2406 D
1064 2363 1156 2416 (ubi
1195 2364 1313 2420 Τήιος
1343 2363 1570 2418 traditur)‚·
1608 2370 1759 2407 auctor
1797 2364 1927 2406 Plinii
1966 2364 2054 2406 ind.
2085 2363 2112 2406 l.

392 2436 432 2475 3.
462 2436 501 2475 4.
531 2436 595 2476 14.
627 2435 691 2476 15.
721 2436 787 2484 18,
820 2434 978 2476 citatur
1005 2448 1046 2476 n.
1078 2433 1118 2475 h.
1139 2436 1204 2484 14,
1228 2436 1304 2485 93‚·
1334 2436 1399 2484 18,
1427 2436 1520 2477 108.
1571 2432 1835 2488 Fraqmenta
1864 2433 2115 2488 colleqerunt

396 2501 603 2552 Huschke,
625 2502 935 2556 Iurisprudent.
956 2502 1290 2545 Anteiustinian.
1313 2517 1362 2556 p.
1383 2504 1463 2545 115
1482 2515 1581 2556 sqq„
1613 2516 1664 2544 ca
1693 2516 1799 2556 quae
1829 2501 1888 2544 ad
1911 2502 1976 2543 ius
1995 2500 2114 2544 civile

394 2572 595 2624 spectant,
626 2570 767 2620 Lenel,
800 2569 1101 2625 Palinqenesia
1129 2570 1161 2612 Ι
1176 2585 1224 2625 p.
1247 2573 1340 2613 106.
1644 2573 1645 2577 ’

482 2638 674 2679 Humani
696 2637 919 2694 divinique
948 2639 1055 2680 iuris
1085 2639 1226 2680 sciens
1255 2638 1392 2680 bonas
1413 2644 1525 2680 artes
1547 2637 1794 2680 adulatione
1815 2637 2115 2680 dehonestavit

403 2706 499 2749 Tac.
531 2719 570 2748 a.
599 2709 638 2756 3,
671 2709 736 2756 70,
775 2706 1100 2749 narratiuncula
1129 2707 1182 2749 de
1212 2706 1458 2749 adulatione
1490 2707 1580 2748 eius
1612 2707 1656 2747 in
1684 2706 1910 2748 Tiberium
1940 2705 2111 2748 Sueton.

398 2773 447 2815 de
473 2777 697 2827 qrammat.
728 2778 811 2825 22,
843 2774 931 2817 Dio
959 2777 1026 2826 57,
1058 2778 1124 2817 17.
1181 2775 1394 2817 Iudicium
1436 2774 1489 2816 de
1520 2773 1648 2816 Ateio
1684 2773 1908 2828 Philologo
1940 2773 2112 2816 Sueten.

397 2841 481 2884 ibd.
503 2844 569 2884 10.
595 2867 642 2873 —
669 2841 895 2897 Augustus
923 2842 1048 2885 ludos
1080 2843 1319 2885 saeculares
1350 2843 1538 2885 restituit
1556 2843 1622 2885 τὸν
1646 2843 1796 2898 θεσμὸν
1820 2839 1967 2897 'Attiou
1990 2840 2113 2884 Καπί-

395 2926 521 2956 τωνος
548 2909 843 2967 ἐξηγησαμένου
866 2911 1059 2956 Zosimus
1083 2915 1126 2962 2,
1147 2914 1175 2953 4
1204 2911 1259 2965 cf.
1282 2911 1518 2953 Mommsen
1546 2909 1723 2964 sphem.
1755 2915 1816 2963 ep.
1837 2912 1865 2951 8
1885 2923 1934 2963 p.
1955 2912 2053 2952 239.

314 2977 424 3019 1063
455 2976 502 3020 C.
534 2976 686 3020 Ateius
714 2978 868 3034 Capito
898 2979 1143 3021 nominatur
1171 2979 1217 3022 in
1247 2982 1275 3022 t.
1305 2979 1416 3021 servi
1445 2978 1514 3021 VI
1534 2978 1654 3021 9537.
1715 2977 1859 3020 Potest
1898 2990 1982 3020 esse
2020 2978 2114 3021 iure

397 3045 620 3089 consultus.

317 3112 425 3154 1064
455 3112 506 3155 Τ.
545 3111 736 3168 At(eius)
781 3113 935 3169 Capito
983 3114 1229 3157 nominatur
1271 3114 1318 3156 in
1363 3117 1391 3156 t.
1437 3113 1626 3156 familiae
1677 3112 1978 3169 quadrigariae
2025 3113 2113 3156 eius

405 3180 472 3223 VI
491 3184 639 3223 10076.

317 3248 426 3290 1065
453 3247 608 3291 Ateius
629 3249 675 3291 M
692 3282 864 3304 .......
891 3251 1054 3292 amicus
1074 3251 1274 3293 Dasumii
1297 3250 1515 3293 V110229
1538 3263 1575 3292 v.
1597 3252 1658 3293 27
1674 3249 1720 3292 in
1744 3251 1986 3292 testamento
2009 3249 2110 3293 eius.

318 3316 426 3358 1066
455 3315 608 3358 Ateius
638 3317 835 3372 Sanctus,
869 3324 1024 3373 orator,
1058 3319 1264 3373 magister
1295 3318 1517 3361 Commodi
1547 3318 1618 3360 vit.
1648 3316 1865 3360 Commodi
1892 3321 1930 3368 1,
1958 3320 1996 3360 6.

317 3383 455 3426 1066a
482 3383 716 3439 Atestinus,
748 3385 989 3428 causidicus
1021 3386 1221 3431 Martial.
1245 3389 1285 3437 3,
1315 3388 1383 3437 38,
1412 3388 1452 3429 5.
