2202 3730
269 328 431 365 ASPER
1143 320 1161 360 l
1170 319 1224 361 70
1825 325 2077 361 ASPVRGVS

299 483 357 490 —
389 464 554 500 IVLIVS
585 456 791 512 [AS]PER.

301 551 358 558 -
388 532 430 568 G.
458 531 623 568 IVLIVS
653 529 826 566 ASPER.

300 619 357 625 -—
390 594 462 648 [C.]
494 599 660 635 IVLIVS
693 597 930 633 CAMILIVS
961 591 1224 646 GAL[ERIVS
1254 591 1431 648 ASPJER
1461 598 1488 634 O
1506 624 1543 635 ..
1563 624 1573 634 .
1591 598 1711 636 CIVS.

300 687 357 692 —
387 668 429 706 C.
459 666 625 703 IVLIVS
657 665 906 701 GALERIVS
935 665 1110 702 ASPER.

301 754 359 761 -—
390 728 608 784 Sulpicius
639 727 793 783 Asper.

303 822 359 828 -—
389 802 701 839 CALPVRNIVS
731 801 1004 838 ASPRENAS.

305 891 363 896 —
391 872 436 907 L.
467 870 651 906 NONIVS
682 870 956 908 ASPRENAS.

303 959 358 962 —
389 940 430 977 P.
461 938 645 974 NONIVS
676 938 950 976 ASPRENAS.

303 1026 362 1032 —
391 1001 439 1045 P.
470 1000 674 1055 (Nonius)
702 999 937 1057 Asprenas.

306 1094 362 1100 -—
394 1069 615 1123 (NONIVS)
646 1074 939 1120 TORQVATVS
969 1074 1242 1114 ASPRENAS.

304 1163 359 1168 —
389 1144 434 1180 L.
465 1143 649 1179 NONIVS
683 1143 976 1188 TORQVATvs
1005 1128 1278 1180 ASPRENAS.

303 1231 360 1236 ——
389 1205 482 1259 (P.‘?
513 1205 716 1259 NONIVS)
747 1211 1007 1247 ASPRENAS
1040 1211 1333 1248 CAESIANVS.

305 1298 362 1303 —-
392 1273 615 1327 (NONIVS)
645 1279 904 1316 ASPRENAS
937 1279 1247 1316 CALPVRNIVS
1280 1279 1554 1318 SERRANVS.

304 1367 362 1372 —
392 1341 488 1397 (O.?
518 1342 723 1397 NONIVS)
753 1348 1012 1384 ASPRENAS
1045 1348 1356 1385 CALPVRNIVS
1387 1348 1694 1394 TORQVATVS.

304 1435 362 1440 —
389 1417 442 1453 M.
474 1416 789 1453 SALVIDENVS
820 1409 1118 1453 *ASPRENAS.

305 1503 363 1509 -
391 1478 572 1521 Fulvius
601 1478 857 1534 Asprianus.

282 1547 388 1589 1048
419 1546 670 1603 AspurguS‚
713 1561 793 1589 rex
833 1547 1123 1603 Bosporanus.
1194 1546 1351 1590 Tituli:
1388 1546 1476 1602 ipsi
1504 1547 1674 1602 positus
1715 1550 1776 1590 est
1814 1551 1842 1590 t.
1883 1547 2088 1591 Pantica-

302 1653 306 1657 .
361 1615 559 1669 paeensis
597 1614 851 1670 Latysehev,
893 1615 1199 1670 Inscriptiones
1238 1615 1371 1658 Ponti
1405 1615 1468 1658 II
1498 1629 1540 1658 n.
1570 1618 1625 1658 36
1654 1613 1714 1670 (1)
1756 1614 1921 1673 βασιλέα
1962 1614 2085 1674 μέγαν

365 1681 598 1740 Ἀσποῦργον
644 1686 928 1740 φιλορώμαιον,
966 1685 1033 1727 τὸν
1075 1682 1121 1726 ἐκ
1163 1683 1358 1740 βασιλέως
1394 1681 1678 1740 Ἀσανδρόχου,
1721 1685 1983 1741 φιλοκαίσαρα
2022 1687 2088 1728 καὶ

365 1754 652 1808 φιλορώμαιον,
696 1753 953 1808 βασιλεύοντα
997 1752 1143 1798 παντὸς
1185 1750 1418 1808 Βοσπόρου,
1464 1751 1682 1808 Θεοδοσίης
1718 1753 1782 1795 καὶ
1826 1752 1977 1796 Σινδῶν
2023 1755 2089 1796 καὶ

364 1818 527 1862 Μαιτῶν
558 1822 622 1862 καὶ
652 1819 879 1876 Ταρπείτων
912 1822 978 1863 καὶ
999 1819 1180 1876 Τορετῶν
1207 1820 1357 1876 Ψησῶν
1387 1837 1430 1863 τε
1459 1822 1524 1863 καὶ
1545 1819 1812 1875 Τανα[ε]ιτῶν,
1843 1821 2088 1867 ὑποτάξαντα

366 1888 525 1934 Σκύθας
553 1889 618 1931 καὶ
648 1887 848 1944 Ταόρουςς
877 1891 1135 1931 memoratur
1163 1889 1209 1931 in
1238 1891 1267 1930 t.
1289 1887 1634 1943 Phanayoriensi
1661 1888 1747 1931 ibd.
1778 1889 1839 1931 II
1860 1902 1902 1930 n.
1922 1891 2003 1931 364
2023 1889 2087 1946 (2)

368 1955 671 2012 [β]ασιλεόοντος
717 1955 943 2012 [βασ]ιλέως
998 1954 1297 2013 [Ἀ]σποΰργο[υ]
1349 1955 1655 2012 [φ]ιλορωμαίου
1701 1955 1813 2003 ἔτους
1857 1957 1888 2000 Γ
1895 1956 1956 2000 ΙΤ
1999 1956 2091 2010 (ubi

362 2024 511 2078 prima
549 2023 691 2067 littera
728 2024 845 2066 haud
882 2027 997 2067 certa
1035 2028 1115 2075 est,
1150 2038 1243 2067 eum
1282 2027 1446 2066 tantum
1484 2024 1611 2067 hasta
1648 2024 1840 2079 superior
1873 2025 1919 2068 in
1949 2025 2090 2081 lapide

368 2094 581 2147 cernatur)
611 2112 680 2147 -—-⁴
703 2107 743 2134 a.
773 2095 855 2134 313
893 2107 1019 2135 aerae
1048 2092 1460 2135 Achaemenidarum
1488 2111 1544 2127 =
1575 2106 1615 2134 a.
1646 2091 1838 2147 161171).
1867 2092 1936 2144 0.,
1977 2096 2017 2136 et
2044 2094 2091 2136 in
2140 2107 2142 2109 ’

369 2163 397 2202 t.
429 2159 862 2214 Panticapaeensibus
897 2160 1041 2216 Cotyis
1079 2160 1165 2216 filii
1201 2160 1286 2203 ibd.
1318 2160 1380 2203 II
1413 2173 1455 2203 n.
1476 2163 1534 2203 37
1562 2159 1619 2216 (3)
1661 2163 1701 2203 et
1736 2174 1778 2203 n.
1809 2163 1865 2203 38
1891 2180 1949 2197 =
1979 2161 2049 2204 CI
2049 2160 2091 2205 G

368 2228 556 2271 2108οᾱ
584 2229 657 2284 (4).

459 2296 721 2351 Quamquam
749 2310 887 2340 omnes
907 2297 981 2351 qui
1009 2299 1037 2340 t.
1059 2301 1084 2340 1
1114 2299 1368 2348 tractarunt,
1400 2296 1662 2339 consentiunt
1681 2294 1753 2351 (of.
1775 2297 2007 2353 Latysehev
2026 2298 2090 2341 II

364 2379 411 2418 p.
441 2364 671 2421 XXXIX)
701 2365 765 2408 ibi
801 2365 1122 2420 intelleyendum
1161 2379 1245 2408 esse
1285 2365 1422 2420 filium
1451 2364 1738 2415 Asandruehi,
1778 2365 1852 2419 qui
1887 2365 1998 2408 idem
2034 2366 2092 2408 sit

371 2435 494 2486 atque
522 2433 733 2485 Asander,
764 2435 955 2488 primum
993 2435 1013 2478 ὃ
1044 2434 1088 2478 ἐκ
1129 2434 1323 2492 βασιλέως
1357 2432 1619 2490 Ἀσανὸρόχου
1655 2447 1740 2476 non
1779 2436 1840 2476 est
1877 2433 1980 2488 υἱός,
2020 2434 2095 2477 sed

370 2500 541 2558 ἔκγονος,
572 2502 610 2544 is
639 2502 713 2555 qui
741 2502 944 2556 oriyinem
974 2502 1095 2545 duoeit
1124 2503 1177 2545 ab
1208 2501 1502 2545 Asandrueho.
1557 2502 1641 2554 Qui
1668 2515 1798 2556 quare
1836 2515 1921 2544 non
1952 2502 2092 2556 possit

371 2569 481 2611 alius
517 2584 593 2612 rex
633 2583 717 2612 esse
752 2584 802 2613 ex
826 2584 999 2613 numero
1029 2585 1191 2622 eorum,
1223 2571 1298 2625 qui
1316 2573 1418 2625 post
1446 2569 1711 2612 Polemonem
1739 2569 1774 2612 I
1798 2573 2090 2624 reynaverwnt,

370 2636 558 2689 equidem
594 2650 679 2679 non
716 2637 846 2681 video.
908 2638 1025 2680 Nam
1055 2638 1104 2681 de
1138 2638 1378 2681 nominibus
1417 2640 1457 2680 et
1493 2637 1674 2679 nummis
1702 2651 1847 2691 reyum
1872 2635 2089 2692 Bospora-

370 2718 521 2746 norum
558 2705 654 2747 inde
693 2706 746 2748 ab
787 2705 911 2748 huius
949 2709 1080 2749 morte
1116 2720 1245 2761 usque
1285 2706 1343 2748 ad
1380 2705 1643 2749 Polemonem
1671 2705 1733 2747 II
1739 2737 1745 2751 ,-
1765 2704 1901 2747 adhue
1932 2718 2093 2759 parum

373 2775 546 2823 constat,
579 2786 671 2815 eum
699 2774 859 2816 nummi
886 2775 977 2817 eius
1007 2775 1160 2817 aetatis
1190 2778 1354 2817 tantum
1382 2773 1754 2829 monoyrammatis
1773 2772 1972 2827 inseripti
1993 2772 2092 2824 sint,

373 2854 478 2894 quae
520 2854 622 2883 num
664 2845 773 2884 reete
816 2842 956 2884 soluta
1001 2846 1123 2897 atque
1168 2843 1310 2885 omnia
1355 2842 1413 2884 ad
1451 2842 1698 2896 Aspurqum
1738 2839 1964 2894 referenda
2005 2840 2093 2883 sint

374 2906 442 2961 (of.
474 2909 703 2963 Latysehev
733 2910 794 2952 II
805 2925 854 2964 p.
876 2911 1010 2967 XLI)
1043 2911 1266 2953 admodum
1297 2910 1470 2953 dubium
1505 2909 1680 2952 videtur.
1749 2908 1915 2951 Temere
1953 2911 2093 2951 autem

374 2976 540 3019 omnino
584 2991 646 3027 ea,
689 2992 795 3031 quae
831 2978 990 3022 Strabo
1023 2982 1077 3021 11
1109 2993 1158 3034 p.
1192 2981 1297 3030 495,·
1339 2982 1398 3022 12
1432 2993 1480 3033 p.
1515 2980 1595 3021 556
1638 2976 1687 3019 de
1720 2976 2092 3031 Asfftryianorum

372 3047 493 3097 yente
522 3044 741 3088 Maeotica
770 3047 912 3100 refert,
943 3047 1017 3100 qui
1045 3046 1309 3090 Polemonem
1338 3047 1373 3089 I
1393 3046 1583 3089 vicerunt
1611 3048 1652 3088 et
1675 3040 1930 3094 oeciderunt,
1968 3043 2034 3087 ita
2063 3058 2092 3086 a

375 3112 646 3166 Latysehevio
667 3128 715 3167 p.
737 3114 954 3156 XXXIX
981 3118 1257 3169 exponuntur,
1291 3118 1339 3157 ut
1359 3128 1452 3157 eam
1468 3116 1631 3168 yentem
1649 3104 1798 3155 nomen
1818 3112 1871 3154 ab
1891 3110 2092 3166 Aspuryo

376 3180 556 3222 traxisse
586 3181 719 3232 dieat,
759 3182 911 3236 quippe
940 3197 1080 3236 quem,
1122 3197 1215 3226 eum
1244 3185 1393 3226 eontra
1422 3181 1687 3225 Polemonem
1717 3179 1893 3223 bellaret
1919 3192 2092 3234 reynwm

371 3250 601 3300 paternum
628 3250 893 3303 repetiturus,
924 3251 1100 3293 auxiliis
1129 3251 1333 3293 iuvarent.

461 3316 518 3357 In
555 3316 674 3359 titulo
703 3320 729 3359 1
769 3331 861 3359 oum
899 3318 945 3360 in
983 3318 1240 3361 indicatione
1275 3317 1380 3360 anni
1407 3319 1585 3371 praeter
1622 3315 1704 3358 ΓΙΤ
1743 3315 1870 3358 etiam
1908 3313 2094 3368 coyitari

376 3386 516 3438 potest
553 3384 684 3438 fuisse
723 3384 808 3428 ElT
838 3385 901 3427 vel
936 3385 1032 3438 ZlT,
1072 3387 1119 3428 id
1153 3389 1214 3430 est
1251 3385 1491 3440 siynifieari
1526 3398 1568 3429 a.
1598 3386 1680 3426 313
1718 3383 1782 3425 vel
1808 3385 1890 3425 315
1917 3381 1990 3424 vel·
2009 3384 2095 3425 317
