2202 3730
301 256 548 291 ARTORIVS
1165 247 1247 289 156
1867 254 2106 291 ASANDER

393 385 530 428 Verba
553 384 634 426 (luo
663 387 859 434 extrema,
892 397 998 436 quae
1027 396 1112 425 non
1140 396 1216 425 suo
1244 382 1333 425 loeo
1354 383 1502 437 posita
1529 386 1638 434 sunt,
1661 387 1814 438 postea
1844 383 1993 427 addita
2022 397 2106 428 esse

383 453 669 508 probabiliter
699 452 875 493 eonieeit
904 450 1085 494 Dessau.

300 522 411 564 977a
441 522 490 564 C.
521 521 722 563 Artorius
750 519 972 574 Proculus,
1009 520 1315 574 grammaticus
1351 526 1614 562 memoratur
1649 521 1902 574 Quintilian.
1933 524 1971 572 9,
2001 525 2040 572 1,
2067 525 2106 564 3.

386 589 502 631 Idem
533 588 695 630 violetur
718 586 939 642 Proculus,
967 588 1086 630 euius
1119 588 1492 642 interpretamenta
1527 587 1767 640 afferuntur
1797 589 1912 644 apud
1934 589 2109 633 Festum

380 672 430 712 1).
451 659 550 706 225,
573 659 653 707 12,·
681 659 767 698 332
779 656 816 706 b,
838 658 888 707 5,·
916 658 997 698 364
1009 656 1045 706 b,
1068 659 1132 706 16,
1162 659 1201 698 et
1228 655 1429 698 Artorius
1463 656 1517 698 id.
1543 671 1590 710 10.
1612 659 1697 700 352
1708 657 1744 707 b,
1766 661 1805 700 5.

302 726 384 768 978
415 724 614 767 Artorius
635 724 787 778 Rufus,
819 723 928 765 liber
947 723 1066 766 Festi
1088 724 1282 779 Pompeii
1303 723 1358 766 ad
1381 723 1602 766 Artorium
1633 724 1880 779 (Al-corium
1903 725 2106 781 traditur)

386 792 547 835 Rufum
567 795 822 834 memoratur
841 793 886 834 in
907 792 1098 846 oataloyo
1117 792 1296 846 quodam
1317 792 1519 835 librorum
1539 792 1814 836 Cluniaeensi
1831 784 1992 837 saeculi
2009 795 2116 838 XII

387 862 442 915 ef.
474 861 688 903 Manilius
719 859 895 902 Hermes
925 863 1038 904 1892
1066 875 1112 914 p.
1132 863 1226 903 319.
1265 860 1379 903 Huic
1416 862 1548 916 iqitur
1586 861 1852 905 dedicaverat
1881 863 2109 919 Pompeius

385 928 541 971 Festus
570 929 724 971 librum
755 929 803 971 (le
833 929 1077 983 siynisieatu
1103 929 1336 973 verborum.

301 997 383 1040 979
413 1003 637 1039 ARTORIA
666 1003 959 1050 FLACCILLA,
991 997 1123 1039 Novii
1156 997 1295 1039 Prisci
1325 997 1423 1052 (eos.
1456 1011 1496 1039 a.
1520 997 1589 1052 78)
1621 1012 1732 1040 uxor
1761 1000 1964 1042 maritum
1993 1015 2030 1044 a.
2053 1001 2107 1043 65

384 1066 427 1107 in
460 1065 638 1107 exilium
667 1065 839 1122 pulsum
870 1066 1072 1107 comitata
1103 1071 1168 1107 est
1198 1065 1295 1108 Tac.
1320 1079 1358 1106 a.
1380 1067 1446 1115 15,
1467 1067 1532 1107 71.

300 1134 383 1176 980
414 1140 456 1184 Q.
488 1140 590 1175 ARV
604 1167 727 1176 .....
769 1133 918 1175 consul
960 1133 1093 1188 (suff.)
1132 1149 1170 1176 a.
1202 1134 1257 1177 92
1289 1148 1344 1175 ex
1374 1133 1418 1175 k.
1451 1133 1570 1189 Sept.
1603 1149 1702 1176 eum
1737 1133 1786 1177 C.
1817 1135 1929 1178 Iulio
1960 1135 2107 1179 Silano

384 1201 510 1244 XIV
528 1205 613 1246 245
650 1203 759 1255 fasti
791 1202 1010 1246 Ostienses.
1071 1201 1216 1244 Potest
1250 1201 1437 1256 suppleri
1472 1200 1728 1258 Aru[lenus]
1763 1206 1802 1246 et
1841 1204 2021 1259 eoyitari
2059 1204 2109 1247 de

384 1270 511 1312 Iunio
541 1270 733 1312 Aruleno
762 1270 952 1312 Rustico.

299 1338 379 1382 981
412 1338 667 1393 Arviragus‚
703 1345 863 1393 ‘regem
894 1337 1078 1395 aliquem
1111 1339 1254 1394 capies
1290 1344 1365 1381 aut
1404 1337 1458 1380 de
1498 1344 1667 1380 temone
1696 1339 1906 1381 Britanno
1938 1340 2110 1383 excidet

384 1406 641 1462 Arviragus²
665 1407 856 1451 Juvenal.
880 1410 920 1457 4,
950 1410 1034 1450 126
1044 1420 1057 1459 ,·
1087 1420 1137 1449 ex
1167 1409 1361 1449 contextu
1391 1410 1570 1461 apparet
1600 1406 1744 1449 ducem
1769 1408 1901 1461 fuisse
1929 1408 2118 1469 Britam
2191 1434 2193 1439 ·

381 1489 533 1517 norum
573 1478 709 1517 aetate
748 1475 1004 1519 Domitiani.
1065 1475 1373 1517 Britannorum
1414 1490 1493 1517 rex
1529 1474 1770 1530 Arbiragus
1798 1475 1926 1519 schol.
1956 1501 2012 1507 —
2041 1477 2129 1521 De.

383 1544 567 1586 nominis
593 1544 735 1597 forma
765 1544 818 1597 ef.
842 1543 1018 1594 Holder,
1043 1542 1138 1585 Alt-
1148 1542 1375 1586 Celtiseher
1396 1542 1711 1598 Spraehsehate
1737 1558 1771 1586 s.
1793 1558 1829 1586 v.
1852 1544 2106 1601 Arvirayus,

385 1611 580 1656 Biracos.

299 1680 382 1722 982
415 1686 492 1722 CN.
533 1686 800 1721 ARVLENVS
848 1686 1058 1722 CAELIVS
1106 1685 1338 1734 SABINVS,
1390 1678 1541 1722 consul
1585 1679 1790 1723 suffectus
1834 1696 1871 1734 a.
1913 1682 1968 1725 69
2011 1697 2109 1725 eum

385 1749 436 1790 T.
468 1748 617 1791 Flavio
652 1747 826 1792 Sabino.
888 1748 1030 1790 Plena
1065 1748 1239 1790 nomina
1278 1749 1324 1790 in
1354 1748 1595 1790 consulatus
1625 1748 1882 1792 indicatione
1913 1750 1981 1793 VI
1996 1754 2108 1795 2051

386 1820 484 1858 aeta
512 1816 750 1867 Arvalium,
784 1820 963 1859 ceterum
994 1815 1168 1859 Caelius
1200 1815 1389 1858 Sabinus
1418 1816 1481 1858 vel
1512 1815 1697 1859 Caelius.

472 1884 730 1927 Consulatus
762 1900 817 1927 ex
848 1884 1134 1927 destinatione
1164 1884 1349 1926 Neronis
1387 1891 1462 1926 aut
1492 1883 1659 1926 Galbae
1698 1900 1917 1940 mansere,
1960 1885 2108 1930 Caelio

386 1968 435 1994 ae
467 1953 618 1995 Flavio
659 1953 831 1995 Sabinis
863 1953 906 1994 in
937 1953 1071 1994 Iulias
1107 1953 1204 1995 Tae.
1235 1952 1275 1994 lt.
1306 1956 1345 2003 1,
1376 1955 1432 1994 77
1438 1966 1452 2004 ,·
1482 1967 1543 2008 pr.
1575 1952 1662 1995 kal.
1695 1953 1845 2009 Maias,
1879 1954 1965 1999 kal.
1996 1955 2109 1998 Mais

390 2021 458 2064 VI
469 2024 592 2064 2051.
639 2021 859 2063 Destinati
881 2023 1013 2075 fuisse
1034 2020 1225 2063 ridentur
1246 2020 1404 2063 Sabini
1422 2021 1469 2063 in
1488 2034 1647 2064 menses
1670 2022 1842 2064 Maium
1861 2026 1901 2065 et
1919 2023 2106 2080 Iunium,

383 2089 457 2132 secl
484 2091 559 2132 sub
591 2091 716 2145 finem
746 2090 914 2145 Aprilis
943 2091 1081 2144 fasces
1111 2093 1386 2144 sumpserunt.

470 2159 570 2200 Iure
611 2158 829 2200 consultus
871 2158 919 2201 O.
953 2158 1101 2201 Cassio
1132 2158 1332 2212 Longino
1374 2159 1580 2200 successit
1619 2165 1660 2201 et
1699 2158 1930 2215 plurimum
1970 2161 2110 2216 potuit

386 2226 651 2282 temporibus
668 2227 923 2283 Vespasiani
947 2227 1206 2281 Pomponius
1226 2225 1389 2281 Diyest.
1413 2231 1449 2276 1,
1471 2230 1515 2277 2,
1537 2230 1581 2277 2,
1602 2229 1679 2278 53,·
1699 2228 1872 2284 scripsit
1892 2227 1946 2270 de
1967 2228 2106 2271 edicto

383 2294 586 2337 aedilium
621 2295 834 2337 curulium
863 2295 1027 2338 Gellius
1051 2298 1091 2345 4,
1117 2298 1159 2344 2,
1181 2298 1220 2344 3,
1257 2294 1366 2336 hune
1403 2295 1568 2345 librum,
1599 2309 1851 2349 quamquam
1885 2297 2106 2351 inscriptio

381 2367 557 2417 praeter
575 2363 599 2405 l.
621 2364 646 2407 l.
667 2363 799 2406 Gellii
813 2367 986 2413 tacetur,
1001 2364 1133 2405 citant
1151 2362 1260 2405 Gell.
1274 2365 1311 2413 6,
1323 2366 1362 2413 4,
1386 2362 1555 2416 leian.
1571 2363 1678 2406 libro
1690 2364 1836 2418 primo
1853 2364 1911 2407 ael
1930 2364 2108 2419 edietum

385 2431 584 2473 aedilium
616 2432 822 2474 curulium
845 2431 1008 2486 Diyest.
1029 2435 1099 2482 21,
1121 2435 1159 2486 1,
1181 2434 1235 2473 14
1253 2446 1324 2486 pr.
1338 2435 1377 2476 3.
1399 2435 1474 2483 10,
1471 2445 1478 2453 ·
1497 2435 1717 2482 21,17,1.
1739 2435 1777 2475 6.
1798 2435 1838 2477 8.
1860 2436 1930 2476 12.
1952 2436 2017 2475 13.
2039 2435 2106 2484 15,

386 2499 523 2542 Gaius
564 2501 670 2542 libro
704 2500 845 2554 primo
888 2500 945 2542 ad
981 2499 1162 2542 edietum
1202 2499 1403 2542 aedilium
1433 2500 1643 2542 curulium
1671 2500 1834 2555 Diyest.
1864 2505 1934 2552 21,
1967 2505 2005 2553 1,
2035 2504 2106 2553 20,

385 2567 603 2610 Venuleius
619 2568 865 2622 Diyest.21,
882 2572 920 2618 1,
937 2571 1000 2618 65,
1019 2571 1061 2611 2.
1084 2568 1317 2610 Praeterea
1334 2567 1504 2610 Caelius
1525 2569 1682 2611 citatur
1698 2584 1725 2611 a
1744 2568 1912 2620 Gaio3,
1932 2573 2105 2622 70.141,

384 2636 616 2689 Papinian.
646 2636 897 2691 Diyest.35,
921 2640 958 2687 1,
984 2639 1053 2686 72,
1079 2640 1115 2679 7.

312 2728 369 2734 —
414 2711 456 2755 Q.
471 2703 528 2758 (P)
559 2711 726 2747 IVNIVS
762 2711 1030 2747 ARVLENVS
1061 2711 1313 2747 RVSTIGVS.

312 2796 369 2801 —
413 2779 456 2816 L.
489 2778 618 2814 GABO
649 2779 1002 2815 ARVNCVLEIVS
1033 2780 1075 2816 P.
1104 2779 1303 2815 ACILIVS
1336 2778 1575 2817 SEVERVS.

300 2840 383 2883 983
414 2839 639 2894 Aruseius,
671 2848 895 2883 aecusator
925 2841 976 2883 L.
1007 2840 1206 2883 Arruntii
1237 2840 1465 2883 damnatus
1499 2838 1614 2892 (ante
1644 2856 1684 2883 a.
1705 2841 1778 2894 32)
1811 2841 1910 2885 Tac.
1935 2857 1975 2885 a.
1997 2846 2034 2894 6,
2057 2847 2086 2886 7
2093 2857 2108 2896 ‚·

386 2922 485 2950 num
505 2908 613 2950 idem
632 2909 690 2950 sit
713 2909 763 2950 L.
785 2908 996 2951 Aruseius
1022 2909 1120 2951 Tae.
1143 2924 1183 2952 a.
1205 2913 1242 2960 6,
1263 2913 1331 2960 40,
1354 2909 1424 2951 eui
1440 2908 1544 2963 quid
1562 2923 1602 2951 a.
1622 2912 1677 2952 36
1702 2909 1914 2961 acciderit,
1927 2914 2107 2966 propter

384 2976 580 3018 lacunam
610 2976 765 3019 codicis
793 2978 1010 3028 nescimus,
1034 2978 1167 3031 plane
1196 2977 1400 3020 incertum
1429 2980 1501 3020 est.

299 3045 383 3086 984
411 3044 631 3098 Asander,
672 3059 750 3086 rex
786 3046 1075 3101 Bosporanus.
1135 3045 1405 3088 Memoratur
1435 3059 1528 3087 eum
1563 3059 1694 3088 uxore
1723 3045 1770 3088 in
1801 3046 1923 3089 titulo
1953 3045 2105 3090 Pomti-

382 3112 604 3166 capaeensi
623 3112 867 3166 Latysehev,
890 3114 1194 3167 Inseriptiones
1215 3113 1347 3156 Ponti
1370 3113 1432 3155 II
1452 3127 1493 3156 n.
1513 3115 1571 3156 25
1591 3113 1649 3168 (1)
1680 3113 1972 3172 βα[σιλεΰοντος
2001 3116 2106 3172 βασι-

385 3180 487 3226 λέως
528 3179 738 3236 βασιλέων]
781 3183 955 3237 μεγάλου
989 3179 1197 3238 Ἀσάνδρου
1238 3180 1542 3238 [φιλ]ορωμαίου
1575 3185 1752 3238 σωτῆρος
1782 3183 1847 3224 καὶ
1878 3183 2106 3239 βασιλίσσης

382 3247 622 3302 Δυνάμεως,
653 3248 761 3297 item,
799 3252 845 3289 ut
876 3248 1069 3302 plerique
1095 3251 1254 3303 putant
1284 3248 1394 3302 (vide
1423 3249 1544 3303 infra
1573 3249 1619 3291 in
1647 3249 1875 3304 Aspuryo),
1905 3250 1953 3292 in
1981 3250 2103 3294 titulo

382 3315 575 3370 Aspuryi
604 3314 688 3357 ibcl.
719 3329 761 3357 n.
792 3318 857 3366 36,
896 3317 970 3370 qui
998 3317 1154 3360 dieitur
1182 3319 1203 3361 ὁ
1234 3317 1279 3361 ἐκ
1311 3317 1504 3376 βασιλέως
1534 3315 1810 3374 Ἀσανδρόχου.
1847 3342 1894 3348 --
1929 3316 2107 3361 Nummi
2128 3339 2132 3343 -
