2202 3730
235 297 514 334 CORNELIVS
1090 291 1176 333 444
1748 298 2028 336 CORNELIVS

316 443 447 472 annos
476 427 737 470 consulatum
768 426 963 480 adeptum
992 439 1089 468 esse.
1149 427 1299 480 Itaque
1336 427 1604 469 statuendum
1644 429 1724 470 erit
1758 428 2030 472 Dolabellam

284 516 290 525 ·
317 511 395 540 cos.
429 512 467 538 a.
487 500 538 537 10
568 509 652 537 non
682 494 830 549 filiurn,
861 497 909 535 ut
932 493 1231 549 Dittenberyer
1259 494 1435 549 Ephein.
1468 510 1529 550 ep.
1553 500 1577 538 1
1598 510 1646 550 p.
1667 499 1752 539 254
1770 498 1930 550 posuit,
1960 497 2034 539 sed

314 568 500 619 nepotem
532 577 611 605 cos.
645 577 684 604 a.
714 566 792 604 710
821 582 875 596 =
906 566 959 604 44
990 576 1029 604 a.
1063 561 1107 605 G.
1137 563 1280 616 fuisse.
1314 589 1364 594 —
1397 563 1601 606 Fortasse
1631 564 1689 606 acl
1715 564 1825 607 hunc
1845 565 2032 619 pertinet

317 637 344 675 t.
374 632 478 675 GIA
498 632 586 674 III
598 633 692 673 591.
734 629 854 683 Quod
872 631 911 671 si
929 633 1037 672 recte
1057 632 1236 685 ponitur
1255 630 1486 673 Dolabella
1505 631 1736 674 Plutarchi
1753 633 1839 686 fuit
1859 633 1907 674 P.
1930 631 2034 674 Cor-

314 700 452 742 nelius
482 700 529 742 P.
560 698 589 741 f.
620 697 849 740 Dolabella
879 704 1063 754 praetor.

232 770 340 811 1090
372 774 448 809 CN.
472 773 751 808 CORNELIVS
774 772 1089 809 DOLABELLA.
1126 766 1204 809 Cn.
1228 766 1456 810 Dolabella
1477 768 1646 811 Sueton.
1671 768 1815 811 Galba
1835 771 1902 818 12,
1928 767 2031 810 Cor-

314 836 453 878 nelius
483 834 712 877 Dolabella
746 835 843 878 Tac.
873 834 911 878 h.
942 839 980 885 1,
1014 838 1081 886 88,
1114 834 1342 877 Dolabella
1373 836 1471 878 Tac.
1498 836 1538 879 h.
1560 840 1602 891 2,
1626 840 1690 881 63.
1714 840 1778 889 64,
1810 835 2030 878 Plutarch.

313 904 458 946 Galba
486 907 558 954 23,
598 903 704 946 Otho
733 905 772 945 5.

400 972 543 1015 Filius
571 975 619 1013 ut
647 971 812 1013 videtur
842 971 892 1016 P.
915 970 1168 1014 Dolabellae
1199 985 1278 1016 003.
1302 987 1340 1017 a.
1364 977 1426 1015 10.
1489 974 1625 1016 Erant
1654 975 1729 1030 qui
1760 973 2034 1031 adoptionem

316 1041 407 1082 eius
422 1039 588 1082 Galbae
609 1039 839 1081 suaderent
854 1039 1078 1083 Plutarch.
1099 1039 1243 1082 Galba
1258 1044 1335 1092 23,·
1356 1041 1523 1085 Galbae
1540 1042 1790 1099 imperatori
1808 1047 2032 1098 suspectus

317 1108 489 1151 Sueton.
523 1108 548 1150 l.
582 1107 608 1150 l.
669 1107 739 1149 Ab
772 1107 943 1150 Othone
985 1109 1245 1166 imperatore
1286 1124 1323 1152 a.
1356 1109 1416 1151 69*
1449 1110 1492 1151 in
1533 1110 1745 1153 coloniam
1774 1110 2036 1166 Aquinatem

316 1177 525 1233 sepositus
564 1175 730 1218 nullum
772 1175 827 1218 ob
867 1177 1051 1230 crimen,
1098 1176 1173 1218 sed
1215 1184 1386 1219 vetusto
1426 1179 1599 1221 nomine
1638 1185 1680 1221 et
1714 1179 2037 1236 propinquitate

310 1244 482 1288 Galbae
521 1251 783 1286 monstratus
820 1245 918 1288 Tac.
950 1244 989 1286 h.
1021 1248 1068 1295 1,
1102 1247 1168 1295 88,
1209 1245 1432 1290 Plutarch.
1473 1246 1580 1290 Otho
1609 1250 1648 1291 5.
1718 1248 1822 1289 Post
1858 1253 2036 1289 mortem

316 1313 498 1355 Othonis
520 1314 701 1355 Romam
722 1327 921 1355 reversus
942 1313 1062 1354 iussu
1082 1312 1246 1355 Vitellii
1278 1314 1550 1357 Interamnae
1579 1316 1746 1357 occisus
1777 1322 1842 1358 est
1873 1316 1971 1358 Tac.
1993 1315 2034 1358 h.

313 1386 357 1433 2,
378 1385 530 1425 63-64.
552 1405 609 1412 --
630 1381 835 1423 Petronia
855 1380 908 1423 A.
930 1379 1107 1435 Vitellii,
1138 1381 1237 1423 dein
1260 1381 1511 1424 Dolabellae
1542 1397 1654 1425 uxor
1673 1383 1758 1426 ibol.
1780 1386 1845 1426 64.
1890 1383 2036 1426 Filius

315 1464 457 1494 eorum
487 1453 547 1492 est
573 1448 666 1492 Ser.
695 1448 912 1492 Cornelius
941 1448 1172 1491 Dolabella
1198 1449 1482 1493 Petronianus
1511 1465 1553 1493 n.
1575 1454 1694 1495 1096.

233 1521 339 1563 1091
372 1526 414 1560 P.
437 1523 716 1560 CORNELIVS
738 1523 1056 1572 DOLABELLA,
1089 1518 1138 1562 P.
1170 1517 1212 1573 f.‚
1245 1525 1419 1574 praetor
1441 1518 1543 1562 ΟΙΑ
1565 1520 1654 1562 ΙΙΙ
1665 1522 1762 1563 591>
1779 1520 1832 1574 cf.
1855 1534 1896 1563 n.
1913 1523 2033 1563 1089.

234 1588 343 1630 1092
373 1593 413 1630 P.
437 1592 715 1628 CORNELIVS
737 1591 1053 1639 DOLABELLA,
1088 1586 1237 1628 consul
1263 1602 1300 1632 a.
1325 1588 1378 1629 10
1397 1602 1437 1643 p.
1462 1587 1511 1631 C.
1536 1603 1631 1630 eum
1654 1587 1702 1632 C.
1725 1589 1849 1630 Iunio
1874 1588 2033 1632 Silano.

323 1655 475 1698 Tituli:
504 1655 550 1696 in
571 1654 776 1709 leyatione
796 1654 973 1709 Illyrici
991 1655 1030 1696 ei
1050 1658 1287 1709 posuerunt
1310 1656 1504 1698 civitates
1526 1657 1758 1712 superioris
1790 1658 2037 1713 provinciae

317 1723 519 1779 Hillyrici
555 1725 582 1764 t.
612 1722 892 1777 Rayusanum
921 1723 1011 1765 III
1032 1726 1139 1765 1741
1170 1721 1242 1777 (1),
1278 1727 1534 1766 memoratur
1563 1725 1609 1766 in
1645 1727 1672 1766 t.
1701 1724 1919 1767 Iadestino
1949 1725 2038 1767 III

316 1795 429 1836 2908
444 1792 520 1847 (2),
537 1792 583 1834 in
598 1795 625 1834 t.
638 1791 883 1834 Dalmatico
899 1791 1042 1835 IIIS.
1057 1795 1166 1834 9967
1180 1792 1252 1848 (3),
1275 1793 1320 1834 in
1335 1793 1537 1835 miliariis
1552 1792 1811 1836 Dalmaticis
1824 1794 1912 1836 III
1913 1796 2035 1836 3198.

317 1865 428 1904 3199
449 1881 504 1895 =
527 1861 616 1903 ΙΙΙ
638 1861 685 1904 S.
716 1863 850 1903 10156
881 1860 952 1915 (4).
988 1863 1128 1903 10157
1155 1860 1229 1916 (5).

404 1929 580 1972 Nummi
599 1929 745 1983 oppidi
763 1929 914 1971 incerti
922 1929 1175 1983 provinciae
1189 1929 1371 1983 Africae
1391 1930 1425 1971 I
1417 1932 1439 1985 )
1461 1930 1507 1972 in
1529 1929 1706 1972 adversa
1725 1932 1852 1985 caput
1877 1930 2039 1973 Tiberii

319 1998 511 2041 exhibent
551 2011 643 2040 cum
680 1998 955 2052 inscriptione
996 1999 1040 2055 a)
1081 1997 1146 2039 Ti.
1180 1996 1280 2040 Cae.
1318 1997 1410 2039 divi
1446 1997 1559 2053 Aug.
1591 1998 1620 2040 f.
1651 1998 1766 2053 Aug.
1807 1999 2034 2054 imp....,

318 2067 365 2109 in
407 2080 555 2109 aversa
594 2066 850 2120 Permis(su)
881 2066 931 2108 P.
963 2065 1137 2108 Corneli
1167 2065 1422 2108 Dolabellae
1450 2081 1528 2122 pro
1557 2081 1641 2109 eos.
1674 2078 1709 2110 c.
1738 2079 1776 2109 P.
1808 2078 1893 2110 cAS.
1925 2080 1965 2110 D.
1996 2080 2034 2122 D,

319 2135 364 2177 in
391 2149 536 2189 campo
567 2146 600 2178 C.
622 2146 660 2176 P.
680 2147 705 2178 1.
731 2133 903 2188 Miller,
930 2133 1269 2188 Numisinatique
1296 2134 1345 2177 de
1372 2134 1601 2178 l’ancienne
1626 2135 1810 2189 Afrique
1829 2135 1891 2178 II
1895 2150 1942 2190 p.
1959 2127 2038 2178 156

319 2217 360 2248 n.
394 2206 486 2254 336,
526 2203 723 2245 Mionnet
753 2202 821 2245 VI
835 2217 882 2257 p.
903 2205 985 2245 584
1013 2215 1055 2244 n.
1075 2205 1150 2253 22,
1189 2202 1330 2245 Cohen
1358 2203 1393 2245 I
1397 2204 1413 2228 2
1451 2204 1643 2246 Tiberius
1671 2218 1714 2246 n.
1745 2207 1858 2256 220;
1897 2204 1938 2261 b)
1970 2205 2037 2247 Ti.

322 2271 422 2314 Cae.
459 2272 548 2313 divi
581 2270 695 2325 Aug.
731 2270 760 2312 f.
794 2269 906 2325 Aug.
943 2272 1043 2327 imp.
1081 2271 1191 2313 VIII
1227 2286 1311 2315 cos.
1347 2272 1459 2326 IIII,
1501 2272 1546 2314 in
1587 2286 1737 2315 aversa
1775 2273 1955 2315 Permis.
1988 2273 2036 2316 P.

321 2339 575 2382 Dolabellae
605 2354 682 2395 pro
714 2353 799 2382 COS.
831 2351 866 2382 c.
891 2351 928 2381 P.
954 2351 991 2381 G.
1019 2350 1103 2382 GAS.
1127 2353 1165 2382 D.
1187 2353 1213 2382 D
1243 2340 1290 2382 in
1320 2353 1467 2394 campo
1498 2351 1533 2383 c.
1559 2353 1596 2382 P.
1627 2354 1655 2382 1.
1687 2340 1850 2383 Muller
1873 2355 1914 2383 n.
1943 2343 2038 2391 335,

323 2409 521 2450 Mionnet
545 2422 585 2450 n.
607 2411 676 2458 23,
716 2406 856 2450 Cohen
884 2421 926 2449 n.
948 2410 1054 2459 219;
1093 2407 1130 2462 c)
1161 2407 1271 2450 idem
1305 2411 1427 2462 atque
1464 2422 1657 2450 numnius
1689 2409 1711 2451 b
1741 2409 1828 2451 nisi
1856 2409 1966 2463 quod
1992 2409 2039 2451 in

324 2490 473 2519 aversa
503 2476 666 2518 exhibet
695 2487 728 2519 c.
759 2489 795 2518 P.
828 2487 947 2518 GAvlo
976 2487 1062 2518 CAS.
1098 2476 1261 2518 Muller
1290 2490 1332 2518 n.
1362 2479 1455 2527 337,
1497 2477 1692 2519 Mionnet
1719 2491 1762 2520 n.
1793 2480 1862 2528 24,
1902 2477 2040 2520 Gohen

323 2559 364 2587 n.
386 2548 500 2596 221;
531 2544 572 2598 d)
596 2545 691 2586 itein
711 2544 862 2586 similis
882 2558 1050 2586 nummo
1073 2545 1110 2595 b,
1142 2545 1188 2586 in
1219 2558 1367 2587 aversa
1393 2545 1526 2587 aliani
1554 2545 1780 2600 iniayineni
1811 2548 1850 2587 et
1879 2545 2043 2588 litteras

326 2625 361 2655 c.
390 2625 428 2655 P.
461 2625 498 2655 G.
524 2624 609 2656 cAS.
637 2613 800 2655 exhibet
831 2612 995 2655 Muller
1021 2627 1062 2655 n.
1094 2615 1187 2663 338,
1221 2613 1418 2655 Mionnet
1445 2627 1487 2655 n.
1518 2615 1589 2664 25,
1626 2612 1766 2656 Oohen
1793 2627 1834 2656 n.
1866 2616 1952 2656 218
1980 2613 2044 2656 vel

325 2693 360 2724 c.
391 2693 427 2724 P.
460 2692 579 2724 GAVIO
611 2692 734 2724 CAscA
768 2681 930 2723 Muller
959 2695 1001 2724 n.
1035 2684 1128 2725 339.
1189 2680 1269 2735 ΙΙ)
1300 2681 1356 2723 In
1386 2681 1566 2724 adversa
1595 2684 1722 2736 caput
1744 2681 1883 2724 Drusi
1911 2685 1950 2724 et
1979 2682 2043 2724 in-

326 2750 593 2804 scriptionem
622 2750 766 2791 Druso
800 2749 975 2792 Caesari
1008 2749 1223 2800 exhibent,
1254 2750 1301 2791 in
1331 2763 1480 2792 aversa
1509 2750 1651 2794 Perm.
1679 2749 1935 2793 Dolabellae
1964 2765 2042 2806 pro

329 2833 413 2860 cos.
436 2829 471 2861 c.
491 2830 526 2860 P.
548 2830 585 2861 G.
608 2829 691 2861 CAS.
719 2817 881 2860 Muller
909 2831 951 2859 n.
972 2820 1066 2868 340,
1100 2817 1296 2860 Mionnet
1324 2831 1365 2859 n.
1388 2821 1459 2868 28,
1498 2817 1636 2861 Cohen
1657 2817 1828 2860 Drusus
1856 2832 1898 2861 n.
1919 2822 1984 2863 16.

413 2887 469 2929 In
509 2886 750 2928 consulatu:
791 2888 837 2928 P.
871 2885 1097 2928 Cornelius
1137 2884 1366 2927 Dolabella
1395 2886 1502 2939 fasti
1538 2886 1792 2940 Capitolini,
1829 2886 1918 2928 Dio
1956 2886 2043 2929 ind.

330 2955 357 2997 l.
377 2957 442 3005 56,
476 2955 543 2997 VI
557 2957 676 3005 1384,
710 2954 773 3009 [Ρ.
797 2953 1039 3009 Corn]elius
1062 2953 1293 2996 Dolabella
1321 2954 1428 3007 fasti
1446 2955 1545 2998 min.
1568 2954 1693 2997 XVI
1712 2954 1813 2997 CIL
1833 2955 1867 2997 I
1871 2954 1888 2978 ²
1899 2969 1949 3009 p.
1965 2958 2046 3007 72,-

330 3022 378 3064 Ρ.
399 3021 628 3064 Dolabella
647 3022 811 3064 halend.
833 3022 1052 3066 Praenest.
1075 3022 1130 3064 Ι2
1145 3036 1192 3076 p.
1209 3025 1306 3073 231,
1335 3021 1589 3073 Cassiodor„
1612 3026 1791 3065 ceterum
1817 3022 2046 3065 Dolabella

330 3091 448 3145 fasti.
474 3116 522 3121 —
543 3091 598 3133 In
616 3092 819 3132 nummis:
849 3091 897 3133 P.
921 3090 1148 3133 Cornelius
1178 3089 1409 3132 Dolabella
1429 3091 1506 3142 Ia,
1538 3091 1587 3135 P.
1610 3089 1838 3133 Dolabella
1866 3091 1901 3133 Ι
1905 3091 1942 3133 b.
1957 3090 2043 3142 ad,

331 3157 559 3201 Dolabella
574 3159 639 3201 ΙΙ.
656 3183 713 3188 —
729 3159 776 3200 P.
794 3158 1019 3201 Cornelius
1039 3157 1267 3201 Dolabella
1287 3161 1314 3202 t.
1336 3162 1374 3201 1.
1395 3162 1438 3202 2.
1458 3162 1497 3209 3,
1524 3159 1573 3201 P.
1590 3157 1819 3200 Dolabella
1838 3161 1866 3201 t.
1883 3162 1922 3201 4.
1937 3161 2046 3202 5.-

332 3227 380 3269 Ρ.
412 3226 641 3269 Dolabella
669 3227 753 3268 sive
784 3226 1009 3270 Cornelius
1038 3226 1266 3269 Dolabella
1301 3227 1483 3278 Tacitus,
1514 3225 1744 3269 Dolabella
1774 3226 1963 3270 Velleius.

421 3296 468 3337 P.
495 3294 523 3337 f.
550 3295 598 3337 P.
624 3310 666 3336 n.
692 3295 798 3348 fasti
824 3295 942 3349 Cap„
973 3296 1023 3338 P.
1050 3295 1078 3337 f.
1101 3294 1188 3337 Dio
1218 3294 1305 3336 incl.
1337 3294 1363 3337 l.
1393 3297 1458 3345 56,
1490 3295 1558 3337 VI
1570 3297 1678 3337 1384
1687 3307 1701 3346 ,·
1728 3307 1856 3348 nepos
1882 3295 2047 3337 violetur

333 3362 385 3406 P.
397 3362 647 3405 Dolabellae
662 3363 843 3405 consulis
859 3378 899 3406 a.
913 3367 993 3405 710
1004 3383 1058 3398 =
1070 3366 1123 3406 44
1139 3363 1194 3416 cf.
1209 3377 1252 3404 n.
1269 3365 1385 3406 1089.
1403 3388 1452 3392 -
1466 3362 1629 3405 Consul
1646 3366 1674 3405 t.
1690 3367 1723 3413 1,
1741 3377 1853 3405 anno
1873 3363 1926 3405 10
1941 3378 1981 3418 p.
1995 3362 2044 3405 O.
