2202 3730
274 275 479 311 cAEslvs
932 259 935 262 ⁴
1129 265 1210 306 268
1864 270 2070 306 oAEsws

447 402 494 445 C.
517 402 559 456 f.,
592 401 708 443 tribu
740 399 923 443 Claudia
949 402 977 441 t.
998 402 1036 450 1,
1069 400 1311 456 praefectus
1343 400 1530 442 cohortis
1560 400 1773 443 secundae
1803 399 1939 455 (addit
1967 404 1996 445 t.
2024 402 2072 456 2)

359 472 651 526 Hispanorum
684 468 898 523 equitatae
922 470 951 509 t.
972 470 1011 509 1.
1032 471 1075 518 2,
1108 482 1219 509 anno
1246 469 1302 510 60
1333 471 1360 510 t.
1381 472 1424 519 2,
1457 468 1655 510 tribunus
1676 467 1873 523 militum,
1905 471 2073 523 (postea

357 540 402 580 in
433 538 617 579 ordinem
646 536 950 590 amplissimum
976 536 1162 578 adlectus
1181 536 1467 590 probabiliter
1496 551 1524 578 a
1553 537 1839 594 Vespasiano),
1872 543 2073 593 quaestor

359 621 434 661 pro
467 621 530 660 pr.
562 605 689 646 Ponti
733 610 775 646 et
804 604 1050 659 Bithyniae,
1093 604 1242 646 aedilis
1284 604 1422 661 plebis
1453 604 1646 659 Cerialis,
1688 611 1872 661 praetor,
1904 604 2072 660 legatus

357 688 432 729 pro
464 688 527 729 pr.
562 673 814 728 provinciae
845 671 1083 715 Sardiniae.
1119 697 1166 702 -
1199 672 1403 715 Diversus
1433 675 1493 715 est
1523 672 1571 716 C.
1604 672 1782 715 Caesius
1811 672 1931 729 Aper
1959 686 2070 727 mag.

359 742 444 783 vic.
475 741 555 783 XI
577 743 696 791 6013,
728 740 827 782 item
858 740 970 782 alius
990 740 1040 783 C.
1063 740 1239 783 Caesius
1271 740 1390 797 Aper
1420 741 1623 782 Mestriae
1654 741 1950 795 Saturnin(a)e
1982 742 2073 782 sive

359 809 589 863 Marci(a)e
611 812 638 850 t.
652 809 799 862 posuit
818 808 898 850 XI
911 811 1036 852 6021.
1082 809 1167 861 Qui
1195 809 1310 850 tituli
1336 822 1428 851 euni
1458 812 1498 851 et
1518 809 1604 863 ipsi
1623 809 1783 851 Sestini
1800 810 1958 863 reperti
1975 809 2071 859 sint,

360 878 423 918 ibi
449 877 695 919 Cassiorum
723 876 942 930 Aprorum
971 876 1186 929 familiam
1214 876 1408 929 floruisse
1438 876 1594 920 docent.

279 946 359 988 149
392 945 571 988 Caesius
602 946 784 999 Bassus,
826 945 990 986 amicus
1026 945 1162 986 Persii
1201 945 1290 987 vita
1326 945 1468 987 Persii
1496 945 1665 989 Sueten.
1696 945 1771 987 rel.
1802 944 1862 987 ed.
1893 945 2074 999 Reiffer-

357 1013 499 1055 scheid
521 1028 568 1068 p.
593 1016 656 1063 73,
690 1013 764 1068 qui
787 1012 841 1054 ad
863 1027 960 1055 eum
987 1013 1158 1068 scripsit
1179 1019 1369 1055 saturam
1391 1019 1578 1068 sextam3
1609 1019 1705 1070 post
1733 1019 1915 1055 mortem
1936 1014 2073 1055 Persii

361 1082 564 1124 Annaeus
596 1080 813 1123 Cornutus
844 1080 1002 1123 librum
1042 1081 1271 1123 satirarum
1310 1082 1443 1123 Basso
1474 1082 1657 1137 petenti,
1701 1088 1749 1123 ut
1778 1082 1860 1137 ipsi
1889 1081 2072 1136 cederet,

361 1150 538 1192 tradidit
569 1149 783 1192 edendum
804 1149 889 1191 ibd.
911 1164 960 1203 p.
984 1153 1047 1191 74.
1092 1149 1227 1191 Fama
1257 1156 1321 1191 est
1351 1164 1446 1192 eum
1478 1151 1520 1191 in
1552 1150 1740 1206 praediis
1770 1150 1858 1192 suis
1888 1144 2075 1205 positum

359 1219 536 1260 ardente
576 1225 719 1260 monte
758 1218 949 1260 Vesuvio
996 1224 1037 1259 et
1079 1217 1162 1260 late
1208 1217 1380 1273 ignibus
1425 1217 1673 1260 abundante
1718 1233 1814 1260 cum
1854 1217 1960 1260 villa
1998 1232 2075 1260 sua

359 1294 503 1329 ustum
542 1286 667 1331 schol.
710 1286 768 1328 ad
804 1286 922 1328 Pers.
957 1289 1037 1329 sat.
1069 1289 1106 1337 6,
1138 1290 1176 1328 1.
1238 1285 1379 1339 (Vnde
1418 1286 1592 1341 quidam
1629 1301 1778 1329 nomen
1816 1287 1904 1329 eius
1945 1286 2074 1328 latere

358 1356 447 1398 loeo
486 1358 681 1409 corrupto
721 1354 839 1397 Plin.
882 1355 999 1409 epist.
1032 1358 1069 1405 6,
1101 1358 1167 1405 16,
1197 1357 1225 1397 8
1265 1356 1471 1410 suspicati
1507 1358 1606 1397 sunt
1643 1356 1881 1397 coniectura
1914 1355 2075 1397 ineerta

358 1424 411 1477 ef.
441 1438 547 1478 quae
578 1424 797 1466 adnotavit
826 1423 958 1478 Keil.)
988 1448 1044 1454 -
1074 1423 1218 1466 Potest
1246 1423 1356 1466 idem
1392 1437 1476 1466 esse
1516 1424 1565 1467 C.
1597 1423 1781 1467 Caesius·
1809 1425 1970 1466 Bassus
2001 1424 2076 1480 qui

359 1507 511 1547 agrum
543 1491 755 1548 quendam
788 1492 833 1533 in
863 1492 1023 1534 finibus
1054 1491 1377 1534 Tiburtinorum
1408 1492 1666 1534 vendiderat
1694 1492 1774 1534 XI
1779 1492 1952 1536 V3471.

444 1561 579 1602 Poeta
607 1561 678 1604 vit.
710 1559 854 1602 Persii
871 1574 920 1614 p.
944 1563 1020 1611 73;
1052 1561 1208 1602 ‘iamne
1238 1559 1334 1616 lyra
1364 1566 1407 1602 et
1434 1562 1586 1602 tetrico
1617 1561 1772 1603 vivunt
1799 1560 1876 1602 tibi
1907 1560 2076 1616 pectine

360 1628 558 1682 chordae,
589 1628 698 1670 mire
729 1627 873 1684 opifex
904 1629 1093 1670 numeris
1114 1634 1309 1670 veterum
1330 1629 1566 1684 primordia
1586 1643 1741 1671 vocum
1766 1635 1895 1685 atque
1913 1642 2076 1671 marem

359 1699 583 1753 strepitum
615 1696 712 1738 fidis
743 1696 976 1738 intendisse
1004 1696 1174 1751 latinae,
1208 1711 1307 1738 mox
1332 1698 1511 1739 iuvenes
1539 1698 1703 1752 agitare
1724 1698 1840 1739 iocos
1861 1703 1903 1739 et
1924 1696 2077 1753 pollice

361 1765 538 1807 honesto
570 1765 771 1819 egregius
801 1764 952 1806 lusisse
982 1771 1129 1806 senex‘
1165 1765 1339 1807 Persius
1368 1768 1447 1809 sat.
1478 1768 1515 1815 6,
1545 1768 1650 1809 2—6.
1703 1765 1749 1808 Si
1780 1766 1875 1821 quis
1905 1765 2076 1807 adicere

360 1833 469 1875 velis
495 1833 601 1888 (scil.
623 1832 838 1883 Horatio),
871 1833 906 1874 is
938 1833 1019 1874 erit
1045 1833 1223 1875 Caesius
1247 1834 1415 1886 Bassus,
1447 1848 1576 1889 quem
1607 1848 1744 1890 nuper
1769 1833 1970 1889 vidimus,
2002 1833 2076 1875 sed

361 1917 457 1944 cum
488 1902 615 1956 longe
645 1901 910 1957 praecedunt
930 1902 1104 1955 ingenia
1125 1902 1363 1943 viventium
1390 1902 1639 1958 Quintilian,
1661 1905 1727 1952 10,
1749 1905 1788 1952 1,
1810 1905 1876 1944 96.
1915 1902 2076 1944 Bassus

359 1971 403 2012 in
434 1971 477 2012 II
507 1969 743 2025 lyricorum
775 1970 933 2011 citatur
964 1969 1174 2013 Priscian.
1204 1969 1391 2013 Gramm.
1421 1970 1520 2012 Lat.
1542 1970 1603 2012 II
1616 1985 1664 2024 p.
1684 1972 1783 2020 527,
1804 1973 1870 2012 16.

445 2039 564 2080 Ideni
593 2039 682 2080 sine
713 2038 840 2079 dubio
870 2041 930 2079 est
960 2037 1138 2080 Caesius
1178 2038 1338 2079 Bassus
1379 2039 1422 2079 in
1463 2037 1572 2080 libro
1604 2038 1658 2080 de
1695 2038 1844 2080 metris
1875 2037 2075 2080 Victorin.

363 2107 552 2149 Gramm.
575 2107 672 2148 Lat.
701 2106 768 2148 VI
782 2121 829 2160 p.
850 2109 950 2156 209,
974 2109 1027 2147 10
1058 2105 1129 2158 (=
1149 2106 1263 2150 Aud.
1286 2107 1487 2161 Exeerpt.
1521 2106 1616 2149 VII
1630 2121 1678 2161 p.
1698 2109 1792 2157 337,
1812 2108 1885 2163 2),·
1913 2098 2094 2150 Bassus

360 2175 413 2216 ad
435 2175 651 2217 Neronem
674 2174 728 2216 de
749 2174 900 2216 iambis
921 2174 1104 2229 Rufinus
1126 2174 1246 2229 VIp.
1259 2178 1357 2225 209,
1374 2178 1451 2226 10,·
1472 2175 1629 2216 citatur
1649 2181 1872 2231 praeterea
1892 2176 2076 2231 scriptor

360 2244 421 2284 rei
464 2244 667 2285 metricae
707 2257 734 2284 a
772 2242 976 2285 Diomede
1005 2243 1039 2285 I
1062 2257 1110 2296 p.
1139 2245 1233 2293 513,
1265 2246 1329 2293 16,
1367 2243 1617 2285 Terentiano
1658 2243 1726 2285 VI
1746 2258 1795 2297 p.
1825 2245 1918 2294 395,
1949 2244 2073 2294 2358,

359 2311 518 2366 Rufino
549 2311 617 2353 VI
630 2326 678 2365 10.
699 2313 791 2361 565,
812 2314 851 2355 3.
908 2311 1129 2353 Tribuitur
1159 2311 1199 2353 ei
1230 2325 1258 2353 a
1285 2312 1586 2354 recentioribus
1617 2311 1724 2353 liber
1753 2311 1802 2354 de
1830 2312 1975 2354 metris
2003 2311 2078 2366 qui

359 2382 474 2421 extat
501 2378 690 2421 Grannn.
723 2379 821 2420 Lat.
855 2378 922 2421 VI
936 2393 984 2432 p.
1006 2381 1091 2422 255
1109 2392 1194 2433 sqq.
1224 2379 1278 2433 cf.
1301 2379 1405 2422 Keil
1432 2379 1518 2422 ibd.
1542 2394 1589 2434 p.
1612 2382 1715 2422 252.

278 2449 357 2490 150
390 2453 594 2488 CAESIVS
627 2452 832 2501 CORDVS,
864 2447 1094 2503 proconsul
1117 2447 1272 2490 Cretae
1296 2447 1633 2503 repetundarum
1663 2447 1810 2489 addito
1840 2447 2074 2490 maiestatis

360 2516 536 2557 crimine
576 2530 615 2556 a.
644 2516 695 2557 21
734 2514 788 2557 ab
819 2514 1038 2557 Anchario
1079 2516 1229 2558 Prisco
1270 2515 1531 2572 postulatus,
1573 2530 1610 2557 a.
1642 2517 1696 2558 22
1737 2515 2074 2571 repetundarum

360 2584 586 2625 damnatus
618 2589 681 2625 est
715 2583 812 2627 Tac.
838 2598 877 2625 a.
898 2587 938 2634 3,
959 2586 1026 2626 38.
1055 2587 1119 2626 70.

287 2677 344 2681 —-
388 2658 451 2693 TI.
484 2658 658 2693 CATIVS
691 2658 896 2694 CAESIVS
928 2658 1142 2695 FRONTO.

277 2720 353 2762 151
387 2727 433 2761 A.
457 2726 662 2761 CAESIVS
685 2726 892 2775 GALLVS,
923 2720 1074 2762 aedilis
1097 2719 1232 2776 plebis
1254 2719 1447 2774 Cerialis,
1474 2725 1658 2776 praetor,
1683 2719 1840 2761 flamen
1858 2718 2074 2774 Augusta-

359 2786 424 2841 lis,
457 2794 662 2843 patronus
694 2787 886 2829 coloniae
928 2788 1149 2843 (incertum
1179 2788 1314 2842 cuius)
1344 2787 1469 2831 XIV
1487 2790 1598 2830 3590
1637 2786 1806 2837 titulus,
1848 2787 1918 2828 cui
1956 2787 2074 2841 om‘yo

366 2856 591 2897 Tiburtina
619 2856 730 2909 falso
762 2856 980 2910 adscripta
1010 2870 1095 2899 esse
1124 2856 1287 2898 videtur
1323 2857 1376 2911 cf.
1408 2870 1512 2910 quae
1543 2855 1762 2897 adnotavit
1789 2854 1958 2897 Dessau
1987 2854 2015 2897 l.
2045 2853 2072 2897 l.

288 2948 345 2953 ———
389 2923 436 2966 C.
469 2923 677 2966 Octavius
705 2924 877 2966 Pudens
909 2924 1088 2967 Caesius
1119 2925 1382 2967 Honoratus.

281 2993 357 3034 152
390 2991 566 3034 Caesius
597 2992 793 3046 Longus,
837 2994 1014 3034 maritus
1051 2993 1245 3035 Liciniae
1274 2992 1342 3035 VI
1363 2995 1474 3035 1442
1503 2995 1531 3034 t.
1562 2991 1754 3042 mutilus,
1790 2991 1866 3033 ubi
1902 2991 2074 3034 dubium

360 3062 419 3101 est
453 3073 508 3101 an
538 3060 668 3112 fueret
697 3061 742 3102 in
772 3060 913 3114 lapide
942 3061 1153 3116 10NG1[N1].

280 3128 359 3169 153
390 3126 443 3179 Q.
476 3126 655 3169 Caesius
696 3128 915 3170 Macrinus
955 3129 1056 3171 fana
1094 3129 1149 3171 ab
1180 3128 1228 3173 C.
1264 3128 1392 3171 Vibio
1422 3128 1540 3172 Varo
1579 3134 1701 3184 patre
1741 3126 1938 3169 inchoata
1977 3142 2071 3184 per·
2138 3161 2155 3195 ⁴.

359 3195 462 3236 fecit
492 3202 533 3237 et
562 3195 778 3237 dedicavit
807 3197 993 3251 Roviyni
1017 3197 1163 3240 V308.
1193 3200 1288 3240 309.

281 3263 362 3305 154
390 3269 435 3304 L.
467 3269 670 3305 CAESIVS
702 3270 988 3320 MARTIALIS,
1029 3263 1177 3307 consul
1217 3265 1439 3319 (suffectus
1479 3264 1666 3307 secundo
1705 3215 1917 3317 semestri)
1948 3278 1985 3306 a.
2017 3263 2071 3306 57

360 3345 455 3371 cum
485 3330 658 3372 Nerone
687 3332 743 3375 II.
791 3330 1039 3374 Consulatus
1068 3335 1324 3375 memoratur
1351 3333 1398 3375 in
1428 3332 1584 3376 tabulis
1619 3333 1773 3374 ceratis
1802 3331 2073 3385 Pompeianis
