2202 3730
81 301 332 339 AVRELIVS
940 298 1029 340 215·
1637 303 1886 341 AVRELIVS

167 439 375 489 patronus
414 431 625 484 (coloniae
662 432 800 475 Iuliae
839 431 1042 488 Neapolis
1081 432 1258 475 Africae
1294 432 1631 490 proconsularis)
1662 433 1786 477 VIII
1806 436 1887 477 971

167 504 196 544 t.
228 500 552 555 Neapolitanus.

85 570 194 611 1303
225 576 326 613 IMP.
349 575 488 611 CAEs.
514 576 567 611 M.
590 575 839 612 AVRELIVS
867 577 1090 612 SEVERVS
1112 577 1425 613 ALEXANDER
1444 578 1557 614 Ave.
1585 570 1723 614 Filius
1745 571 1888 615 Gessii

166 637 378 679 Marciani
408 638 700 693 procuratoris
731 652 787 680 ex
814 638 921 680 urbe
941 638 1059 680 Arca
1079 639 1250 681 oriundi
1271 645 1314 681 et
1332 639 1469 682 Iuliae
1489 640 1722 693 Mamaeae,
1754 651 1888 694 nepos

167 721 245 762 per
273 712 454 747 matrem
484 705 584 747 Iulii
614 705 736 747 Aviti
766 713 808 748 et
837 706 975 749 Iuliae
1004 707 1198 761 Maesae,
1232 707 1513 750 consobrinus
1542 706 1769 763 Elagabali
1799 706 1888 749 Dio

168 777 234 824 78,
255 777 324 824 30,
356 773 591 816 Herodian.
610 776 650 824 5,
670 776 709 824 3,
731 777 758 815 3
788 774 843 827 cf.
873 777 1047 817 stemma
1078 789 1210 830 supra
1230 791 1278 830 p.
1304 781 1398 820 196.
1450 776 1573 819 Male
1601 777 1725 819 Varii
1756 774 1883 828 filius,

166 842 327 885 Variae
347 856 480 898 nepos
500 843 589 884 vita
608 846 645 892 1,
666 845 699 885 2
728 843 781 896 cf.
813 844 885 886 vit.
908 843 1106 886 Macrini
1134 847 1184 886 8.·
1215 845 1363 887 Maesa
1392 847 1483 887 sive
1514 845 1661 888 Varia.
1718 843 1885 899 Cogno-

167 925 266 952 men
296 911 335 952 ei
366 911 450 953 fuit
478 911 714 952 Bassianus
744 910 832 953 Dio
863 914 928 962 78,
961 915 1040 963 30;
1080 916 1145 963 79,
1177 916 1243 963 17,
1277 911 1488 960 Ἀλεξιανός
1518 912 1752 956 Herodian.
1786 913 1812 956 l.
1845 912 1885 962 l.,

167 978 400 1021 Marcellus
429 979 628 1032 Epitome
653 981 724 1029 23,
755 982 782 1021 ,4.
811 980 866 1032 cf.
897 980 1018 1033 infra
1048 980 1147 1022 adn.

251 1047 391 1089 Natus
421 1053 486 1088 est
517 1046 604 1089 kal.
626 1046 892 1089 Octobribus
922 1048 1030 1101 fasti
1048 1048 1266 1091 Philocali
1287 1049 1322 1091 I
1326 1050 1342 1074 2
1364 1064 1413 1103 p.
1435 1053 1546 1100 274;
1577 1049 1625 1091 de
1658 1063 1770 1091 anno
1799 1062 1885 1091 non

166 1118 341 1164 constat,
373 1128 466 1156 eum
497 1114 614 1168 apud
636 1114 931 1157 Herodianum
961 1115 987 1158 l.
1020 1116 1047 1158 l.
1080 1131 1119 1158 a.
1150 1119 1237 1159 218
1268 1117 1435 1159 dicatur
1466 1120 1630 1160 δεκάτου
1663 1117 1776 1164 ἔτους
1810 1117 1889 1159 ἐπι-

167 1184 349 1242 βεβηκώς
387 1182 512 1238 (unde
548 1196 686 1224 annus
713 1183 875 1225 natalis
903 1187 991 1226 208
1025 1185 1240 1239 efficitur),
1279 1189 1427 1227 contra
1455 1187 1544 1228 υἱέα
1574 1189 1639 1236 60,
1671 1189 1697 1228 1
1727 1186 1889 1227 vixisse

166 1252 292 1293 annis
307 1251 534 1294 XXVIIII
553 1250 772 1293 mensibus
794 1251 862 1293 III
877 1251 1033 1294 diebus
1049 1253 1148 1306 VH,
1166 1253 1275 1295 unde
1298 1267 1338 1295 a.
1350 1257 1436 1296 206
1442 1267 1455 1304 ;
1475 1253 1548 1296 sed
1565 1253 1703 1307 falsus
1724 1254 1890 1296 omnino

164 1321 368 1362 mensium
401 1332 601 1362 numerus
638 1322 787 1370 monet,
827 1333 880 1362 ne
909 1320 1085 1362 nimium·
1115 1335 1323 1363 annorum
1352 1336 1523 1364 numero
1554 1322 1804 1364 tribuamus
1836 1347 1888 1352 ——

168 1388 337 1430 Eodem
376 1387 447 1430 die
486 1394 635 1442 natus,
678 1402 764 1444 quo
802 1387 1056 1430 Alexander
1096 1389 1276 1446 Macedo
1321 1396 1516 1432 mortuus
1558 1397 1623 1432 est
1655 1391 1745 1432 vita
1772 1393 1811 1440 5,
1842 1394 1891 1441 1;

166 1460 231 1508 13,
262 1460 313 1509 1,·
343 1460 389 1499 at
417 1456 464 1499 id
491 1470 584 1498 cum
611 1457 825 1510 referatur
853 1457 900 1498 in
930 1458 1138 1499 ominibus
1164 1459 1346 1513 imperii,
1378 1458 1504 1513 fldem
1532 1460 1604 1501 vim
1632 1462 1828 1501 meretur.

251 1526 391 1568 Natus
431 1531 495 1567 est
528 1524 646 1581 apud
674 1524 834 1567 Arcam
865 1524 1122 1567 Caesaream
1152 1527 1241 1568 vita
1266 1530 1305 1577 5,
1337 1530 1386 1578 1,·
1424 1530 1490 1577 13,
1519 1530 1558 1577 5,
1602 1527 1743 1569 Victor
1769 1526 1889 1569 Caes.

165 1597 236 1646 24,
266 1598 317 1646 1,-
355 1609 382 1636 a
419 1601 558 1636 matre
588 1600 631 1636 et
659 1594 761 1636 avia
792 1593 1018 1648 educatus,
1056 1595 1256 1637 sacerdos
1292 1595 1362 1637 dei
1403 1595 1628 1650 Elagabali
1659 1595 1891 1637 Hemeseni

167 1662 402 1706 Herodian.
447 1662 474 1704 l.
520 1662 547 1705 l.
636 1663 873 1718 Postquam
922 1662 1205 1705 consobrinus
1252 1663 1364 1705 filius
1415 1663 1626 1706 Caracalli
1675 1663 1893 1719 perhiberi

167 1737 343 1788 coeptus
374 1732 604 1787 imperium
633 1731 829 1787 arripuit,
862 1731 1097 1773 Bassianus
1129 1738 1172 1774 et
1201 1732 1293 1787 ipse
1323 1732 1379 1774 ab
1410 1731 1560 1774 eodem
1591 1747 1646 1774 ex
1670 1731 1893 1774 Mamaeae

166 1806 314 1856 stupro
349 1800 520 1854 genitus
561 1814 654 1841 esse
683 1814 710 1842 a
739 1799 887 1841 Maesa
924 1800 1102 1856 eiusque
1140 1799 1239 1841 filiis
1275 1800 1436 1842 dicitur
1465 1800 1701 1843 Herodian.
1730 1802 1770 1850 5,
1798 1803 1836 1851 7,
1865 1803 1894 1842 3

166 1869 221 1922 cf.
251 1867 340 1911 Dio
371 1870 434 1918 79,
466 1870 519 1910 19
551 1870 655 1910 eatr.
716 1868 768 1909 In
807 1868 947 1924 prima
980 1869 1167 1924 pueritia
1196 1868 1457 1911 litteratores
1487 1868 1640 1911 habuit
1670 1867 1892 1910 Valerium

167 1935 359 1979 Cordum
391 1941 433 1977 et
461 1935 512 1977 T.
534 1935 766 1977 Veturium
796 1941 837 1978 et
862 1934 1091 1978 Aurelium
1119 1935 1374 1993 Philippum
1404 1936 1606 1979 libertum
1636 1937 1785 1992 patris,
1817 1937 1889 1992 qui

92 2016 104 2019 '
166 2005 301 2046 vitam
332 2005 423 2046 eius
453 2011 602 2060 postea
631 2004 676 2045 in
707 2003 871 2046 litteras
900 2005 1037 2059 misit,
1079 2007 1410 2059 grammaticum
1441 2006 1485 2046 in
1516 2006 1658 2061 patria
1686 2018 1891 2060 graecum

164 2073 388 2115 Nehonem
399 2072 472 2127 (P),
513 2072 727 2114 rhetorem
768 2072 1069 2128 Serapionem,
1116 2073 1418 2130 philosophum
1449 2073 1697 2128 Stilionem,
1730 2074 1890 2115 Romae

166 2142 468 2196 grammaticos
498 2140 758 2184 Scaurinum
789 2141 988 2184 Scaurini
1015 2141 1152 2183 filium
1173 2142 1394 2184 doctorem
1424 2141 1762 2196 celeberrimum,
1795 2140 1889 2183 rhe-

167 2217 280 2252 tores
300 2209 460 2252 Iulium
480 2210 738 2251 Frontinum
768 2215 811 2251 et
835 2209 1046 2252 Baebium
1066 2210 1338 2252 Macrianum
1368 2217 1411 2252 et
1439 2209 1599 2252 Iulium
1621 2210 1887 2254 Granianum

164 2280 254 2321 vita
281 2281 320 2320 3.

251 2346 305 2390 Α.
327 2347 408 2389 221
432 2344 611 2387 consilio
632 2345 806 2387 Maesae
826 2345 1090 2400 Elagabalus
1111 2347 1155 2387 in
1182 2353 1333 2388 senatu
1357 2360 1454 2388 eum
1476 2346 1709 2402 adoptavit,
1732 2361 1888 2388 nomen

167 2413 408 2457 Alexandri
449 2415 487 2455 ei
527 2412 705 2466 indidit,
738 2412 968 2456 Caesarem
997 2415 1285 2470 nuncupavit,
1318 2422 1557 2457 consortem
1589 2414 1756 2471 imperii
1787 2414 1889 2456 fecit

163 2482 252 2526 Dio
275 2486 339 2533 79,
356 2486 423 2533 17,
445 2481 680 2524 Herodian.
696 2484 735 2531 5,
755 2485 792 2523 7.
830 2482 946 2534 Quae
975 2483 1097 2535 facta
1126 2495 1211 2524 esse
1240 2496 1376 2525 mense
1401 2483 1516 2525 Iulio
1547 2484 1712 2525 ineunte
1743 2482 1889 2524 docent

164 2552 271 2606 fasti
299 2551 612 2606 cooptationum
641 2550 851 2592 sodalium
874 2550 1267 2593 Antoninianorum
1298 2550 1366 2593 VI
1378 2554 1506 2601 2001,
1538 2551 1611 2604 qui
1640 2552 1890 2604 cooptarunt

165 2634 205 2664 a.
235 2623 318 2662 973
347 2619 490 2675 (aerae
518 2618 787 2673 Capitolinae
817 2639 872 2652 ==
901 2621 1007 2675 221)
1040 2619 1104 2661 VI
1134 2618 1189 2660 id.
1220 2618 1299 2661 Iul.
1329 2634 1383 2660 ex
1414 2619 1624 2673 s(enatus)
1656 2618 1886 2672 c(0nsult0)

169 2688 244 2743 [M.
264 2686 508 2742 Aureliu]m
532 2686 831 2742 [Antoninu]m
853 2685 1167 2729 nobilissimum
1188 2686 1312 2729 Caes.
1329 2687 1498 2743 imperii
1525 2720 1535 2729 .
1558 2720 1567 2729 .
1587 2720 1596 2729 .
1615 2720 1624 2729 .
1654 2686 1885 2742 [heredem]

164 2755 372 2810 supplevit
409 2755 640 2810 Boryhesi,
681 2755 951 2810 [consortem]
994 2755 1252 2806 Mommsen;
1290 2755 1378 2798 dies
1410 2756 1640 2809 cooptionis
1670 2756 1806 2809 periit
1842 2756 1888 2797 in

163 2824 291 2877 fastis
318 2824 582 2866 sacerdotum
611 2824 659 2865 in
690 2823 791 2865 aede
819 2822 934 2865 Iovis
964 2823 1302 2878 Propuynatoris
1331 2824 1645 2866 consistentium
1675 2823 1743 2866 VI
1759 2826 1885 2867 2009.

170 2892 346 2947 Tempus
375 2892 598 2947 confirmat
626 2905 820 2933 nummus
843 2891 986 2934 Areae
1021 2891 1255 2934 Caesareae
1278 2892 1438 2934 Eckhel
1458 2892 1547 2934 III
1559 2907 1607 2946 p.
1625 2895 1706 2934 361
1735 2893 1781 2933 in
1812 2891 1886 2934 ad-

164 2974 285 3004 versa
313 2961 542 3015 inscriptus
573 2959 671 3017 Aop.
705 2959 950 3017 Αλεξανὸρος
980 2959 1155 3015 Caisar,
1195 2961 1241 3002 in
1282 2974 1432 3002 aversa
1464 2961 1668 3002 Kaisaria
1698 2958 1810 3002 ΒΛΦ
1842 2959 1889 3001 id

165 3033 226 3073 est
253 3044 292 3072 a.
311 3032 398 3073 532
422 3044 548 3072 aerae
570 3029 888 3072 Seleucidarum
910 3049 964 3063 -—-
985 3029 1024 3071 d.
1046 3032 1072 3070 1
1092 3043 1144 3071 m.
1173 3029 1263 3072 Oct.
1285 3044 1325 3071 a.
1347 3029 1554 3072 2201221.
1599 3029 1659 3070 Μ.
1682 3027 1886 3070 Aurelius

163 3097 413 3140 Alexander
432 3099 479 3140 in
497 3098 678 3140 nummis
695 3097 834 3140 Cohen
854 3098 888 3139 I
892 3097 952 3139 V2
968 3097 1215 3139 Alexander
1233 3112 1273 3142 n.
1294 3100 1357 3140 65.
1377 3100 1468 3140 198.
1490 3101 1582 3147 199,
1604 3097 1663 3139 Μ.
1680 3095 1885 3139 Aurelius

163 3165 416 3209 Alexander
436 3166 730 3209 nobilissimus
752 3165 912 3208 Caesar
934 3165 1002 3207 VI
1012 3168 1110 3216 323,
1132 3166 1231 3222 imp.
1256 3165 1378 3209 Caes.
1399 3165 1460 3208 M.
1476 3164 1659 3220 Au[rell.
1676 3164 1885 3207 Antonini

165 3234 208 3289 f.,
231 3234 322 3276 divi
341 3233 564 3289 Antonini]
586 3234 735 3288 Magni
757 3248 903 3289 nepos,
928 3233 1033 3288 [divi
1055 3233 1205 3276 Severi
1227 3234 1293 3276 Pii
1314 3249 1541 3291 pronepos,
1564 3234 1624 3275 M.
1645 3231 1885 3287 Aurelliu]s

164 3301 444 3357 Alex[ander]
484 3335 493 3344 .
510 3335 519 3344 .
538 3335 547 3344 .
567 3335 576 3344 .
617 3302 705 3344 III
729 3302 774 3345 S.
814 3301 915 3355 dipl.
945 3301 1033 3345 mil.
1065 3301 1293 3344 LXXXV
1312 3302 1424 3345 unde
1460 3301 1756 3344 Alcccandrum
1794 3301 1887 3342 vivo

162 3370 209 3414 E
214 3370 413 3426 layabalo
442 3370 681 3426 Auyustum
719 3372 1007 3424 nuncupatum
1044 3383 1130 3412 esse
1163 3370 1286 3413 multi
1313 3370 1425 3424 falso
1455 3370 1707 3425 colleqerunt
1737 3372 1883 3411 contra
