2202 3730
58 272 127 308 AN
130 272 220 308 NIA
927 266 981 310 77
1707 273 1776 309 AN
1779 274 1867 309 NIA

55 414 62 420 ·
88 414 96 419 ⁴
141 404 481 458 itaque'mortua
510 406 571 445 est
599 404 717 446 intra
746 418 798 448 m.
820 403 1094 447 Decembrem
1122 418 1161 446 a.
1183 407 1264 446 140
1295 406 1334 446 et
1362 417 1416 445 m.
1438 402 1600 446 Iulium
1630 418 1670 448 a.
1692 407 1772 447 141
1800 404 1867 459 (de

138 473 319 515 nummis
338 471 722 526 Alexandrinis'cf.
743 486 823 515 von
843 472 991 523 Sallet,
1013 472 1158 515 Daten
1179 471 1253 515 der
1273 471 1668 515 alexandrinischen
1689 472 1869 515 Kaiser-

114 545 319 586 'munden
349 554 398 595 p.
428 539 512 595 36).
577 540 638 583 A*
659 547 812 584 senatu
853 547 1104 583 consecrata
1143 546 1208 583 est
1242 540 1394 583 delatis
1435 540 1710 583 circensibus
1739 546 1870 597 atque

144 608 314 666 templo
330 615 374 651 et
400 608 630 651 flaminicis
660 615 702 651 et
731 610 884 652 statuis
915 610 1059 652 aureis
1089 615 1221 665 atque
1250 610 1478 664 argenteis,
1510 624 1608 651 cum
1629 609 1758 652 etiam
1778 609 1870 666 ipse

142 677 283 729 (Pius)
305 676 385 720 hoc
405 678 676 732 concesserit,
700 684 748 720 ut
768 679 911 733 imago
931 679 1023 721 eius
1053 679 1221 720 cunctis
1252 677 1517 720 circensibus
1543 684 1778 734 poneretur
1795 678 1868 720 vit.

143 745 219 787 Pii
246 748 285 796 6,
316 748 345 787 7
352 759 366 796 ;
405 745 508 787 diva
538 746 748 788 Faustina
776 746 893 801 Aug.
923 747 1008 789 sive
1038 746 1142 788 diva
1175 746 1385 788 Faustina
1412 746 1498 788 sive
1527 745 1632 788 diva
1660 746 1871 789 Faustina

143 814 224 856 Pia
257 813 425 868 passim
464 815 509 856 in
552 814 689 857 titulis
728 818 852 869 atque
888 816 1093 866 nummis,·
1128 815 1292 856 nummi
1329 815 1544 868 inscripti:
1590 814 1868 858 Consecratio

144 882 210 925 vel
247 881 526 926 Consecratio
558 882 602 926 S.
634 881 684 925 O.
713 882 876 925 Eclchel
906 897 954 937 Ρ.
987 886 1055 934 39,
1091 881 1232 926 Oohen
1269 896 1310 926 n.
1342 885 1427 926 162
1454 895 1554 936 sqq„
1587 883 1752 938 aed(es)
1782 882 1869 927 div.

142 951 377 993 Faustinae
407 954 446 993 et
475 950 691 994 dedicatio
722 942 842 994 aedis
870 951 1034 994 Eckhel
1054 966 1103 1006 p.
1123 955 1191 1002 39,
1232 950 1373 994 Cohen
1400 965 1442 995 n.
1473 954 1511 994 1.
1543 954 1637 994 194.
1688 952 1794 994 Pius
1826 953 1871 993 in

145 1019 352 1061 honorem
379 1019 614 1062 Faustinae
649 1019 816 1076 puellas
856 1020 1148 1063 alimentarias
1194 1020 1500 1062 Faustinianas
1542 1021 1766 1063 constituit
1799 1020 1870 1062 vit.

144 1087 221 1130 Pii
247 1090 287 1139 8,
316 1091 361 1138 1,
401 1087 647 1131 Alea-andri
676 1088 824 1132 Severi
849 1092 924 1140 57,
964 1092 991 1131 7
1028 1089 1082 1143 cf.
1112 1102 1304 1131 nummos
1342 1089 1389 1130 in
1418 1091 1548 1143 parte
1589 1088 1767 1132 adversa
1803 1102 1871 1131 ea*-

144 1155 331 1199 hibentes
351 1155 456 1199 diva
475 1155 676 1212 Augusta
696 1158 917 1212 Faustina,
949 1158 996 1200 in
1026 1171 1176 1200 aversa
1195 1156 1365 1214 puellae
1384 1157 1694 1200 Faustinianae
1712 1156 1873 1200 Eckhel

141 1239 190 1279 p.
211 1228 279 1276 40,
318 1223 458 1268 Cohen
487 1239 530 1268 n.
550 1228 636 1269 261
655 1238 741 1280 sqq.
1694 1227 1697 1229 ’

58 1293 143 1336 553
170 1299 332 1335 ΑΝΝΙΑ
375 1299 599 1335 GALERIA
642 1299 895 1336 FAVSTINA
945 1294 1020 1349 (ΙΙ)
1065 1314 1121 1329 =
1164 1300 1415 1336 FAVSTINA
1463 1300 1714 1349 AVGVSTA,
1760 1308 1872 1336 uxor

144 1361 203 1404 M.
234 1361 403 1404 Aurelii
433 1361 659 1405 Antonini.
716 1362 863 1404 Annia
891 1362 1102 1405 Faustina
1130 1363 1202 1405 vit.
1235 1363 1386 1405 Marci
1414 1366 1458 1413 1,
1489 1365 1528 1413 5,
1571 1365 1599 1405 t.
1630 1362 1872 1418 Olympicus

144 1429 500 1485 Archaoloyische
530 1430 712 1485 Zeituny
741 1430 882 1473 XXX
891 1428 1087 1486 V(1877)
1107 1446 1157 1485 p.
1178 1434 1259 1473 101
1288 1445 1328 1473 n.
1353 1434 1428 1482 70;
1459 1431 1636 1475 Galeria
1663 1430 1874 1473 Faustina

145 1499 288 1541 iunior
316 1498 498 1553 Eutrop.
530 1501 570 1553 8,
601 1502 669 1549 10,
700 1499 911 1541 Faustina
942 1502 1136 1543 ceterum.
1165 1524 1224 1530 —
1256 1500 1534 1556 Imperatoris
1563 1499 1774 1542 Antonini
1804 1499 1872 1541 Pii

146 1573 188 1610 et
214 1565 384 1610 Anniae
401 1566 617 1611 'Galeriae
647 1567 884 1610 Faustinae
923 1567 1034 1619 filia,
1076 1567 1335 1610 consobrina
1374 1567 1434 1610 M.
1465 1567 1634 1610 Aurelii
1663 1566 1873 1610 Antonini

144 1635 216 1678 vit.
247 1634 324 1677 Pii
347 1638 387 1686 1,
410 1638 449 1686 7,
482 1636 634 1678 Marci
650 1639 689 1686 1,
711 1638 750 1687 5,
779 1635 962 1690 Eutrop.
983 1639 1023 1687 8,
1047 1639 1111 1687 10,
1143 1635 1233 1679 Dio
1264 1639 1328 1687 71,
1357 1639 1397 1678 3.
1456 1636 1708 1679 Hadrianus
1738 1634 1873 1677 Anto-

145 1704 295 1747 ninum
326 1719 377 1746 ea
410 1703 506 1760 lege
539 1704 844 1761 adoptaverat,
887 1711 935 1747 ut
973 1705 1227 1748 Faustinam
1265 1704 1399 1748 filiam
1438 1705 1489 1750 L.
1527 1705 1706 1749 Ceionio
1748 1703 1873 1748 Com-

146 1773 288 1828 modo,
321 1774 395 1830 qui
424 1779 574 1830 postea
592 1774 644 1818 L.
667 1774 808 1818 Verus
829 1773 970 1817 dictus
992 1779 1068 1829 est,
1091 1773 1392 1831 desponderet,
1419 1774 1495 1817 sed
1523 1782 1620 1832 post
1648 1787 1873 1816 excessum

146 1841 362 1884 Hadriani
401 1841 651 1885 Antoninus
692 1842 912 1885 dissolutis
958 1842 1229 1899 sponsalibus
1273 1843 1508 1886 Faustinae
1552 1850 1596 1886 et
1634 1841 1872 1895 Commodi,

147 1908 280 1967 filiam
307 1910 367 1953 M.
398 1910 578 1954 Aurelio
618 1911 851 1968 despondit
878 1911 950 1953 vit.
979 1911 1099 1954 Aelii
1126 1915 1164 1962 6,
1197 1915 1237 1962 9,
1270 1911 1421 1954 Marci
1448 1915 1486 1962 6,
1517 1916 1571 1963 2;
1600 1915 1666 1962 16,
1700 1915 1737 1961 7,
1778 1909 1877 1953 Veri

147 1981 190 2028 2,
218 1982 258 2023 3.
308 1978 437 2022 Anno
470 1980 550 2022 143
581 1980 686 2022 Pius
716 1979 770 2022 de
801 1995 853 2023 ea
882 1980 1055 2037 scripsit
1087 1979 1276 2023 ‘mallem
1305 1980 1554 2023 mehercule
1584 1980 1745 2036 Gyaris
1776 1993 1874 2020 cum

148 2045 222 2088 illa
261 2062 390 2103 quam
427 2050 520 2090 sine
558 2047 632 2091 illa
670 2049 735 2090 in'
754 2047 923 2108 Palatio
962 2050 1126 2091 vivere'
1170 2047 1282 2091 Pius
1320 2049 1378 2091 ad
1413 2048 1674 2091 Frontonem
1704 2063 1755 2103 p.
1781 2050 1873 2090 164.

135 2114 202 2157 Ἀ.
235 2116 316 2158 145
347 2114 419 2170 (cf.
449 2131 663 2159 nummum
695 2117 761 2159 M.
791 2116 964 2159 Aurelii
993 2131 1032 2159 a.
1064 2119 1143 2159 145
1174 2130 1317 2159 cusum
1348 2131 1440 2159 cum
1470 2118 1742 2172 inscriptione
1761 2116 1876 2159 Vota

153 2182 326 2239 publiea
343 2184 506 2227 Eckhel
535 2185 631 2228 VII
644 2199 693 2240 Ρ.
713 2188 784 2242 46)
814 2186 919 2227 Pius
950 2186 1122 2241 nuptias
1150 2185 1386 2228 Faustinae
1417 2192 1458 2228 et
1483 2186 1621 2228 Marci
1651 2183 1876 2227 celeberri-

152 2266 244 2294 mas
274 2251 378 2294 fecit
405 2253 478 2294 vit.
510 2252 587 2294 Pii
613 2256 681 2304 10,
712 2257 755 2296 2.
817 2253 868 2296 Α.
903 2253 984 2296 146
1022 2268 1077 2294 ex
1107 2252 1255 2296 Marco
1296 2253 1430 2296 filiam
1468 2254 1638 2310 peperit
1667 2252 1875 2308 (Anniam

119 2327 121 2329 ’
150 2319 375 2362 Aureliam
406 2320 627 2365 Galeriam
655 2321 929 2376 Faustinam)
959 2322 1030 2364 vit.
1061 2321 1212 2364 Marci
1239 2325 1277 2372 6,
1309 2325 1348 2364 6.
1410 2322 1509 2364 Veri
1535 2322 1672 2364 simile
1709 2324 1788 2372 est,
1828 2324 1876 2363 ut

149 2391 259 2431 recte
296 2389 384 2431 iam
424 2390 658 2432 observavit
691 2389 855 2432 'Eckhel
885 2390 980 2432 VII
1002 2405 1050 2444 Ρ.
1085 2393 1150 2440 77,
1183 2393 1285 2444 post
1319 2390 1441 2432 illam
1470 2390 1607 2445 filiam
1635 2393 1795 2440 natam,
1826 2392 1873 2431 ut

151 2456 308 2500 Marco
338 2457 568 2500 tribunicia
589 2461 781 2512 potestas
812 2458 978 2501 decreta
1009 2461 1068 2500 est
1098 2458 1151 2513 (v.
1182 2472 1316 2512 supra
1336 2473 1386 2513 Ρ.
1411 2458 1495 2513 72),
1527 2459 1591 2501 ita
1614 2458 1874 2501 Faustinam

149 2529 437 2580 nuncupatam
477 2539 562 2569 esse
600 2526 853 2581 Auyustam.
918 2527 1129 2569 Faustina
1168 2526 1283 2582 Aug'.
1320 2527 1370 2570 'in
1410 2531 1438 2569 t.
1476 2528 1641 2581 Tiferni
1684 2526 1876 2569 Tiberini

150 2597 315 2647 reperto
341 2594 422 2637 XI
425 2597 542 2638 '5931
563 2595 707 2649 posito
736 2595 847 2637 inter
875 2608 1054 2637 mensem
1072 2594 1344 2638 Decembrem
1375 2611 1415 2638 a.
1437 2599 1518 2638 146
1547 2599 1586 2638 et
1613 2598 1698 2638 147
1715 2598 1755 2638 et
1778 2594 1874 2637 inde

151 2662 205 2704 ab
235 2676 282 2705 eo
312 2666 492 2717 tempore
514 2664 681 2718 passim
707 2664 754 2706 in
784 2663 919 2705 titulis
948 2664 1211 2717 nummisque
1239 2663 1400 2707 Eckhel
1437 2665 1463 2708 l.
1503 2664 1554 2715 l.,
1593 2663 1734 2707 Oohen
1763 2663 1851 2705 III
1855 2664 1872 2688 2

152 2745 200 2784 Ρ.
235 2734 316 2773 136
349 2745 461 2785 sqq.,·
499 2732 546 2774 in
589 2732 772 2774 nummis
814 2732 1048 2774 civitatium
1091 2731 1325 2774 liberarum
1368 2746 1492 2787 saepe
1532 2733 1687 2775 dicitur
1729 2732 1875 2774 Annia

155 2798 382 2854 Faustina,
423 2800 470 2842 in
505 2801 673 2854 ,craecis
710 2814 1010 2854 nonnunquam
1049 2800 1251 2843 Φαυστῖνα
1295 2801 1366 2844 νέα
1410 2802 1494 2843 sive
1536 2802 1760 2844 Φαυστεῖνα
1805 2800 1875 2843 νέα

153 2867 334 2925 Σεβαστή
364 2868 448 2910 sive
480 2867 562 2912 Ἀν.
593 2869 663 2911 νέα
692 2869 915 2912 Φαυστεῒνα
944 2869 1038 2926 Σεβ.
1069 2869 1123 2922 cf.
1154 2868 1315 2912 Eokhel
1335 2884 1384 2923 p.
1404 2871 1472 2911 81.

237 2934 294 2978 A.
324 2936 405 2978 165
436 2936 482 2978 in
511 2936 617 2979 Asia
646 2937 762 2994 apud
792 2933 982 2979 Anniam
1010 2936 1225 2979 Lucillam
1259 2937 1394 2979 fuisse
1423 2937 1597 2980 videtur
1627 2939 1679 2991 cf.
1710 2937 1875 2979 Fronto

154 3003 213 3045 ad
241 3003 391 3046 Verum
408 3008 451 3055 2,
473 3008 501 3047 4
521 3020 569 3059 Ρ.
590 3008 677 3049 132
698 3005 756 3048 Ν.
782 3013 969 3048 ‘socrum
990 3011 1032 3047 et
1051 3004 1210 3047 liberos
1240 3012 1406 3048 vestros
1437 3005 1591 3048 saluta‘
1616 3006 1694 3060 (ep.
1715 3006 1877 3059 scripta

155 3085 194 3115 a.
228 3073 338 3127 165).
397 3071 571 3116 Alteras
610 3075 783 3131 nuptias
814 3073 1010 3116 Lucillae
1046 3073 1102 3127 (a.
1136 3074 1236 3128 169)
1268 3088 1364 3116 cum
1395 3073 1579 3117 Claudio
1610 3074 1875 3130 Pompeiano

154 3153 283 3194 aegre
313 3139 412 3182 tulit
440 3141 512 3183 vit.
546 3142 697 3185 Marci
723 3146 795 3194 20,
818 3146 865 3186 7.
931 3141 1053 3184 Bello
1084 3142 1334 3184 Pannonico
1365 3142 1499 3196 (circa
1527 3157 1565 3184 a.
1599 3143 1699 3196 170)
1729 3141 1875 3184 Sirmii

155 3223 254 3250 cum
291 3208 424 3252 filiola
461 3211 618 3253 trienni
658 3211 775 3267 apud
813 3210 1010 3252 Marcum
1051 3216 1144 3252 erat
1173 3210 1427 3253 Philostrat.
1457 3211 1528 3254 vit.
1559 3210 1730 3264 sophist.
1761 3214 1803 3260 2,
1836 3213 1874 3259 1,

154 3279 226 3319 27.
255 3279 326 3328 28,
355 3278 428 3322 vit.
461 3279 610 3321 Marci
635 3282 708 3330 26,
737 3282 778 3324 8.
838 3279 1036 3321 Victoria
1075 3278 1129 3320 de
1168 3278 1334 3332 Quadis
1373 3278 1509 3321 relata
1547 3293 1585 3322 a.
1619 3278 1701 3321 174
1739 3284 1878 3319 mater

156 3348 394 3388 castrorum
419 3346 636 3404 appellata
664 3353 730 3391 est
746 3347 835 3391 Dio
857 3350 922 3399 71,
942 3350 1010 3398 10,
1041 3346 1112 3389 vit.
1141 3346 1292 3391 Marci
1318 3350 1389 3399 26,
1409 3350 1450 3398 8,
1483 3347 1610 3390 XIV
1618 3350 1685 3398 40,
1715 3346 1878 3388 nummi
