2202 3730
141 287 316 324 APPIVS
396 290 400 294 ’
1003 280 1026 322 l
1034 280 1054 322 1
1061 279 1086 323 ’7
1671 283 1950 321 APPVLEIVS

143 419 228 463 764
256 425 301 463 L.
341 424 515 460 APPIVS
555 423 787 459 MAXIMVS
827 423 1109 459 NORBANVS.
1178 417 1228 460 L.
1267 415 1437 473 Appius
1475 415 1694 459 Maximus
1734 415 1855 458 Plin.
1896 415 1955 457 ad

233 487 408 530 Traian.
448 489 520 537 58,
559 489 612 536 6,
662 485 892 528 Norbanus
933 486 984 528 L.
1026 485 1196 541 Appius
1236 484 1386 539 (Vict.)
1426 485 1626 539 Epitome
1664 487 1740 534 11,
1781 484 1951 540 Appius

227 555 448 598 Maximus
474 554 544 597 VI
555 557 674 605 1347,
698 554 749 596 L.
770 554 988 596 Maximus
1008 553 1097 596 Dio
1113 556 1180 604 67,
1201 557 1267 604 11,
1289 553 1521 595 Norbanus
1543 553 1744 598 Martial.
1766 556 1806 603 9,
1827 555 1894 602 84,
1911 556 1950 594 1.

311 623 548 665 Proconsul
566 622 796 677 Bithyniae
816 623 947 675 fuisse
975 622 1140 664 videtur
1169 636 1220 663 ea·
1248 621 1429 676 epistula
1449 621 1693 663 Domitiani
1711 621 1826 663 Plin.
1849 621 1876 662 l.
1901 620 1953 672 l.‚·

160 694 163 695 ⁷
228 706 308 735 cos.
329 692 364 734 I
376 690 578 743 suffectus
607 705 720 733 anno
748 691 930 742 incerto;
957 690 1008 734 L.
1031 690 1271 732 Antonium
1293 689 1575 733 Saturninum
1604 704 1641 731 a.
1662 690 1791 732 88s89
1817 688 1951 731 rebel-

225 761 388 803 lantem
418 760 580 802 devicit
607 758 710 810 Dio,
740 759 951 813 Epitome,
984 758 1212 801 Martialis
1241 758 1269 800 l.
1301 757 1343 809 l.,
1375 758 1444 800 VI
1466 761 1583 808 1347,
1626 758 1727 800 inde
1765 773 1845 814 per
1875 773 1953 799 sex

227 843 362 871 annos
392 829 531 871 Roma
566 827 677 870 afuit
706 826 934 869 Martialis
962 841 998 870 v.
1031 830 1161 877 9-10,
1202 841 1287 869 cos.
1318 826 1364 868 H
1401 825 1603 878 suffectus
1643 840 1755 869 anno
1793 826 1954 868 incerto

229 897 299 940 VI
319 900 439 940 1347.
469 920 528 925 -
557 928 679 938 .....
699 895 774 937 llia
803 895 950 950 (uxor)
982 895 1051 938 VI
1072 898 1192 937 1347.
1390 900 1393 902 '

318 966 407 1019 Quo
437 978 605 1007 munere
627 963 802 1018 publico
834 963 1067 1006 Norbanus
1104 977 1150 1006 eo
1187 966 1387 1017 tempore,
1424 977 1517 1005 cum
1547 964 1774 1006 eoeerm'tum
1805 966 1953 1005 contra

226 1034 462 1077 Antonium
483 1032 660 1083 duceret,
682 1032 853 1085 functus
876 1031 944 1082 sit,
977 1045 1027 1074 ex
1046 1031 1294 1074 testimoniis
1313 1045 1420 1085 quae
1441 1034 1586 1073 extant
1608 1031 1780 1086 definiri
1797 1032 1953 1085 nequit.

237 1102 352 1145 Vnde
373 1101 454 1144 alii
472 1100 847 1143 aliaconiecerunt
872 1099 926 1153 cf.
947 1099 1196 1150 Mommsen,
1218 1099 1442 1141 Ro'mische
1465 1099 1711 1142 Gesclziehte
1740 1099 1837 1154 Vp.
1859 1103 1953 1150 137,

228 1171 405 1214 Hermes
423 1169 546 1212 XIX
568 1168 709 1223 (1884)
731 1183 780 1223 p.
799 1171 884 1210 437
899 1181 999 1221 sqq„
1030 1167 1319 1210 Friedlander
1348 1167 1407 1209 ad
1427 1167 1629 1210 Martial.
1662 1167 1688 1211 l.
1721 1167 1748 1210 l.
1809 1168 1955 1222 Neque

226 1239 402 1295 teyulae,
435 1252 542 1292 quae
562 1236 850 1292 probabiliter
880 1236 938 1278 ad
965 1236 1074 1278 hunc
1102 1237 1360 1290 referuntur,
1393 1251 1482 1279 rem
1500 1236 1558 1278 acl
1578 1235 1781 1290 liquidum
1794 1237 1954 1290 perclu-

225 1311 380 1351 xerunt
405 1307 635 1360 inscriptae
655 1305 738 1360 leg.
758 1305 870 1347 VIII
890 1303 1003 1358 Aug.
1029 1305 1077 1346 L.
1098 1304 1242 1360 Appio
1273 1303 1466 1359 leg(ato),
1497 1318 1606 1358 quae
1634 1308 1826 1358 repertae
1855 1309 1953 1347 sunt

213 1378 268 1423 ‚et
286 1389 426 1430 prope
444 1375 672 1418 Dibionem
701 1374 748 1415 in
773 1373 862 1415 loco
884 1373 1089 1415 Mirebau
1108 1386 1184 1414 sur
1202 1372 1326 1423 Bere,
1358 1373 1431 1426 qui
1451 1372 1565 1414 locus
1584 1373 1670 1426 fuit
1697 1372 1955 1420 Germaniae

226 1445 470 1500 superioris,
493 1447 533 1486 et
550 1444 597 1486 in
616 1442 858 1497 Aquitania
878 1442 934 1495 cf.
957 1441 1124 1483 Mowat
1142 1441 1336 1484 Bulletin
1357 1441 1657 1496 epiqraphique
1678 1441 1728 1483 de
1749 1441 1794 1483 la
1816 1441 1954 1484 Gaule

227 1513 317 1555 III
333 1511 473 1568 (1883)
494 1527 544 1567 p.
564 1514 654 1555 223
682 1525 768 1565 sqq.
798 1510 879 1553 IV
895 1511 1037 1566 (1884)
1058 1525 1108 1564 p.
1129 1514 1204 1553 22.
1236 1512 1290 1552 65
1308 1524 1395 1564 sqq.
1458 1510 1574 1552 Nam
1606 1509 1664 1552 ad
1692 1510 1953 1565 leqationem,

226 1595 352 1636 quam
379 1581 572 1623 Antonio
602 1580 759 1623 devicto
790 1578 1024 1621 Norbanus
1053 1579 1247 1632 suscepit,
1280 1580 1422 1633 aptius
1447 1578 1551 1620 illae
1583 1579 1840 1631 referuntur.

142 1650 224 1693 765
247 1649 420 1706 Appius
432 1648 708 1703 QuintianuS,
722 1649 886 1690 amicus
897 1647 1055 1703 Apulei
1066 1647 1507 1702 MadaurensisApul.
1518 1646 1716 1701 apoloqia
1725 1650 1792 1691 57.
1802 1650 1870 1690 58.
1885 1650 1954 1691 72.

142 1719 225 1762 766
248 1724 424 1761 APPIVS
456 1723 678 1771 SABINVS,
708 1716 945 1759 consularis
973 1716 1204 1758 honoratus
1222 1715 1344 1758 tetulo
1364 1716 1580 1771 Olympico
1600 1716 1956 1771 Areliaoloqisclze

227 1787 408 1842 Zeituny
436 1785 709 1829 XXXVIII
733 1785 877 1842 (Isso)
897 1800 945 1840 p.
966 1788 1020 1828 56
1048 1799 1091 1827 n.
1110 1787 1204 1828 345.

141 1856 222 1899 767
253 1855 424 1913 Appius
464 1855 651 1898 Sabinus
689 1857 949 1896 memoratur
977 1854 1024 1895 in
1054 1853 1201 1896 tabula
1230 1834 1505 1896 alimentaria
1535 1853 1717 1896 Veleiate
1743 1853 1825 1895 XI
1845 1857 1957 1897 1142

187 1939 264 1980 p.
294 1928 335 1975 3,
364 1928 441 1967 40.·
469 1923 688 1977 fund(um)
718 1922 986 1965 Baebianum
1021 1922 1291 1976 Flavianum,
1324 1923 1399 1979 qui
1432 1930 1496 1965 est
1516 1923 1561 1964 in
1582 1922 1833 1964 Placentino
1855 1935 1953 1978 pag.

222 1992 500 2036 Vereellense
529 1991 785 2046 adf(inibus)
811 1991 955 2048 Appio
988 1990 1146 2034 Sabino
1180 1997 1223 2033 et
1254 1991 1316 2034 Μ.
1346 1991 1524 2033 Minicio
1556 1997 1598 2033 et
1627 1991 1839 2047 pop(ulo).

140 2061 223 2106 768
254 2061 324 2116 (L.
364 2061 553 2118 Appius)
593 2060 780 2104 Sabinus
817 2063 1077 2103 memoratur
1114 2060 1162 2102 in
1196 2060 1317 2102 titulo
1350 2060 1579 2103 Veronensi
1611 2060 1662 2102 L.
1694 2059 1826 2116 Appii
1858 2058 1956 2102 Cin-

225 2131 343 2172 nami
372 2129 517 2172 liberti
548 2129 591 2172 V
609 2131 733 2173 3352.

154 2223 213 2230 ·—
253 2197 458 2241 Aurelius
487 2197 658 2254 Appius
690 2197 890 2240 Sabinus.

142 2268 225 2312 769
255 2273 362 2311 SEX.
394 2266 596 2322 [APPIVS]
631 2272 870 2308 SEVERVS.
935 2264 1123 2308 Titulum
1152 2266 1192 2307 ei
1221 2264 1429 2307 dedicavit
1463 2264 1638 2321 [Appia]
1670 2264 1833 2308 Severa
1860 2264 1956 2320 filia

227 2336 297 2380 VI
321 2338 429 2378 1348
459 2335 530 2391 (1),
559 2337 818 2376 memoratur
845 2335 892 2375 in
921 2333 1045 2376 titulo
1073 2333 1191 2388 filiae
1221 2333 1413 2375 dedicato
1445 2333 1513 2375 VI
1533 2336 1639 2375 1349
1671 2332 1748 2387 (2).

316 2404 432 2459 [Sex.
465 2403 648 2460 Appius]
682 2403 869 2445 Severus
901 2406 929 2446 t.
960 2405 1010 2453 1,
1043 2402 1144 2446 SeX.
1172 2402 1225 2456 f.,
1259 2401 1375 2444 tribu
1405 2401 1540 2456 Volt.,
1582 2402 1674 2444 IIII
1685 2402 1755 2443 vir
1784 2403 1955 2444 viarum

230 2472 532 2520 curandarum,
550 2471 755 2513 tribunus
775 2471 962 2513 militum
983 2470 1166 2525 legionis
1186 2471 1253 2513 III
1271 2469 1479 2524 Gallicae,
1497 2476 1701 2526 quaestor
1722 2470 1787 2525 [T.
1805 2469 1953 2526 Ves]p.

230 2540 430 2584 Caesaris
451 2540 642 2595 Augusti
662 2539 737 2594 fili,
761 2539 920 2581 sodalis
940 2539 1082 2581 Titius
1103 2542 1131 2580 t.
1149 2542 1187 2582 1.
1208 2563 1260 2568 —
1282 2538 1427 2595 Appia
1443 2537 1546 2581 Sex.
1566 2538 1597 2580 f.
1620 2537 1784 2581 Severa
1803 2541 1832 2580 t.
1849 2541 1889 2580 1.
1910 2540 1954 2581 2.

156 2635 215 2642 —
257 2616 301 2652 C.
332 2615 577 2652 OCTAVIVS
608 2614 783 2650 APPIVS
816 2614 1058 2650 SVETRIVS
1090 2613 1314 2651 SABINVS.

145 2680 228 2723 770
258 2678 452 2735 (Appia),
487 2677 717 2734 ‘quaedam
747 2676 801 2718 de
830 2690 1011 2718 numero
1037 2676 1287 2724 Lamiarum
1318 2690 1369 2718 ae
1397 2675 1583 2717 nominis
1612 2674 1763 2731 Appi’,
1794 2674 1956 2717 femina

227 2746 384 2790 nobilis
421 2760 567 2789 amore
604 2744 813 2788 Pollionis
853 2744 1090 2787 citharoedi
1128 2745 1305 2786 incensa
1342 2742 1534 2788 Iuvenal.
1566 2746 1604 2795 6,
1631 2745 1715 2786 385
1744 2757 1831 2798 sqq.
1860 2757 1956 2786 cum

229 2815 412 2858 scholiis.

147 2883 227 2927 771
262 2891 412 2926 ΑΡΡΙΑ
443 2889 654 2937 SEVERA,
687 2882 790 2925 Sex.
812 2881 944 2938 Appii
968 2881 1119 2924 Severi
1149 2880 1249 2936 filia,
1283 2881 1373 2936 (L.)
1403 2880 1556 2924 Ceioni
1587 2879 1812 2923 Commodi
1842 2881 1954 2936 (con-

228 2953 334 2995 sulis
365 2967 405 2995 a.
429 2955 482 2994 78
509 2951 634 3006 uxor)
665 2951 734 2994 VI
755 2953 876 2993 1348.
910 2953 1027 2995 1349.

146 3021 231 3065 772
257 3021 431 3063 *APPIA
458 3026 681 3063 VETVRIA
710 3026 902 3061 AIRVLA
932 3025 1150 3061 COEOIVA
1183 3024 1474 3073 SA131N1LLA,
1516 3017 1755 3060 clarissima
1794 3017 1956 3059 femina

229 3089 439 3132 honorata
478 3089 600 3132 titulo
639 3089 763 3132 semel
803 3088 1010 3143 descripto
1050 3091 1090 3130 et
1127 3090 1326 3142 corrupto
1353 3087 1403 3130 X
1428 3091 1556 3139 4720,
1593 3101 1712 3141 quem
1750 3087 1790 3129 ei
1810 3086 1958 3141 posuit

233 3157 337 3200 ordo
366 3157 798 3214 Foropopiliensium.

147 3226 232 3270 773
260 3225 515 3283 Appuleius,
547 3225 670 3268 miles
701 3227 747 3268 in
777 3226 960 3268 statione
990 3224 1293 3266 Nicomedensi
1321 3223 1440 3266 Plin.
1464 3223 1523 3266 ael
1546 3223 1723 3266 Traian.
1747 3227 1812 3274 74,
1834 3227 1872 3266 1.

104 3346 106 3348 q
147 3295 231 3339 774
260 3294 486 3351 Apuleius.
543 3294 709 3337 Nomen
747 3295 836 3348 ipsc
866 3293 1017 3348 posuit
1046 3292 1244 3347 apoloqia
1272 3295 1311 3335 9.
1342 3295 1408 3337 17.
1438 3296 1500 3336 27
1528 3295 1601 3334 etc.
1655 3292 1956 3334 Madaurensis

233 3362 431 3418 apoloqia
459 3366 530 3414 24,
563 3363 616 3417 cf.
648 3363 698 3405 de
734 3363 926 3417 cloqmate
955 3361 1157 3404 Platonis
1184 3375 1234 3416 p.
1255 3364 1363 3405 267:
1401 3362 1453 3403 ‘si
1495 3375 1574 3417 pro
1613 3360 1798 3417 Apuleio
1838 3359 1957 3401 dieas
