2202 3730
283 266 535 303 ARRIANVS
1147 256 1227 299 138
1901 262 2085 299 ARRIVS

368 395 474 439 tulla
504 398 531 438 t.
554 398 592 437 1.
613 399 657 438 2.
689 394 857 438 sueton.
896 393 977 435 Ta.
998 396 1036 435 4.
1062 417 1115 422 —
1146 393 1260 435 Filia
1277 393 1354 447 (M.
1377 392 1576 435 Arrecini
1598 391 1851 447 Clementis)
1882 392 2088 449 praefecti

366 465 581 521 praetorio
623 462 703 504 sub
734 461 782 506 C.
816 461 1019 515 Caesare,
1063 475 1176 503 uxor
1214 461 1332 516 prior
1362 460 1412 503 T.
1444 461 1702 517 Vespasiani
1737 462 1812 518 qui
1843 462 2086 518 imperavit,

368 533 573 574 defuncta
603 531 683 573 sub
714 530 886 572 Nerone
918 529 1090 572 Sueten.
1124 529 1150 571 l.
1183 529 1209 571 l.

296 626 354 631 --
399 607 439 643 C.
473 606 726 642 SVLPICIVS
758 604 1098 640 ARRENIANVS.

283 670 365 713 883
396 674 661 721 ARRIANVS,
696 667 776 709 dae
798 666 1039 708 consulares
1059 667 1320 721 coynomines
1338 669 1625 709 memorantur
1652 667 1699 709 in
1722 666 1843 709 titulo
1863 666 2089 710 Eleasinio
2155 723 2158 726 ψ

371 737 588 794 Ἐφημερὶς
627 737 909 792 ἀρχαιολογική
949 737 1058 778 1883
1085 749 1132 789 p.
1155 738 1234 777 111
1263 749 1304 777 rc.
1325 737 1401 778 15.-
1441 735 1602 791 ἔκγονον
1639 737 1714 791 ἠδὲ
1754 735 1954 793 θυγατέρα
1984 737 2090 778 δυοῖν

370 806 527 848 ὑπάτων
561 802 765 861 Ἀρριανῶν
783 835 931 846 ......
963 804 1279 859 Κλημεντιανήν.

283 875 366 916 884
396 873 622 927 Arrianus,
655 873 748 914 iure
778 871 1000 914 consultus
1031 871 1188 914 citatur
1219 872 1272 914 ab
1306 871 1494 926 leiano
1514 871 1678 926 Diyest.
1698 874 1737 923 5,
1758 875 1797 923 3,
1818 875 1872 914 11
1903 887 1958 914 ex
1978 871 2090 915 libro

369 941 558 984 secundo
582 941 635 983 de
656 940 920 994 interdictis3
939 942 1012 994 28,
1026 942 1071 990 5,
1095 943 1173 991 19,·
1191 943 1256 990 43,
1278 943 1317 990 3,
1341 943 1379 990 1,
1401 943 1440 991 4,
1474 954 1502 983 a
1522 940 1662 983 Paulo
1682 939 1844 995 Diyest.
1865 943 1934 992 38,
1955 944 2021 992 10,
2041 942 2092 992 5;

368 1013 434 1060 44,
459 1013 496 1060 7,
517 1012 583 1053 47.

283 1079 365 1121 885
395 1077 655 1132 >ss'Arrianus,
687 1090 832 1118 rerum
862 1076 1047 1132 scriptor
1072 1077 1264 1120 Graecus
1286 1076 1444 1119 citatur
1471 1076 1543 1121 va.
1566 1076 1804 1119 Mammam
1814 1064 1886 1128 33,
1907 1080 1951 1127 2,
1981 1071 2092 1119 Gor-

369 1147 483 1191 dam.
514 1150 556 1196 2,
580 1151 616 1197 1,
651 1145 842 1188 Maximi
878 1147 917 1187 et
945 1144 1128 1187 Balbini
1156 1148 1194 1195 1,
1216 1149 1259 1188 2.
1310 1145 1605 1188 Herodianum
1643 1144 1967 1200 intelleyendum
2006 1159 2092 1188 esse

369 1229 461 1258 eam
490 1215 600 1257 inter
629 1228 767 1257 omnes
795 1214 884 1268 fere
913 1216 1090 1263 constet,
1132 1214 1298 1256 auctori
1322 1214 1508 1256 vitarum
1537 1214 1713 1256 illarum
1733 1217 1910 1268 praeter
1939 1217 2090 1257 eeteros

370 1284 573 1327 levissimo
599 1297 656 1326 an
686 1283 865 1325 librario
895 1281 1064 1324 cuidam
1089 1282 1237 1324 vitium
1262 1282 1529 1325 tribuendum
1548 1283 1616 1338 sit,
1639 1283 1685 1325 in
1703 1282 1839 1325 medio
1857 1282 2088 1337 relinquem-

371 1353 468 1395 dam
499 1356 570 1395 est.

283 1422 367 1463 886
524 1426 778 1462 ARRIANVS
809 1426 943 1461 APER
973 1425 1223 1461 VETVRIVS
1256 1419 1524 1474 [s]EVERvs‚
1558 1418 1708 1462 consul
1744 1418 1960 1472 (suffectus
1979 1432 2088 1462 anno

368 1490 556 1545 incerto),
580 1489 667 1532 XV
689 1503 773 1531 sac.
795 1488 877 1530 fac.
900 1487 1004 1543 (sie),
1027 1494 1200 1544 praetor
1222 1489 1487 1544 peregrinus,
1513 1487 1629 1543 t[rib.
1647 1487 1702 1544 pl.
1715 1487 1752 1543 ⁶2]
1771 1523 1780 1532 .
1799 1522 1809 1532 .
1829 1523 1838 1532 .
1854 1521 1863 1531 .
1893 1488 2090 1531 tribunus

371 1557 555 1600 militum
575 1557 755 1612 legionis
778 1557 864 1600 XV
884 1556 1179 1613 Apolli[naris]
1203 1590 1212 1599 .
1232 1590 1242 1599 .
1258 1589 1267 1599 .
1287 1589 1296 1599 .
1319 1557 1399 1599 XI
1404 1557 1566 1600 V3587
1585 1560 1612 1600 t.
1638 1557 1886 1599 Tiburtinas
1905 1555 2088 1599 matilas.

287 1627 370 1669 887
400 1633 655 1668 ARRIANVS
689 1632 927 1680 SEVERVS,
952 1625 1194 1681 praefectus
1215 1626 1371 1668 aerarii
1394 1626 1692 1681 pronuntiavit
1712 1640 1768 1667 ex
1789 1625 2090 1667 constitutione
2121 1669 2126 1673 ,

370 1695 460 1737 divi
498 1695 674 1737 Traiani
704 1719 761 1723 —
791 1719 849 1723 —
879 1694 1133 1749 (Abarnias)
1164 1693 1317 1736 Valens
1351 1693 1514 1748 Diyest.
1545 1697 1611 1745 49,
1634 1697 1699 1745 14,
1719 1697 1790 1737 42.
1849 1693 1957 1735 Fuit
1992 1706 2091 1747 erqo

344 1797 346 1800 .
370 1764 618 1818 praefectus
647 1763 723 1805 sub
761 1763 952 1805 Traiano
984 1765 1058 1804 aut
1088 1762 1316 1805 Hadriano
1347 1765 1422 1804 aut
1450 1762 1668 1805 Antonino
1699 1761 1806 1814 P2·0,·
1835 1775 1934 1804 nam
1962 1760 2090 1803 divus

371 1831 704 1874 additamentam
725 1834 867 1886 potest
897 1844 982 1874 esse
1021 1830 1221 1874 Valentis.

298 1924 356 1929 --
400 1907 443 1943 L.
474 1906 660 1942 ANNIVS
691 1905 958 1943 ARRIANVS.

298 1993 356 1999 ---
398 1974 650 2010 ANTONIVS
681 1974 949 2010 ARRIANVS.

303 2062 353 2066 —
401 2037 685 2091 GL(AVD1VS)
715 2043 983 2078 ARRIANVS.

300 2130 357 2134 —
400 2112 444 2147 L.
478 2111 723 2147 CLAVDIVS
755 2111 1023 2150 ARRIANVS.

302 2198 357 2203 —
400 2180 613 2215 FLAVIVS
644 2180 912 2217 ARRIANVS.

299 2267 356 2272 —
399 2242 598 2284 Maturus
629 2241 854 2284 Arrianus.

303 2337 354 2341 —
400 2317 444 2352 L.
477 2316 686 2352 SERGIVS
717 2317 984 2354 ARRIANVS.

299 2403 356 2408 —-
402 2385 442 2421 C.
475 2385 681 2420 STA'rlvs
715 2385 890 2421 cAPlTo
920 2379 1221 2433 ARRIA[NVSJ.

285 2447 367 2488 888
398 2447 647 2501 Arrionilla‚
681 2448 873 2489 Timonis
904 2463 1015 2489 uxor
1039 2453 1199 2502 ‘rogatu
1226 2446 1406 2489 Aruleni
1437 2448 1602 2489 Rustici
1631 2463 1657 2489 a
1677 2446 1818 2488 Plinio
1847 2446 1964 2502 apud
1993 2461 2090 2488 cen-

374 2517 581 2557 tumviros
612 2516 789 2558 defensa
819 2516 936 2560 Ple'n.
967 2517 1084 2571 epist.
1107 2519 1145 2567 1,
1167 2519 1205 2566 5,
1227 2517 1265 2558 5.

286 2584 369 2625 889
400 2591 604 2638 ARRIVS,
647 2584 793 2626 consul
833 2586 1013 2627 maritus
1044 2584 1283 2627 Publianae
1312 2600 1367 2626 cx
1399 2585 1580 2639 posteris
1612 2583 1864 2639 Scipionum
1894 2585 1940 2626 in
1969 2583 2090 2625 titulo

373 2653 603 2705 sepulcrali
616 2654 762 2695 axoris
771 2654 940 2708 yraeeis
953 2654 1141 2696 versibus
1153 2655 1345 2706 concepto
1360 2653 1527 2695 urbano
1538 2653 1571 2695 I
1573 2651 1648 2695 GI
1655 2655 1760 2695 1960
1779 2673 1830 2686 z
1845 2651 1955 2695 OIG
1966 2654 2089 2695 6275.

373 2720 486 2762 onr
524 2721 667 2763 eadem
696 2722 859 2764 videtur
889 2736 994 2776 qacte
1024 2721 1155 2764 Oscia
1183 2720 1382 2763 Modesta
1410 2720 1611 2763 Cornelia
1641 2720 1865 2775 Publiana,
1903 2721 2002 2762 avia
2030 2720 2089 2763 M.

375 2787 439 2831 Fl.
471 2787 590 2830 Arrii
622 2788 739 2830 Oscii
771 2790 982 2831 Honorati
1016 2789 1083 2831 VI
1105 2792 1224 2832 1478.
1749 2830 1756 2838 ,

289 2856 399 2897 8893,
429 2855 658 2911 *ARRIVS,
690 2863 843 2899 ARRIO
867 2891 902 2901 ..
920 2865 1008 2900 VIR
1036 2858 1083 2900 in
1111 2871 1233 2899 versa
1261 2857 1408 2899 altimo
1439 2859 1617 2899 tesserae
1637 2856 1925 2911 ylacliatoriae
1944 2857 1978 2899 I
1991 2860 2093 2909 757,-

374 2925 492 2967 leetz'o
523 2928 581 2967 est
611 2929 821 2980 corrupta.

287 2993 371 3034 890
400 2999 582 3035 ARRIVS
623 3000 934 3049 ANTONINVS,
977 2993 1128 3037 consul
1168 2995 1190 3036 I
1229 2994 1364 3048 (suff.)
1404 3009 1441 3036 a.
1474 2994 1552 3048 69,
1594 2994 1638 3035 II
1678 2993 1792 3047 (suff.
1829 3007 1868 3035 a.
1901 2994 2088 3049 incerto).

374 3060 537 3103 Consul
566 3062 662 3103 suff.
695 3077 750 3103 ex
779 3062 978 3104 kalendis
1007 3062 1130 3104 Iuliis
1160 3063 1205 3104 in
1236 3061 1509 3117 Septembres
1539 3077 1577 3103 a.
1600 3057 1655 3104 69
1686 3076 1782 3103 cum
1804 3061 1943 3103 Mario
1964 3059 2090 3103 Celso

380 3129 476 3172 Tae.
507 3129 548 3171 h.
579 3133 616 3180 1,
641 3133 715 3181 773·
746 3130 876 3172 semel
895 3137 1025 3187 atque
1046 3132 1202 3172 iterum
1223 3129 1374 3171 consul
1391 3129 1510 3171 Plin.
1533 3130 1650 3183 epist.
1672 3133 1711 3179 4,
1732 3133 1770 3179 3,
1793 3132 1831 3178 1,
1854 3128 1919 3170 bis
1941 3127 2090 3170 consul

373 3197 444 3238 va.
477 3196 550 3238 Pa
576 3201 613 3247 1,
634 3202 673 3239 4.
729 3198 965 3240 Proconsul
1005 3197 1137 3240 Asiae
1174 3198 1292 3240 Plz'n.
1325 3198 1442 3251 epist.
1474 3201 1512 3247 4,
1542 3200 1582 3247 3,
1613 3200 1651 3247 1,
1693 3197 1764 3238 vit.
1797 3197 1871 3238 Pii
1896 3200 1935 3247 3,
1958 3200 2001 3240 2.
2033 3221 2090 3226 -

374 3264 503 3307 Anno
535 3265 589 3307 96
617 3266 806 3308 Nervam
845 3269 1030 3309 amicum
1068 3268 1111 3308 in
1151 3272 1304 3308 senatu
1343 3265 1570 3307 miseratus
1612 3271 1695 3319 est,
1731 3264 1846 3320 quod
1878 3265 2089 3320 imperare

375 3333 585 3390 coepisset
623 3334 693 3376 vit.
726 3334 800 3376 Pa·
828 3339 864 3386 1,
886 3339 924 3386 4,
949 3335 1097 3389 (Via.)
1127 3335 1323 3390 Epitome
1348 3335 1420 3376 -12,
1459 3358 1516 3363 -
1557 3333 1740 3389 Scripsit
1779 3333 2090 3389 epigrammata
