2202 3730
112 273 330 312 CAECINA
960 268 1043 311 257
1649 273 1913 310 CAEDICIVS

194 404 324 448 Anno
342 405 397 447 14
415 404 583 459 legatus
605 405 822 447 exercitus
843 403 1107 447 Germaniae
1127 404 1342 446 inferioris
1369 405 1467 448 Tae.
1489 418 1530 447 a.
1552 407 1592 455 1,
1612 407 1690 456 31;
1722 402 1914 458 legiones

196 474 381 531 primam
401 472 742 527 (Germanicam)
765 479 808 515 et
827 473 1077 514 vicesimam
1102 471 1361 515 rebellantes
1390 474 1436 515 in
1466 473 1684 515 civitatem
1703 472 1914 515 Vbiorum

194 541 373 584 reduxit
412 547 455 584 et
493 540 748 583 seditionem
787 541 1000 598 oppressit
1038 541 1123 583 ibd.
1152 544 1191 591 1,
1221 545 1290 584 37.
1319 544 1387 584 48.
1452 542 1538 583 Res
1577 541 1633 584 ab
1674 555 1723 583 eo
1764 546 1915 583 contra

196 611 437 654 Germanos
465 616 615 664 gestae
645 624 757 652 anno
790 611 844 652 14
873 609 959 652 ibd.
981 613 1020 660 1,
1042 612 1110 660 50,
1142 624 1256 651 anno
1290 611 1341 653 15
1371 609 1457 652 ibd.
1477 612 1543 654 56.
1563 613 1631 654 60.
1659 613 1725 652 61.
1751 612 1914 660 63-67;

194 694 233 721 a.
266 679 318 721 15
358 679 546 733 insignia
585 677 863 734 triumphalia
902 678 941 720 ei
981 677 1156 720 decreta
1193 683 1296 720 sunt
1334 678 1390 720 ob
1426 692 1496 720 res
1525 692 1623 720 cum
1654 677 1913 721 Germanico

195 753 340 802 gestas
371 746 455 789 ibd.
488 750 527 797 1,
560 750 639 798 72;
678 761 716 789 a.
750 747 802 789 16
831 746 1112 789 fabricandae
1141 746 1265 788 classi
1296 762 1323 788 a
1353 747 1612 790 Germanico
1642 747 1914 802 praepositus

195 815 281 858 ibd.
311 819 355 866 2,
386 819 425 859 6.
496 815 624 858 Anno
666 816 718 858 15
756 815 1134 871 quadragesimum
1173 815 1432 871 stipendium
1468 814 1620 858 habuit
1657 815 1743 857 ibd.
1783 818 1822 865 1,
1861 817 1914 857 64

196 883 322 936 (unde
349 887 504 938 postea
539 885 616 927 sub
647 898 687 926 a.
717 887 775 927 21
810 885 982 926 Tacitus
1011 899 1051 926 a.
1080 887 1127 934 3,
1151 888 1210 926 33
1248 885 1389 926 minus
1422 887 1642 935 accurate,
1683 898 1776 926 cum
1811 883 1913 927 Cac-

195 952 293 995 cina
315 955 423 995 certe
444 953 571 995 etiam
586 967 626 995 a.
637 955 691 994 16
705 952 885 995 militiae
905 966 1076 1006 operam
1097 952 1287 1003 dedisset,
1305 966 1397 994 eum
1417 952 1619 995 dicentem
1640 953 1750 1006 facit
1768 952 1914 1008 plures

195 1035 274 1077 per
308 1021 555 1076 provincias
596 1020 883 1077 quadraginta-
921 1020 1135 1076 stipendia
1174 1020 1449 1077 explevisse).
1507 1021 1561 1062 In
1600 1027 1753 1063 senatu
1792 1036 1830 1063 a.
1859 1020 1915 1062 20

195 1090 450 1132 sententiam
489 1088 602 1131 dixit
646 1089 730 1132 ibd.
762 1092 803 1139 3,
834 1092 899 1139 18,
941 1104 980 1131 a.
1011 1090 1062 1132 21
1106 1090 1296 1144 censuit,
1339 1104 1394 1131 ne
1434 1104 1563 1145 quem
1601 1090 1912 1144 magistratum,

199 1158 267 1200 cui
297 1158 524 1214 provincia
554 1157 824 1212 obvenisset,
865 1171 978 1199 uxor
1014 1158 1291 1199 comitaretur
1320 1157 1404 1200 ibd.
1434 1161 1473 1208 3,
1505 1161 1576 1200 33.
1604 1160 1671 1200 34.
1707 1181 1770 1210 -γ
1790 1157 1915 1199 onr

197 1241 274 1269 sex
304 1232 455 1282 partus
486 1226 616 1268 enixa
645 1232 910 1268 memoratur
940 1225 1024 1270 ibd.
1055 1229 1096 1276 3,
1126 1229 1195 1268 33.

282 1294 358 1336 Ad
384 1293 494 1336 hunc
515 1294 730 1348 pertinere
757 1293 964 1344 videntur,
994 1308 1103 1347 quae
1128 1294 1415 1336 Tertullianus
1441 1294 1489 1336 dc
1510 1294 1650 1349 pallio
1668 1297 1696 1336 4
1723 1294 1917 1348 scripsit:

202 1363 352 1405 ‘habes
393 1369 608 1418 spectare,
651 1362 768 1419 quod
799 1361 987 1405 Caecina
1022 1362 1210 1405 Severus
1245 1364 1441 1417 graviter
1480 1363 1648 1404 senatui
1690 1363 1917 1418 impressit,

195 1437 413 1474 matronas
454 1432 547 1473 sine
585 1430 695 1473 stola
733 1432 778 1472 in
818 1430 1023 1487 publico‘.
1088 1433 1351 1485 Quamquam
1395 1434 1534 1473 autem
1576 1430 1762 1473 Caecina
1803 1431 1921 1484 apud

202 1500 301 1542 Tac.
332 1514 371 1542 a.
402 1503 442 1550 3,
471 1502 527 1542 33
564 1500 611 1541 in
648 1513 801 1542 uxores
830 1499 1081 1554 praesidum
1116 1500 1306 1554 qravi'ter
1344 1499 1564 1549 invehitur,
1603 1498 1713 1541 nihil
1752 1498 1835 1540 tale
1875 1499 1920 1540 in

197 1569 387 1611 oratione
426 1568 543 1610 itlius
580 1568 804 1612 invenitur.
873 1567 949 1610 Ad
988 1567 1120 1610 alium
1164 1568 1296 1623 iyitur
1338 1568 1584 1622 scripwrem
1635 1567 1919 1609 Tertullianus

195 1637 424 1692 respexisse
452 1636 628 1678 videtur.

111 1707 163 1749 81
194 1713 240 1748 A.
266 1710 486 1747 CAECINA
515 1710 724 1746 TACITVS
751 1704 956 1759 (traditur
986 1716 1092 1747 Avto
1114 1716 1310 1747 CAECJNAE
1335 1705 1507 1758 memo),
1539 1704 1746 1760 [praetor]
1774 1703 1917 1745 candi-

197 1774 335 1829 datus,
357 1788 531 1830 praeses
551 1774 803 1830 provinciae
823 1774 1037 1827 Baeticae,
1066 1772 1215 1816 consul
1237 1773 1454 1829 (suffectus
1477 1788 1516 1815 a.
1541 1773 1731 1828 incerto),
1762 1773 1919 1815 VIIvir

195 1842 427 1899 epulonum
458 1841 582 1884 VIII
603 1845 737 1884 10988
766 1845 793 1885 t.
826 1842 1029 1885 Salanus.

109 1912 164 1953 82
196 1911 383 1954 Caecina
397 1911 578 1965 Tuscus,
596 1909 710 1952 filius
731 1911 913 1952 nutricis
929 1910 1114 1952 Neronis
1127 1910 1299 1955 Sueten.
1314 1910 1431 1952 Nero
1446 1913 1511 1953 35.
1535 1910 1698 1952 Fabius
1714 1910 1918 1951 Rusticus

102 1987 117 1990 ⁷
196 1985 348 2021 auctor
378 1985 442 2020 est
471 1979 654 2034 scriptos
686 1993 782 2020 esse
809 1993 836 2020 a
865 1979 1039 2021 Nerone
1068 1994 1107 2021 a.
1140 1980 1193 2022 55
1235 1978 1290 2020 ad
1320 1978 1551 2021 Caecinam
1583 1979 1774 2020 Tuscum
1805 1977 1917 2019 codi-

196 2046 316 2089 cillos
353 2046 558 2089 mandata
597 2047 635 2088 ei
676 2047 994 2103 praetoriarum
1039 2047 1279 2089 cohortium
1320 2062 1445 2100 cura,
1493 2046 1568 2088 sed
1608 2061 1688 2102 opc
1729 2046 1918 2089 Senecae

196 2116 491 2170 dignationem
515 2115 647 2157 Burri
679 2120 890 2157 retentam
916 2116 1014 2158 Tac.
1038 2131 1078 2159 a.
1097 2119 1163 2166 13,
1186 2119 1257 2159 20.
1308 2115 1560 2157 Praefectus
1582 2114 1770 2170 Aegypti
1801 2130 1839 2156 a.
1862 2114 1916 2156 67

197 2200 223 2226 a
253 2184 424 2226 Nerone
455 2183 670 2238 relegatus
701 2189 779 2237 est,
812 2183 926 2239 quod
958 2183 1125 2226 balneis
1157 2185 1202 2225 in
1232 2183 1467 2226 adventum
1492 2184 1677 2225 Neronis
1709 2184 1917 2224 extructis

196 2253 372 2295 lavisset
392 2251 565 2295 Sueten.
590 2251 706 2294 Nero
725 2255 791 2302 35,
823 2251 911 2294 Dio
936 2256 1000 2303 63,
1023 2255 1090 2294 18.
1141 2252 1194 2294 Α.
1217 2253 1272 2295 69
1303 2253 1466 2294 Romae
1497 2251 1578 2293 fuit
1606 2252 1704 2294 Tac.
1725 2251 1764 2293 h.
1787 2256 1827 2301 3,
1848 2254 1916 2293 38.

111 2322 166 2364 83
199 2321 469 2375 [O]AECINIA
497 2326 678 2373 LARGA,
710 2319 764 2362 A.
785 2320 827 2374 f.‚
857 2320 924 2375 [A.
946 2321 1074 2362 Larci
1096 2320 1266 2377 Lepidi]
1298 2335 1408 2362 uxor
1428 2323 1456 2364 t.
1477 2320 1626 2374 posuit
1643 2319 1917 2362 Antiatinmn

196 2389 245 2431 X
269 2391 377 2431 6659
407 2403 506 2430 cum
532 2387 722 2443 L[a]rcia
752 2387 950 2430 Priscilla
978 2388 1068 2430 filia
1096 2389 1265 2439 marito,
1293 2389 1411 2430 cuius
1439 2384 1587 2430 nomen
1607 2389 1755 2441 periit.

110 2457 167 2499 84
197 2456 482 2500 Caedicianus
503 2455 759 2510 (Καδικιανὸς
779 2456 966 2499 traditur
985 2460 1025 2499 et
1044 2457 1165 2511 rulyo
1187 2457 1350 2511 hyltun
1385 2456 1634 2502 Καιδικιανός
1652 2456 1917 2499 scribendum

196 2527 273 2580 est)
306 2526 350 2568 in
380 2525 603 2580 longaevis
632 2532 896 2568 memoratur
927 2541 954 2568 a
984 2526 1140 2568 Marco
1170 2527 1224 2572 εἰς
1254 2515 1393 2568 {ao-&v
1423 2529 1463 2576 4,
1493 2528 1560 2569 50.

109 2619 167 2624 —
195 2600 521 2644 Q.ABVRN1VS
555 2600 906 2636 CAEDICIANVS.

111 2662 165 2705 85
196 2662 439 2717 Caedicius,
474 2669 629 2718 ‘poena
658 2694 698 2705 ..
716 2694 727 2704 .
757 2662 927 2704 saevior
956 2660 1064 2716 illis,
1104 2676 1212 2717 quas
1248 2667 1291 2703 et
1320 2661 1548 2704 Caedicius
1576 2662 1724 2716 gravis
1754 2661 1920 2702 invenit

195 2737 238 2772 et
267 2730 637 2773 Rhadamanthus‘
670 2730 860 2774 Iuvenal.
891 2733 971 2772 sat.
1002 2733 1070 2779 13,
1098 2733 1180 2772 196
1199 2743 1310 2783 sqq.,·
1338 2729 1526 2772 aulicum
1552 2730 1738 2772 Neronis
1765 2729 1915 2771 crude-

194 2798 405 2841 lissimum
435 2799 567 2840 fuisse
597 2798 693 2840 vult
722 2797 918 2853 intelligi,
951 2797 1179 2840 satellitem
1198 2798 1383 2840 Neronis
1404 2798 1791 2853 schol.‘perperam‚
1824 2812 1917 2840 cum

195 2881 345 2910 nomen
369 2867 615 2922 ,qravissimi
643 2866 797 2909 iudicis
816 2866 1134 2921 intelleyendum
1153 2879 1238 2909 esse
1256 2866 1463 2909 videatur.
1507 2866 1698 2909 Dubium
1718 2869 1790 2917 est,
1817 2881 1917 2908 num

194 2935 304 2978 idem
333 2935 632 2990 intelleyendus
659 2935 715 2977 sit
748 2934 994 2978 ‘Caedicius
1024 2935 1253 2977 facundus'
1287 2935 1568 2990 (causidicus)
1602 2935 1686 2980 ibd.
1707 2939 1772 2985 16,
1793 2938 1858 2977 46.

111 3005 167 3047 86
197 3005 243 3048 L.
274 3003 503 3046 Caedicius
534 3003 671 3058 (apud
697 3003 956 3045 Frontinum
987 3003 1174 3045 traditur
1204 3003 1426 3058 Caedius),
1466 3003 1755 3060 primipilariS,
1796 3018 1916 3059 prae-

196 3072 336 3114 fectus
364 3078 604 3114 castrorum
634 3086 890 3127 eorumque,
934 3072 1009 3127 qui
1035 3078 1133 3127 post
1159 3071 1325 3114 cladem
1354 3072 1591 3115 Varianam
1622 3088 1709 3114 una
1738 3073 1917 3114 circum-

198 3140 286 3182 dati
298 3139 476 3182 Alisone
497 3141 716 3182 immensis
729 3141 1046 3184 Germanorum
1066 3140 1201 3195 copiis
1223 3139 1543 3196 obsidebantur,
1566 3140 1664 3183 dolo
1687 3156 1738 3183 ac
1759 3142 1918 3183 virtute

199 3208 279 3251 sibi
307 3208 365 3251 ad
395 3223 494 3251 suos
515 3209 685 3265 peperit
704 3208 892 3250 reditum
913 3207 1091 3250 Velleius
1109 3211 1152 3258 2,
1170 3209 1267 3258 120,
1289 3212 1328 3259 4,
1360 3209 1597 3252 Frontinus
1616 3212 1739 3252 strat.
1762 3213 1799 3259 4,
1818 3212 1856 3259 7,
1874 3211 1913 3252 8.

112 3276 167 3319 87
199 3282 239 3318 C.
280 3283 544 3320 CAEDICIVS
585 3284 823 3331 AGRIPPA,
871 3283 1045 3318 curator
1086 3278 1278 3332 riparum
1318 3284 1360 3320 et
1402 3277 1514 3320 alvei
1560 3277 1733 3320 Tiberis
1779 3280 1916 3319 aetate

204 3345 367 3388 Tiberii
391 3349 439 3388 ut
466 3346 632 3389 videtur
661 3349 689 3390 t.
719 3346 871 3389 urban.
901 3345 1025 3387 Rem.
1061 3345 1207 3387 Mitth.
1237 3349 1347 3388 1889
1367 3361 1418 3400 p.
1439 3349 1537 3389 284.

182 3418 466 3453 Prosopographia
484 3418 566 3454 Imp.
586 3418 675 3446 Rom.
711 3418 738 3446 1.
1603 3414 1644 3449 17
