2202 3730
284 269 544 305 CAECILIVS
1137 263 1221 304 252
1813 270 2079 308 CAECILIVS

368 405 494 455 pacta
524 405 615 440 erat
650 398 747 440 Tac.
779 412 818 441 a.
849 401 892 448 2,
922 401 1000 449 43;
1040 398 1166 440 Iunia
1206 397 1342 441 Silani
1379 398 1506 453 f(ilia)
1537 398 1731 454 [spon]sa
1760 399 1943 443 Neronis
1973 400 2078 444 Cae·

368 466 505 521 s[aris]
537 467 613 516 tit„
644 465 752 508 unde
782 479 979 520 sponsam
1007 469 1103 508 ante
1129 467 1303 520 nuptias
1331 469 1540 508 mortuam
1570 480 1654 509 esse
1685 471 1876 522 apparet.

282 547 335 589 48
367 546 580 588 Caecilius
612 545 775 586 Natalis
807 545 990 599 (Natalis
1022 546 1244 588 Minucius
1273 546 1401 588 Felix
1430 546 1572 589 Octav.
1595 550 1659 597 16,
1683 550 1721 591 1.
1751 551 1783 590 2
1813 551 1990 590 ceterum
2018 548 2083 590 ibi

367 613 608 667 Caecilius),
647 613 925 655 interlocutor
954 613 1112 668 dialogi
1144 613 1316 656 Octavii
1346 618 1384 656 1.
1415 619 1458 658 2.
1488 618 1527 656 4.
1558 617 1596 657 5.
1628 618 1693 657 14.
1724 618 1790 658 15.
1820 618 1884 657 16.
1915 618 1982 658 17.
2010 619 2080 658 40.

368 682 539 736 Oriyine
568 681 772 723 Cirtensis
800 681 963 723 videtur
994 682 1048 735 cf.
1074 681 1299 724 ‘Cirtensis
1330 683 1463 724 nostri
1495 684 1646 725 oratio‘
1679 682 1764 725 ibd.
1785 685 1823 733 9,
1845 686 1872 725 6
1900 702 1955 718 =
1981 689 2081 725 tuus

365 751 528 792 Fronto
558 752 623 799 31,
655 753 698 791 2.
734 773 782 778 -
816 748 880 802 Cf.
911 763 952 791 n.
981 753 1046 793 49.
1175 745 1177 747 ¹
1982 747 1984 749 ’

283 831 335 872 49
366 830 424 872 Μ.
470 828 681 871 Caecilius
721 828 898 872 Natalis.
966 829 1098 871 Tituli
1138 829 1369 872 Cirtenses:
1409 844 1447 871 a.
1478 832 1563 873 210
1597 830 1744 884 posuit
1781 829 1835 872 ob
1877 829 2080 872 honorem

364 898 597 939 IIIviratus
627 897 954 951 imperatoribus
986 897 1190 951 Septimio
1222 897 1374 940 Severo
1405 901 1444 940 et
1471 897 1577 952 filiis
1606 898 1728 940 VIII
1750 901 1859 940 6996
1888 897 1962 952 (1),
2004 897 2080 939 sub

364 965 581 1007 Antonino
606 965 768 1020 (Severi
785 965 890 1020 filio)
913 980 1060 1007 arcum
1087 965 1392 1022 triumphalem
1414 967 1619 1020 extruxit,
1645 966 1703 1008 acl
1725 979 1843 1019 quem
1864 965 2080 1020 pertinent
2163 985 2165 987 ·

367 1037 394 1075 t.
423 1033 544 1075 VIII
558 1035 809 1075 7095-7098
830 1031 892 1087 (2)
920 1033 1048 1087 plane
1069 1033 1216 1076 iisdem
1235 1034 1371 1076 verbis
1392 1034 1589 1088 concepti,
1612 1034 1711 1076 item
1742 1031 1865 1076 VIII
1879 1035 1987 1076 7094
2007 1032 2078 1088 63),
2131 1039 2134 1042 ’

365 1102 439 1155 qui
466 1100 607 1143 eadem
639 1104 760 1154 atque
788 1103 816 1143 t.
837 1104 868 1143 2
894 1102 941 1143 in
973 1101 1136 1144 brevius
1166 1104 1384 1144 contracta
1413 1101 1589 1144 exhibet.

456 1169 559 1211 Tria
587 1169 760 1211 nomina
789 1169 981 1211 eoehz‘bent
1008 1169 1071 1211 vel
1100 1169 1376 1212 exhibuerunt
1405 1169 1520 1211 tituli
1547 1182 1697 1211 omnes.
1720 1193 1775 1198 —
1806 1168 1859 1221 Q.
1890 1167 1933 1223 f.‚
1964 1168 2079 1211 tribu

366 1238 571 1290 Quirina,
617 1236 788 1291 aedilis,
835 1237 993 1291 IIIvir,
1038 1244 1258 1293 quaestor,
1301 1237 1633 1293 quinquennalis
1674 1237 1847 1292 (scilicet
1884 1239 2083 1290 quattuor

366 1305 626 1348 coloniarum
662 1304 806 1347 Cirtae
844 1305 1075 1348 Rusicadis
1115 1305 1249 1347 Milev
1286 1305 1482 1360 Chullu),
1533 1305 1774 1362 praefectus
1816 1303 2082 1346 coloniarum

365 1373 660 1415 Millevitanae
691 1379 733 1414 et
762 1373 1068 1415 Rusicadensis
1100 1380 1142 1416 et
1173 1369 1445 1416 Chullitanae
1477 1372 1547 1427 (cf.
1581 1373 1703 1416 VIII
1718 1387 1766 1427 p.
1789 1371 1886 1427 619)
1917 1373 1979 1414 tit.

449 1441 644 1484 Eundem
683 1455 768 1483 esse
810 1441 1013 1484 Natalem
1041 1441 1210 1484 Octavii
1236 1456 1277 1486 n.
1308 1444 1364 1484 48
1401 1442 1551 1484 statuit
1579 1441 1749 1484 Dessau
1777 1440 1956 1483 Hermes
1982 1439 2080 1483 XV

362 1524 410 1564 p.
432 1513 511 1551 471
533 1523 630 1563 sqq„
654 1512 699 1551 at
720 1510 773 1563 cf.
797 1508 1191 1561 Teuffel-Schwabe,
1215 1510 1438 1552 Ro'mische
1454 1508 1904 1564 Literaturyeschichte
1922 1508 1954 1564 ἕ
1973 1508 2080 1550 3685

365 1577 462 1620 adn.
484 1581 522 1620 1.
1950 1614 1953 1616 .

279 1653 334 1694 50
361 1659 412 1695 M.
437 1658 696 1693 OAEOILIVS
729 1658 1145 1694 NOVATILLIANVS.
1198 1652 1330 1695 Tituli·
1348 1652 1519 1707 publice
1549 1653 1589 1695 ei·
1608 1652 1771 1707 posuis·
1793 1650 2083 1693 Beneventani

364 1721 445 1762 IX
471 1723 578 1763 1571
607 1718 679 1774 (1).
719 1723 833 1764 1572
862 1719 923 1776 (2)
956 1734 983 1762 a
1011 1720 1338 1772 BeneventaniS,
1387 1721 1717 1764 Tarraconensis
1745 1719 1806 1762 II
1827 1721 1934 1762 4113
1963 1716 2021 1773 (3)
2054 1730 2082 1759 a

371 1788 770 1832 Tarraconensibus,

452 1856 511 1900 M.
545 1855 760 1899 Caecilius
790 1856 1117 1910 Novatillianus,
1148 1856 1411 1899 clarissimus
1441 1858 1509 1898 vir
1539 1860 1567 1899 t.
1590 1861 1626 1899 1.
1656 1860 1700 1900 2.
1730 1858 1770 1899 3.
1791 1878 1844 1886 —
1867 1855 2083 1908 Quaestor

366 1926 615 1982 provinciae
635 1924 811 1967 Africae
844 1928 869 1967 t.
893 1928 930 1967 1.
953 1928 995 1975 2,
1029 1925 1230 1967 tribunus
1261 1924 1411 1980 plebis,
1444 1931 1618 1981 praetor
1645 1928 1670 1967 t.
1691 1927 1733 1974 2,
1756 1922 1923 1978 legatus
1944 1920 2084 1974 (addit

365 1997 393 2035 t.
414 1993 456 2047 3)
478 1993 684 2035 iuridicus
701 1993 937 2049 Hispaniae
959 1994 1168 2035 citerioris
1190 1996 1218 2035 t.
1238 1996 1280 2036 2.
1302 1996 1341 2043 3,
1363 1993 1571 2035 iuridicus
1587 1992 1775 2048 Apuliae
1797 1998 1839 2034 et
1855 1989 2082 2034 Calabriae

365 2065 392 2104 t.
414 2065 445 2104 2
466 2061 723 2117 (praefectus
755 2061 860 2103 iuris
881 2061 921 2103 d.
943 2062 1181 2116 Hispaniae
1212 2062 1283 2103 cit.
1306 2067 1348 2103 et
1368 2060 1596 2104 Calabriae
1628 2063 1655 2102 t.
1677 2061 1735 2115 1),
1766 2059 1946 2102 allectus
1971 2059 2082 2101 inter
2122 2102 2125 2105 Δ

367 2129 624 2183 consulares,
657 2144 829 2185 praeses
861 2130 1110 2185 provinciae
1139 2129 1329 2171 Moesiae
1360 2133 1388 2171 t.
1410 2133 1448 2171 1.
1472 2132 1514 2179 2,
1544 2129 1777 2184 superioris
1808 2131 1836 2170 t.
1857 2131 1900 2172 2.

452 2198 665 2239 Patronus
686 2198 1100 2253 Beneventanorum,
1133 2199 1208 2254 qui
1233 2199 1438 2254 privatim
1457 2204 1499 2239 et
1519 2196 1691 2253 publice
1720 2195 1958 2252 patrocinio
1989 2196 2081 2238 eius

366 2280 493 2321 saepe
523 2265 686 2307 defensi
718 2273 818 2308 sunt
847 2269 874 2309 t.
896 2269 935 2308 1.
956 2269 999 2317 2,
1032 2273 1239 2322 patronus
1269 2256 1659 2308 Tarraconensium
1689 2268 1716 2307 t.
1737 2268 1776 2309 3.
1796 2288 1854 2294 -—
1873 2265 2010 2306 Poeta
2039 2269 2082 2305 et

366 2340 509 2376 orator
539 2333 730 2376 inlustris
762 2338 789 2377 t.
811 2337 850 2376 1.
872 2338 914 2378 2.
1745 2326 1748 2330 Ι

450 2403 638 2444 Litteras
679 2406 706 2446 t.
737 2406 769 2445 2
804 2403 912 2445 ‘aevi
951 2403 1145 2445 labentis‘
1181 2416 1265 2445 esse
1306 2402 1525 2444 adnotavit
1564 2402 1823 2452 Mommsen‚·
1854 2403 2081 2456 praeterea

364 2470 569 2512 hominem
597 2472 712 2513 tertii
737 2471 896 2513 saeculi
925 2475 964 2514 et
994 2471 1172 2513 adlectio
1201 2472 1311 2514 inter
1342 2470 1582 2513 consulares
1603 2473 1641 2512 et
1664 2477 1852 2526 ‘praeses
1872 2468 2076 2511 Moesiae'
2126 2508 2129 2511 ,

364 2538 471 2580 satis
501 2538 703 2581 indicant.

280 2619 329 2659 51
365 2625 408 2668 Q.
440 2618 739 2672 CAEC(ILIVS)
781 2625 997 2673 PVDENS,
1042 2619 1209 2674 legatus
1250 2618 1546 2673 Augustorum
1585 2632 1663 2673 pro
1704 2632 1768 2673 pr.
1802 2617 2079 2671 (Germaniae

367 2686 619 2741 superioris)
648 2685 906 2737 Bmmbach,
945 2687 1110 2741 Corpus
1139 2688 1472 2741 Inscriptionum
1501 2685 1807 2728 Rhenanarum
1836 2687 1946 2727 1608
1974 2687 2004 2726 t.
2033 2685 2080 2726 in

367 2753 453 2795 loco
484 2753 772 2808 Jaysthausen
810 2759 1009 2809 repertus.
1081 2755 1270 2798 Nomina
1298 2755 1587 2809 Auyustorum
1625 2767 1750 2797 erasa
1787 2756 1896 2803 sunt,
1935 2765 2079 2807 super-

364 2824 462 2862 sunt
498 2833 569 2863 IMP
600 2833 699 2864 GAES
727 2855 879 2865 ......
910 2835 1054 2866 INVICT.
1086 2835 1166 2866 AVG
1357 2823 1522 2865 Titulus
1550 2825 1657 2864 certe
1678 2824 1779 2876 post
1805 2820 2078 2864 Caracallum

360 2889 528 2942 positus
557 2892 627 2931 est.

280 2969 334 3009 52
365 2968 418 3021 Q.
450 2968 663 3011 Caecilius
694 2970 926 3022 Redditus,
967 2977 1220 3027 procurator
1249 2970 1437 3025 Augusti
1472 2970 1656 3024 (Norici)
1686 2971 1944 3012 memoratur
1973 2968 2018 3010 in
2048 2971 2076 3010 t.

368 3036 527 3078 Norico
560 3037 820 3091 beneficiarii
847 3039 937 3081 III
957 3042 1074 3082 5163.

280 3115 335 3156 53
366 3121 627 3157 CAECILIVS
667 3122 879 3159 RVFINVS
912 3133 937 3159 a
967 3119 1213 3161 Domitiano
1245 3124 1398 3160 senatu
1427 3123 1590 3170 motus,
1630 3116 1745 3173 quod
1776 3115 1960 3159 saltabat
1986 3114 2076 3158 Dio

365 3185 430 3233 67,
462 3186 524 3225 13.

281 3256 335 3298 54
364 3262 416 3299 M.
450 3262 709 3298 CAECILIVS
741 3263 976 3314 RVFINVS,
1019 3259 1078 3302 M.
1111 3258 1288 3303 Caecilii
1329 3259 1534 3301 Fusciani
1566 3258 1845 3314 Crepereiani
1884 3255 2075 3299 Floriani

364 3322 476 3366 filius
506 3324 594 3366 III
612 3327 666 3367 93
696 3328 722 3367 t.
753 3324 1004 3370 Bostranus.
