2176 3750
101 330 442 373 -ALEXANDER·
994 323 1048 369 47
1331 350 1333 353 ι
1598 362 1602 364 .
1616 328 1929 365 ALEXANDER

115 463 195 506 361
228 461 507 515 Alexander,
543 461 732 503 Herodis
773 467 817 503 et
854 461 1131 502 Mariammes'
1169 461 1324 517 prioris
1363 460 1484 502 filius
1521 459 1930 502 Aristobuli'frater

201 531 256 584 ef.
289 529 476 573 Schurer
502 529 649 572 Geseh.
682 530 721 573 d.
744 529 970 583 judisehen
999 529 1149 571 Volkes
1177 530 1211 571 I
1231 532 1316 571 337
1331 543 1417 582 sqq.
1465 528 1596 571 Circa
1626 544 1666 571 a.
1686 532 1764 571 731
1789 549 1846 564 Ξ
1871 533 1930 572 23

201 598 397 644 Herodes
419 598 574 640 fratres
593 598 773 640 Romam
795 598 911 639 misit
929 597 1094 652 Ioseph.
1113 601 1199 639 ant.
1218 600 1282 648 15,
1305 601 1370 648 10,
1394 602 1443 649 1;
1468 604 1566 654 post
1585 597 1929 654 quinquennium

201 668 292 710 sere
321 669 367 709 in
396 668 581 722 patriam
611 666 789 708 reduxit
809 672 852 708 et
870 665 1122 708 Alexandro
1145 666 1414 722 Glaphyram
1435 665 1566 708 filiam
1587 665 1791 708 Archelai
1813 666 1929 720 regis

201 735 510 792 Cappadocum
550 736 593 776 in
633 735 955 777 matrimonium
994 734 1113 776 dedit
1151 735 1209 777 id.
1242 738 1306 785 16,
1338 739 1376 785 1,
1409 739 1451 778 2.
1518 734 1777 789 Calumniis,
1820 749 1929 790 quas

202 803 374 847 Salome
404 810 554 845 contra
583 803 693 845 filios
722 803 998 845 Mariammes
1027 802 1280 859 spargebat,
1323 803 1545 846 lacessitus
1574 803 1774 845 Herodes
1804 803 1927 846 Anti-

199 879 372 929 patrum
402 872 541 914 filium
572 871 808 926 relegatum
839 871 895 913 ad
925 870 1070 914 aulam
1100 872 1322 914 revocavit
1360 878 1404 914 et
1444 871 1683 914 honoribus
1712 873 1925 928 provexit,

199 940 315 983 unde
335 940 579 982 discordiae
599 941 713 982 inter
734 946 902 996 patrem
930 946 973 981 et
1001 939 1112 981 filios
1133 939 1411 982 Mariammes
1442 948 1561 983 ortae
1592 948 1693 982 sunt
1721 940 1780 982 id.
1803 944 1869 991 16,
1886 945 1926 991 3,

200 1008 294 1052 bell.
327 1011 366 1059 1,
395 1012 464 1059 23,
496 1012 599 1052 1-2.
661 1008 784 1061 Quae
826 1022 923 1050 cum
962 1007 1193 1064 Antipatro
1234 1015 1413 1050 auctore
1453 1015 1698 1051 crescerent
1737 1010 1781 1051 in
1821 1008 1926 1063 dies,

197 1076 393 1119 Herodes
434 1078 479 1118 in
517 1075 688 1119 Italiam
728 1076 946 1133 profectus
989 1076 1048 1128 (a.
1088 1077 1178 1130 sere
1208 1080 1292 1120 742
1318 1098 1373 1111 Ξ
1402 1080 1476 1134 12)
1515 1077 1625 1119 filios
1666 1091 1814 1118 secum
1854 1077 1928 1119 ad·

200 1145 354 1188 ductos
384 1145 614 1202 Aquileiae
652 1145 769 1202 apud
801 1144 1048 1199 Augustum
1088 1146 1332 1197 accusavit,
1376 1145 1452 1187 sed
1493 1146 1548 1188 ab
1589 1147 1847 1201 imperatore
1883 1147 1927 1187 in

198 1215 383 1269 gratiam
414 1214 578 1256 reducti
612 1220 712 1256 sunt
740 1213 798 1257 id.
829 1217 896 1264 16,
926 1217 966 1264 4,
997 1217 1097 1264 1—4,
1140 1213 1233 1256 bell.
1263 1218 1301 1264 1,
1334 1217 1404 1264 23,
1439 1217 1479 1256 3.
1539 1214 1728 1256 Domum
1764 1215 1927 1256 reversi

196 1282 340 1324 denuo
380 1283 626 1325 inimicitias
662 1281 949 1337 exercebant,
991 1297 1099 1339 quas
1142 1284 1186 1324 in
1218 1289 1388 1339 tempus
1418 1282 1660 1324 Archelaus
1688 1284 1929 1339 composuit

197 1351 255 1393 id.
288 1354 375 1395 ant.
398 1354 464 1402 16,
485 1354 526 1401 8,
549 1354 587 1401 6,
621 1350 715 1395 bell.
735 1354 775 1401 1,
796 1353 866 1401 25,
894 1350 998 1393 dum
1016 1350 1215 1392 Herodes
1236 1350 1539 1393 Alexandrum
1565 1358 1608 1393 et
1627 1351 1928 1394 Aristobulum

199 1420 379 1462 crimine
416 1418 640 1475 parricidii
679 1419 726 1460 in
760 1418 935 1461 vincula
973 1420 1156 1461 coniecit
1186 1419 1244 1461 id.
1276 1422 1364 1462 ant.
1402 1422 1462 1470 16,
1493 1423 1560 1470 10,
1592 1419 1684 1464 bell.
1714 1423 1753 1470 1,
1784 1422 1854 1470 27,
1887 1423 1925 1463 1.

198 1488 269 1530 De
308 1487 477 1529 consilii
515 1487 750 1542 sententia,
793 1487 910 1544 quod
940 1488 1152 1544 Berytum
1186 1495 1468 1542 convocarat,
1507 1488 1698 1530 damnati
1739 1494 1782 1530 et
1810 1488 1927 1544 apud

199 1555 410 1599 Sebasten
441 1556 572 1598 occisi
599 1561 702 1598 sunt
732 1570 773 1598 a.
803 1556 894 1609 fere
922 1558 1006 1598 747
1023 1575 1079 1591 =
1100 1559 1128 1598 7
1155 1555 1212 1598 id.
1236 1559 1303 1606 16,
1325 1560 1392 1607 11,
1415 1560 1516 1607 1-7,
1550 1556 1643 1599 bell.
1666 1560 1705 1607 1,
1726 1559 1797 1607 27,
1819 1560 1924 1611 2-6,

199 1623 427 1679 (Nicotaus
456 1623 710 1669 Damascen.
744 1624 794 1666 de
821 1624 912 1666 vita
939 1637 1020 1666 sua
1046 1625 1103 1678 fr.
1133 1627 1161 1667 5
1189 1624 1279 1667 III
1293 1625 1374 1675 M„
1408 1625 1568 1668 Strabo
1592 1628 1658 1675 16,
1683 1624 1792 1678 765).

112 1693 196 1735 362
226 1691 498 1747 Alexander,
539 1693 744 1747 Tigranis
783 1693 898 1748 regis
928 1692 1162 1735 Armeniae
1201 1692 1336 1748 filius,
1378 1694 1560 1736 maritus
1598 1694 1770 1750 Iotapes
1811 1693 1926 1736 filiae

196 1760 401 1804 Antiochi
430 1762 546 1816 regis
568 1761 970 1816 Commagenorum,
1003 1777 1030 1804 a
1048 1761 1318 1818 Vespasiano
1350 1762 1526 1817 regulus
1554 1762 1720 1804 insulae
1750 1762 1926 1805 Ciliciae

197 1829 454 1872 constitutus
483 1830 687 1884 Iosephus
719 1833 805 1874 ant.
836 1832 903 1881 18,
934 1832 974 1881 5,
1002 1834 1042 1874 4.
1114 1830 1355 1873 Memorari
1391 1831 1557 1873 videtur
1591 1831 1638 1874 in
1678 1834 1706 1875 t.
1740 1830 1787 1874 G.
1818 1831 1928 1873 Iulii

195 1897 419 1953 Ayrippae
463 1898 549 1953 filii
589 1897 728 1941 Greek
766 1899 958 1952 inscript.
1004 1899 1051 1941 in
1095 1898 1162 1942 the
1205 1898 1375 1941 British
1416 1899 1616 1942 Museum
1653 1900 1742 1942 III
1764 1914 1813 1954 p.
1843 1902 1928 1942 187

195 1979 238 2008 n.
266 1969 360 2011 537.

104 2035 194 2086 μ363
222 2033 496 2088 Alexander,
538 2035 808 2091 Asclepiadis
853 2034 990 2089 filius,
1033 2034 1322 2090 Cotiaeensis,
1369 2037 1678 2091 grammaticus
1716 2036 1924 2090 Graecus,

194 2104 402 2158 magister
431 2103 569 2146 Marci
600 2104 871 2160 imperatoris
903 2103 1086 2146 Marcus
1116 2106 1172 2151 εἰς
1201 2105 1341 2148 ἑαυτόν
1371 2109 1410 2155 1,
1438 2108 1505 2155 10,
1535 2105 1608 2147 vit.
1642 2105 1793 2148 Marci
1818 2109 1861 2156 2,
1882 2109 1922 2155 3,

196 2171 401 2226 Stephan.
416 2171 656 2226 Byzantius
674 2185 709 2214 s.
729 2186 766 2216 v.
788 2171 1007 2224 Κοτιάειον,
1029 2172 1243 2215 Aristides
1264 2176 1371 2215 orat.
1398 2173 1505 2215 XII
1519 2174 1698 2227 passim.
1740 2174 1926 2230 Scripsit

197 2238 415 2297 Ὁμηρικὴν
445 2243 690 2298 συγγραφήν,
721 2241 840 2282 euius
873 2240 1078 2294 reliquias
1115 2241 1281 2295 collegit
1307 2241 1443 2283 Lehrs
1482 2242 1743 2295 quaestiones
1782 2243 1924 2296 epicae

197 2323 247 2363 p.
267 2312 446 2351 11—16.
491 2308 808 2361 Laudationem
837 2308 1066 2350 funebrem
1091 2310 1183 2351 eius
1204 2309 1259 2351 ad
1281 2309 1557 2352 Cotiaeenses
1579 2311 1751 2366 scripsit
1771 2310 1922 2353 Aelius

197 2375 411 2419 Aristides
439 2377 624 2419 Aristid.
656 2380 763 2421 orat.
793 2377 905 2419 XII.

109 2445 195 2487 364
222 2444 486 2499 Alexander,
518 2444 782 2500 Platonicus,
815 2459 944 2501 quem
973 2446 1208 2502 imperator
1236 2445 1414 2488 Marcus
1447 2453 1636 2489 sectatur
1656 2447 1839 2490 Marcus
1867 2450 1925 2495 εἰς

197 2513 337 2556 ἑαυτόν
366 2516 406 2563 1,
437 2516 508 2556 12.

108 2582 192 2624 365
221 2580 494 2636 Alexander,
536 2581 779 2624 Alexandri
824 2581 876 2636 f.,
923 2581 1052 2637 volgo
1098 2582 1393 2640 Πηλοπλοίττων7
1417 2584 1684 2638 nominatus,
1732 2584 1923 2640 sophista

138 2653 142 2657 '
198 2649 495 2705 Seleuciensis,
527 2650 582 2692 ab
613 2651 872 2707 imperatore
892 2650 1040 2692 Marco
1072 2651 1115 2692 in
1137 2651 1406 2693 Pannoniam
1428 2658 1617 2707 vocatus,
1649 2652 1706 2695 ab
1728 2652 1921 2708 epistulis

195 2717 375 2760 Graecis
406 2719 498 2760 eius
529 2718 738 2761 Philostr.
767 2720 840 2761 vit.
871 2719 986 2773 soph.
1018 2719 1079 2761 II
1093 2733 1141 2773 Ρ.
1162 2723 1267 2771 571;
1306 2723 1539 2778 τελευτῆσαι
1568 2722 1634 2765 τὸν
1662 2720 1922 2778 Ἀλέξανδρον

194 2788 230 2829 οἱ
258 2787 330 2843 μὲν
360 2787 402 2829 ἐν
432 2785 598 2834 Κελτοῖς
628 2801 745 2845 φασιν
776 2787 833 2830 ἔτι
863 2787 1161 2838 ἐπιστέλλοντα,
1203 2790 1239 2831 οἱ
1279 2788 1359 2831 δ’ἐν
1392 2788 1537 2846 Ἰταλίᾳ
1571 2790 1822 2846 πεπαυμένον
1853 2795 1921 2833 τοῦ

194 2855 448 2907 ἐπιστέλλειν,
483 2857 548 2898 καὶ
587 2858 623 2898 οἱ
663 2857 734 2912 μὲν
765 2856 1043 2913 ἑΕηκοντοῦτην
1074 2858 1109 2899 οἱ
1140 2858 1185 2899 δὲ
1219 2858 1285 2900 καὶ
1315 2857 1449 2909 οὔπω,
1490 2859 1556 2901 καὶ
1585 2860 1621 2901 οἱ
1651 2860 1723 2914 μὲν
1754 2860 1817 2901 ἐπὶ
1847 2860 1923 2915 υἱῷ

194 2925 231 2965 οἱ
261 2921 371 2966 δ’ἐπὶ
400 2925 568 2981 θυγατρί
593 2923 679 2968 ibd.
704 2926 798 2968 575.

109 2991 194 3034 366
222 2990 486 3046 Alexander,
518 2993 839 3047 Damaseenus,
870 2992 1151 3049 philosophus
1181 2994 1509 3049 peripateticuS,
1541 2996 1748 3049 magister
1776 2994 1918 3037 Flavii

193 3059 349 3101 Boethi
377 3059 527 3102 Galen.
549 3061 611 3103 II
623 3075 673 3115 p.
693 3063 791 3111 218,
822 3061 903 3103 XI
907 3060 950 3103 V
960 3075 1009 3115 p
1031 3064 1127 3106 612.
1155 3064 1242 3104 627
1261 3062 1321 3104 K.

109 3127 191 3169 367
221 3126 484 3183 Alexander,
516 3128 850 3172 Abonoteiehita
877 3143 1042 3184 maguS,
1071 3129 1261 3185 aequalis
1283 3130 1479 3183 Luciam,
1505 3132 1579 3185 qui
1608 3132 1658 3174 de
1687 3146 1733 3174 eo
1764 3132 1919 3174 librum

196 3194 496 3252 Ἀλέξανδρος
473 3214 499 3253 η
521 3197 781 3254 ψευδόμαντις
810 3197 1053 3251 composuit.
1102 3197 1235 3240 Socer
1261 3198 1471 3241 Rutiliani
1502 3201 1686 3242 Romani
1715 3201 1772 3242 ib.
1793 3204 1831 3244 4.
1852 3202 1918 3243 35.

107 3263 192 3306 368
221 3262 472 3306 Alexander
501 3265 678 3321 quidam
707 3265 824 3321 apud
854 3264 1125 3308 Caracallam
1156 3281 1255 3308 reus
1284 3267 1423 3310 faetus
1453 3267 1541 3310 Dio
1574 3272 1638 3318 77,
1666 3271 1706 3310 8.

109 3330 194 3374 369
222 3331 494 3387 Alexander,
535 3348 644 3389 puer
671 3334 812 3376 Asinii
843 3333 1072 3388 Pollionis,
1105 3333 1284 3377 deliciae
1314 3335 1520 3391 Vergilii,
1564 3351 1693 3392 quem
1730 3336 1920 3378 secunda

196 3398 343 3454 ecloge
371 3399 546 3442 Alexim
575 3400 765 3457 appellat
792 3403 863 3446 vit.
895 3401 1014 3456 Very.
1046 3401 1206 3445 Donat.
1229 3418 1278 3457 p.
1299 3406 1358 3446 57
1373 3404 1445 3455 R„
1478 3404 1652 3447 Servius
1681 3404 1754 3446 ecl.
1775 3407 1818 3454 2,
1840 3407 1878 3447 1.
