2202 3730
280 276 528 312 AVRELIVS
1139 266 1224 309 216
1825 271 2076 309 AVRELIVS

365 417 605 448 consensum
627 403 810 445 omnium
830 403 1159 445 testimoniorum
1177 405 1371 444 veterum.
1408 401 1702 445 Alexandrum
1723 403 1886 446 Romae
1907 403 2083 459 adopta-

367 476 452 515 tum
483 485 567 513 esse
595 474 643 512 ut
668 474 778 512 recte
807 471 992 524 refertur
1015 471 1085 512 vit.
1107 470 1350 524 Elayabali
1368 473 1433 521 13,
1454 474 1492 521 1,
1523 471 1587 512 ita
1603 485 1832 525 perperam
1859 470 2084 514 Caesarem

366 555 394 583 a
422 543 569 582 scnatu
597 538 798 580 Macrino
828 539 1074 592 interempto
1104 538 1362 593 appellatum
1392 538 1477 581 ibd.
1501 541 1539 589 5,
1562 543 1599 589 1,
1630 540 1719 581 vita
1746 543 1784 588 1,
1805 542 1860 591 2;
1888 543 1932 590 2,
1957 543 1995 582 4.

451 606 613 648 Consul
643 606 664 647 I
695 621 791 647 cum
823 607 922 662 imp.
946 605 1131 649 Caesare
1160 606 1220 648 M.
1241 605 1420 648 Aurelio
1451 605 1670 648 Antonino
1701 606 1815 661 Aug.
1846 607 2081 650 Herodian.

363 678 401 725 5,
436 678 472 725 7,
501 678 540 724 4,
572 675 642 717 vit.
664 674 908 729 Elayabali
933 677 998 725 15,
1029 676 1056 716 5
1085 675 1139 728 cf.
1170 675 1318 728 fastos.
1377 674 1651 729 Elagabalus,
1684 689 1812 730 quem
1841 667 2083 731 adoptionis

364 742 622 799 paenitebat,
655 742 817 784 frustra
846 742 1023 785 insidias
1046 744 1083 784 ei
1104 743 1264 784 struxit
1283 743 1353 784 vit.
1376 743 1422 784 E
1429 742 1625 797 layabali‘
1639 746 1791 794 13-14,
1817 742 1905 786 Dio
1927 746 1993 794 79,
2015 746 2082 794 19,

364 810 599 854 Herodian.
621 811 659 861 5,
681 814 720 861 8,
743 815 774 854 2
792 824 877 865 sqq.
921 811 1040 864 Quas
1063 817 1261 867 repetens
1283 825 1379 853 cum
1401 811 1650 853 interfectus
1680 817 1803 866 esset,
1834 810 2085 853 Alexander

365 878 586 933 Augustus
617 878 856 934 appellatus
889 885 953 921 est
980 880 1070 921 vita
1098 883 1136 930 1,
1167 878 1255 921 Dio
1283 881 1352 929 80,
1384 882 1420 929 1,
1456 878 1689 921 Herodian.
1719 881 1758 929 5,
1788 881 1828 929 8,
1860 882 1927 921 10.
1977 879 2085 922 Inde

366 946 606 1001 appellatur
636 947 735 1002 imp.
769 945 926 989 Caesar
953 947 1041 988 divi
1073 947 1222 1001 Magni
1254 945 1463 988 Antonini
1493 947 1561 988 Pii
1590 945 1725 1000 filius,
1770 946 1859 988 divi
1889 946 2084 1003 Septimii

365 1014 515 1057 Severi
554 1015 619 1056 Pii
664 1029 795 1070 nepos
835 1015 893 1056 M.
935 1014 1139 1056 Aurelius
1185 1014 1287 1068 (sive
1326 1013 1563 1068 Aurellius)
1611 1014 1796 1056 Severus
1835 1013 2086 1058 Alexander

367 1085 470 1126 Pius
491 1083 618 1125 Felix
639 1084 753 1138 Aug.
776 1084 944 1138 passim
963 1084 1009 1125 in
1031 1083 1177 1133 titulis,
1199 1083 1288 1125 sine
1308 1083 1564 1125 indicatione
1586 1083 1731 1137 patris
1761 1086 1801 1125 et
1828 1083 1898 1125 avi
1917 1084 2088 1137 pariter

364 1152 411 1194 in
440 1152 620 1193 nummis
639 1151 799 1194 Eckhez
828 1151 923 1194 VII
936 1166 982 1205 p.
1001 1154 1098 1194 269.
1138 1150 1376 1205 Adoptione
1407 1165 1505 1205 erqo
1535 1151 1690 1193 reiecta
1719 1151 1857 1205 filium
1877 1151 2088 1194 Antonini

362 1218 623 1275 (Caracalli)
650 1233 693 1261 se
715 1220 936 1274 professus
958 1222 1017 1262 est
1037 1222 1077 1262 et
1096 1219 1242 1262 Severi
1260 1233 1409 1261 nomen
1429 1220 1584 1270 statim,
1604 1222 1653 1261 ut
1671 1220 1892 1274 imperium
1913 1219 2088 1274 adeptus

367 1292 437 1338 est,
468 1289 515 1330 in
544 1288 740 1330 honorem
762 1289 833 1329 avi
852 1302 970 1341 quem
992 1288 1156 1341 ferebat
1175 1288 1364 1342 sumpsit.
1405 1287 1639 1342 Perperam
1659 1287 1709 1330 de
1728 1289 1888 1343 oriyine
1906 1289 2088 1332 nominis

362 1356 604 1398 hariolatur
634 1359 782 1398 auctor
810 1357 922 1398 vitae
952 1359 1021 1406 12,
1052 1359 1102 1407 5,·
1130 1358 1199 1406 25,
1232 1359 1274 1399 2.
1295 1380 1353 1386 -
1382 1355 1544 1399 Consul
1571 1356 1617 1398 H
1645 1370 1681 1400 a.
1709 1357 1804 1411 226,
1836 1357 1905 1399 ΠΙ
1934 1371 1971 1399 a.
2003 1357 2086 1400 229

367 1426 483 1479 fasti.
519 1449 571 1454 —
604 1424 781 1468 Occisus
814 1431 878 1466 est
917 1439 1064 1473 mense
1093 1424 1251 1466 Martio
1293 1425 1466 1466 ineunte
1505 1439 1544 1467 a.
1575 1425 1657 1467 237
1695 1423 1883 1467 tumultu
1911 1424 2087 1468 militari

366 1494 410 1535 in
442 1494 677 1537 Germania
698 1493 934 1536 Herodian.
957 1496 993 1543 6,
1016 1496 1117 1543 8—9,
1148 1493 1238 1535 vita
1258 1495 1324 1537 59.
1351 1496 1416 1543 61,
1447 1493 1518 1535 vit.
1542 1493 1779 1535 Maximini
1808 1496 1845 1544 7,
1877 1494 1922 1534 in
1944 1492 2088 1537 Gallia

366 1562 546 1616 Eutrop.
574 1563 614 1612 8,
644 1554 724 1613 23,·
762 1561 1025 1616 Mogontiaci
1064 1561 1275 1603 Eusebius
1313 1575 1472 1603 armen.
1514 1561 1573 1603 ad
1602 1575 1641 1603 a.
1671 1560 1779 1605 Abr.
1814 1563 1936 1604 2252
1974 1561 2087 1616 (inde

363 1629 646 1684 Hieronymus
685 1630 827 1671 chron.
858 1629 1003 1684 2248),
1046 1629 1264 1684 Syncellus
1296 1643 1342 1683 p.
1374 1630 1466 1679 675,
1497 1633 1569 1679 20,
1617 1628 2002 1684 Chronoqraphus;
2044 1630 2087 1672 in

366 1698 604 1751 Britannia,
637 1704 684 1739 ut
715 1697 787 1739 alii
817 1697 970 1740 volunt
999 1699 1043 1739 in
1075 1697 1220 1741 Gallia
1246 1698 1290 1738 in
1315 1698 1411 1738 vico
1443 1698 1512 1739 cui
1544 1697 1693 1740 Sicilia
1721 1712 1877 1739 nomen
1907 1704 1972 1740 est
1999 1699 2089 1741 vita

345 1769 430 1817 59,
454 1769 491 1816 6,
523 1767 620 1808 vico
652 1767 916 1820 Britanniae,
951 1767 1021 1808 cui
1050 1765 1310 1808 vocabulum
1343 1765 1492 1808 Sicilia
1522 1765 1664 1808 Victor
1691 1765 1810 1808 Caes.
1831 1770 1901 1817 24,
1921 1769 1961 1809 5.

451 1846 597 1889 onr:
630 1846 781 1889 Gnaea
813 1846 912 1889 Seia
940 1846 1164 1888 Herennia
1189 1844 1393 1888 Sallustia
1417 1844 1580 1887 Barbia
1600 1844 1796 1888 Orbiana
1819 1859 1855 1890 v.
1877 1846 1953 1888 sub
1975 1845 2087 1889 Seia.

553 1925 735 1960 Polemius
762 1925 897 1960 Silvius
914 1926 1058 1969 (chroni
1077 1926 1163 1960 min.
1181 1925 1208 1960 Ι
1221 1935 1261 1969 p.
1279 1926 1347 1960 521
1366 1923 1419 1959 ed.
1436 1923 1660 1965 Mommsen)
1678 1924 1843 1960 adnotat.-
1870 1922 2090 1960 Antoninus

466 1979 740 2026 Heliogabalus
776 1980 937 2023 occisus,
974 1981 1044 2016 sub
1078 1992 1152 2026 quo
1187 1979 1390 2015 Marcellus
1428 1979 1570 2015 Caesar
1606 1982 1644 2014 et
1684 1979 1888 2016 Sallustius
1924 1980 2090 2016 Vranius

466 2037 645 2073 Seleucus
682 2040 797 2084 atque
831 2036 1022 2072 Taurinus
1058 2037 1211 2084 tyranni
1241 2036 1407 2071 fuerunt.
1465 2037 1567 2073 Haec
1599 2040 1753 2082 confusa
1783 2041 1884 2081 sunt,
1919 2039 2091 2082 quoniam

472 2094 646 2130 Vranium
669 2099 700 2130 et
717 2095 921 2130 Taurinum
939 2096 1005 2130 sub
1023 2095 1228 2131 Alemandro
1252 2105 1399 2139 reynum
1423 2095 1621 2139 sumpsisse
1645 2098 1792 2131 constat.
1827 2095 1951 2140 Neque
1970 2095 2091 2130 minus

465 2151 558 2196 falso
583 2152 765 2187 Polemius
796 2164 893 2195 eum,
920 2164 1019 2196 quem
1042 2152 1275 2197 Elayabalus
1299 2152 1377 2197 ipse
1407 2151 1593 2187 Caesarem
1617 2154 1762 2196 fecerat,
1793 2152 1832 2187 in
1855 2156 2092 2198 tyrannorum

465 2219 610 2244 numero
640 2210 817 2245 rettulisse
855 2209 991 2245 videtur
1022 2213 1125 2254 atque
1154 2209 1349 2245 Marcellus
1385 2209 1461 2244 coll.
1491 2208 1657 2254 Ispitome
1687 2212 1747 2252 23,
1779 2213 1800 2245 4
1837 2208 2090 2254 intelleyendus

466 2265 681 2300 Alexander.
721 2266 841 2302 Potest
865 2277 980 2302 verum
1004 2277 1079 2301 esse
1102 2267 1186 2301 huic
1203 2266 1351 2310 privato
1377 2266 1526 2302 nomina
1548 2266 1664 2311 fuisse
1681 2265 1848 2301 Gessium
1862 2266 2092 2302 Bassianum

466 2322 684 2357 Marcellum.

556 2379 615 2414 De
637 2383 790 2424 tempore
814 2391 882 2424 quo
900 2380 1108 2416 Alemander
1130 2391 1278 2426 reynum
1301 2381 1438 2423 inisset,
1463 2381 1533 2416 viri
1555 2379 1648 2416 docti
1670 2381 1819 2415 multum
1842 2379 2091 2416 dubitaverunt

468 2438 556 2472 actis
581 2441 728 2473 senatus
746 2438 976 2482 potissimum
999 2438 1093 2480 moti,
1119 2449 1208 2482 quae
1226 2439 1464 2482 proferuntur
1486 2438 1562 2473 vita
1582 2437 1685 2472 Alea.
1710 2441 1732 2473 6
1755 2447 1830 2481 sqq.
1868 2436 1971 2472 Haec
1998 2437 2092 2472 enim

468 2495 502 2529 si
533 2495 674 2529 sincera
706 2498 820 2529 essent
850 2498 954 2538 atque
983 2495 1024 2529 in
1054 2498 1182 2530 senatu
1207 2494 1329 2538 pridie
1356 2505 1475 2530 nonas
1500 2493 1661 2529 Martias
1687 2505 1732 2530 ea
1752 2487 1842 2538 quae
1864 2493 2093 2538 perhibemur

468 2554 565 2597 qesta
589 2554 713 2589 essent,
738 2561 877 2586 necesse
900 2554 989 2587 esset
1013 2555 1164 2587 statuere
1187 2550 1439 2586 Alexandrum
1472 2554 1560 2586 certe
1589 2550 1827 2594 compluribus
1860 2552 1944 2585 ante
1966 2549 2090 2585 diebus

467 2608 670 2652 Auyustum
701 2611 951 2651 nuncupatum
986 2619 1069 2643 esse.
1117 2608 1166 2642 At
1198 2608 1361 2652 quamvis
1396 2608 1600 2651 nuperrime
1637 2607 1793 2642 extiterit.
1824 2606 1887 2651 qui
1915 2606 1984 2642 illa·
2008 2610 2090 2642 aaa

468 2664 625 2709 yenuina
642 2674 716 2698 esse
734 2664 938 2708 defenderet,
960 2675 1001 2700 ea
1020 2665 1063 2699 ab
1081 2665 1219 2700 homine
1235 2664 1396 2708 imperito
1421 2664 1549 2699 aetatis
1569 2664 1780 2707 posterioris
1805 2663 1888 2708 ficta
1911 2673 1986 2698 esse
2009 2662 2092 2698 inde

473 2720 747 2756 luculentissime
771 2725 936 2766 apparet,
962 2721 1056 2765 quod
1086 2725 1210 2757 auctor
1239 2731 1391 2766 prorsus
1422 2721 1599 2765 ignoravit
1628 2719 1875 2756 Alexandrum
1905 2720 2024 2764 ipsum
2056 2730 2094 2754 se

471 2777 584 2821 filium
600 2776 677 2811 divi
693 2777 824 2822 Mayni
835 2778 1017 2813 Antonini
1032 2778 1175 2823 publice
1184 2779 1393 2823 professum
1409 2788 1484 2812 esse
1499 2788 1609 2821 neque
1624 2788 1783 2821 unquam
1799 2776 1913 2812 dicere
1928 2776 2094 2822 potuisse

473 2832 684 2878 ‘displicere
715 2833 787 2868 sibi
819 2833 967 2868 alienae
997 2833 1163 2868 familiae
1193 2844 1327 2869 nomen
1359 2834 1443 2877 (sel.
1467 2833 1667 2875 Antonini)
1698 2833 1908 2868 adsumere'
1931 2834 1964 2876 9,
1989 2835 2013 2869 7
2041 2833 2093 2869 vel

473 2887 667 2923 ‘Antonini
693 2900 827 2924 nomen
853 2889 1083 2926 adfectatum
1105 2891 1143 2925 in
1165 2890 1366 2925 Bassiano’
1392 2894 1453 2934 10,
1477 2893 1509 2933 5,
1535 2890 1599 2925 ubi
1622 2889 1831 2925 Caracallus
1856 2890 2092 2936 siqnificatur.

474 2946 603 2991 Itaque
638 2946 702 2981 illa
737 2950 818 2981 acta
853 2948 998 2983 omnino
1031 2948 1209 2983 reicienda
1239 2951 1334 2983 sunt.
1366 2968 1409 2972 —
1441 2947 1564 2991 Neque
1594 2947 1679 2982 aliis
1708 2947 1930 2990 rationibus,
1961 2947 2092 2991 quibus

471 3003 611 3038 numeri
642 3015 664 3037 a
696 3002 816 3038 Dione
843 3005 982 3047 prolati
1007 3005 1048 3039 in
1071 3004 1219 3039 dubium
1245 3005 1361 3040 vocati
1384 3007 1470 3039 sunt
1492 3004 1514 3048 (
1524 3002 1651 3046 Wirth,
1678 3002 1913 3048 Quaestiones
1938 3002 2092 3039 Sevevia-

472 3070 540 3094 nae
563 3071 601 3103 p.
626 3062 686 3094 40.
711 3060 795 3103 43),
826 3060 913 3104 plus
945 3060 1170 3096 tribuendum
1203 3060 1350 3096 videtur.
1399 3060 1472 3106 Qui
1494 3060 1633 3095 numeri
1655 3059 1739 3095 inde
1762 3071 1784 3095 α
1807 3069 1890 3095 nece
1912 3058 2094 3096 Caracalli

471 3127 583 3159 usque
607 3115 655 3150 ad
680 3126 794 3151 necem
818 3116 1019 3161 Elayabali
1049 3128 1168 3153 omnes
1198 3117 1325 3161 optime
1349 3116 1433 3160 (78,
1458 3118 1490 3152 5.
1516 3120 1574 3151 11.
1599 3119 1656 3152 16.
1680 3119 1735 3152 39.
1760 3120 1826 3161 41,-
1851 3119 1906 3160 79,
1928 3116 1976 3161 3)
2001 3116 2094 3152 inter

472 3184 507 3207 se
541 3172 771 3215 conveniunt,·
809 3183 894 3207 nam
931 3176 985 3216 79,
1010 3175 1055 3209 39
1087 3174 1152 3209 ubi
1175 3173 1332 3209 traditur
1359 3175 1404 3223 τῇ
1430 3172 1573 3210 Ἰουλίου
1598 3173 1699 3222 ὀγδόῃ
1727 3171 1982 3214 restituendum
2017 3183 2093 3209 esse

474 3228 614 3265 Ἰουνίου
644 3239 687 3264 ex
717 3228 839 3265 Dione
869 3230 949 3273 ipso
989 3230 1072 3274 (78,
1096 3235 1140 3266 41
1170 3230 1243 3266 coll.
1268 3233 1326 3274 78,
1355 3233 1424 3272 11)
1454 3230 1527 3265 iam
1549 3229 1691 3275 pridem
1719 3232 1808 3264 recte
1843 3228 2094 3266 demonstravit

473 3284 676 3319 Reimarus.
717 3286 845 3329 Itaque
868 3297 948 3321 ewm
963 3286 1086 3322 Dione
1107 3286 1198 3322 diem
1221 3286 1318 3322 necis
1342 3286 1542 3331 Elayabali
1564 3289 1595 3321 et
1619 3285 1709 3321 diem
1734 3285 1877 3330 imperii
1890 3285 2094 3322 Alexandri

475 3341 666 3377 statuimus
700 3341 733 3376 d.
765 3345 808 3376 11
843 3343 974 3378 mensis
1002 3342 1132 3379 Martii
1163 3353 1196 3378 α.
1219 3343 1304 3381 222.
1360 3342 1508 3379 Constat
1543 3345 1660 3379 autem
1693 3353 1738 3378 eoe
1766 3342 1875 3388 fastis
1914 3341 2093 3378 sodalium
