2202 3730
101 295 356 331 ANTONIVS
981 288 1037 329 99
1659 293 1913 329 ANTONIVS

186 426 338 469 tribuit
369 425 752 480 Chronoqraphus;
791 427 1044 482 ἐβασίλευσεν
1076 425 1272 482 Βαλβῖνος
1311 429 1438 480 μῆνας
1466 421 1503 479 γ’
1534 425 1599 466 καὶ
1638 425 1818 481 ἐσφάγη·
1849 426 1914 467 καὶ

186 496 440 553 ἐβασίλευσεν
466 494 663 541 Πούπλιος
692 495 844 551 ἡμέρας
874 495 1012 536 ἑκατὸν
1043 496 1108 536 καὶ
1138 495 1294 551 ἐσφάγη
1332 492 1491 536 Chron.
1523 492 1722 534 Pasclial.
1747 507 1796 546 p.
1828 496 1913 535 269

185 565 240 618 cf.
262 564 422 606 Zonar.
442 566 512 612 12,
534 565 591 604 17
610 577 657 616 p.
679 566 769 604 127
785 562 990 616 Dindorf.
1036 563 1187 616 Itaque
1208 561 1426 616 Pupienus
1455 563 1495 603 et
1518 560 1734 602 Balbinus
1762 575 1913 615 reyna-

185 634 336 673 verunt
362 645 446 686 per
477 634 560 674 tres
590 632 678 685 fere
708 645 867 673 menses
905 631 969 673 vel
998 630 1135 685 paulo
1172 630 1356 685 amplius
1392 629 1490 672 inde
1521 643 1549 671 a
1577 643 1714 671 mense
1745 630 1914 672 Martio

185 701 353 743 ineunte
380 700 427 742 in
455 699 639 742 medium
663 713 841 742 mensem
862 700 1048 749 Iunium,
1070 700 1146 742 ubi
1161 698 1408 742 Gordianus
1427 698 1541 740 solus
1560 699 1782 752 i'nqieri'um
1802 699 1912 741 iniit.

269 767 339 811 De
366 768 747 823 subscriptionibus
776 768 1118 810 constitutionum
1149 782 1188 810 a.
1212 770 1297 810 238
1324 768 1371 809 in
1401 766 1539 809 codice
1568 767 1829 817 Iustiniano,
1864 767 1913 809 de

187 837 334 892 eclipsi
379 837 482 880 solis
531 837 618 891 (vit.
662 836 872 879 Gordian.
917 839 992 886 23,
1029 838 1095 891 2),
1148 836 1198 878 de
1246 835 1516 889 inscriptione
1556 836 1721 889 papyri
1763 849 1914 889 yraeee

184 907 370 960 scriptae
409 903 756 959 (Mittheilunqen
797 918 875 947 aus
915 904 989 946 der
1029 904 1279 958 Sammlunq
1318 903 1392 945 der
1432 903 1632 958 Papyrus
1670 903 1913 958 Erzhereoq

184 974 351 1017 Rainer
379 973 445 1017 II.
467 973 558 1016 III
570 988 619 1027 p.
639 972 711 1027 31)
741 973 818 1015 hoc
849 972 936 1015 loco
968 987 1092 1027 aqere
1120 986 1206 1014 non
1234 986 1370 1014 meum
1401 975 1472 1022 est,
1506 973 1559 1025 cf.
1582 971 1793 1026 Borqhesi
1816 987 1911 1026 opp.

186 1042 229 1085 V
240 1057 288 1096 p.
310 1044 393 1084 486
412 1055 513 1096 sqq„
547 1041 677 1085 Seeck
706 1041 982 1084 Rheinisches
1008 1041 1207 1083 Museum
1236 1040 1356 1082 XLI
1369 1055 1418 1094 p.
1439 1043 1520 1082 161
1540 1054 1645 1094 sqq.‚
1676 1040 1825 1091 Sade'e,
1863 1041 1913 1083 de

183 1111 488 1165 imperatorum
507 1110 799 1152 Romanorum
820 1110 937 1152 tertii
955 1109 1115 1151 saeculi
1134 1109 1391 1163 temporibus
1411 1108 1711 1151 constituendis
1723 1111 1811 1163 p.8
1826 1123 1911 1163 sqq.

98 1180 181 1222 665
211 1185 264 1223 Μ.
296 1185 548 1221 ANTONIVS
581 1184 867 1220 GORDIANVS
898 1197 954 1212 =
984 1184 1086 1220 IMP.
1119 1183 1316 1219 CAESAR
1345 1184 1397 1220 M.
1419 1183 1672 1218 ANTONIVS
1703 1183 1912 1218 GORDIA-

184 1253 280 1289 NVS
312 1253 701 1289 SEMPRONIANVS
740 1252 982 1288 ROMANVS
1013 1252 1294 1287 AFRICANVS
1325 1251 1440 1287 AVG.
1472 1245 1560 1299 (ΙΙ).
1619 1244 1688 1287 De
1716 1246 1910 1295 nummis,

185 1315 342 1366 titulis,
372 1316 615 1358 nominibus
643 1315 736 1358 vide
768 1316 814 1357 in
837 1318 981 1369 patre.
1021 1340 1078 1344 —
1117 1314 1175 1358 M.
1211 1313 1404 1356 Antonio
1434 1313 1657 1358 Gordiano
1689 1328 1745 1355 ex
1774 1313 1913 1356 Fab1a

183 1383 388 1428 Orestilla
416 1391 544 1427 natus
574 1390 639 1426 est
667 1385 757 1426 vita
786 1387 852 1434 17,
882 1387 910 1425 4
940 1397 1052 1426 anno
1083 1384 1173 1437 fere
1193 1386 1292 1433 192,
1324 1396 1415 1424 cum
1446 1397 1486 1424 a.
1507 1384 1593 1425 238
1624 1382 1912 1438 quadraginta

184 1459 228 1495 et
256 1468 336 1495 sex
355 1467 492 1495 annos
513 1453 653 1507 egisse
675 1452 845 1494 dicatur
863 1452 954 1494 vita
976 1454 1042 1502 15,
1065 1455 1108 1495 2.
1153 1451 1446 1504 Quaesturam
1466 1450 1705 1505 Elagabalo
1735 1458 1911 1493 auctore

182 1522 442 1578 promeruit3
486 1527 735 1578 praeturam
773 1520 1027 1562 Alexandro
1067 1526 1244 1562 auctore
1284 1519 1495 1562 urbanam
1537 1520 1697 1573 tenuit,
1740 1520 1785 1560 in
1826 1535 1913 1576 qua

181 1596 326 1633 tantus
367 1590 475 1632 iuris
514 1589 714 1632 dictionis
753 1590 895 1644 gratia
933 1588 1037 1643 fuit,
1087 1595 1136 1631 ut
1175 1589 1322 1630 statim
1362 1587 1633 1630 consulatum
1673 1595 1914 1631 mereretur

179 1659 270 1701 vita
297 1661 365 1709 18,
385 1661 486 1701 4-5.
544 1657 701 1701 Consul
729 1656 929 1709 suffectus
959 1671 1071 1700 anno
1100 1657 1260 1699 incerto
1289 1657 1367 1699 sub
1396 1656 1660 1699 Alemandro.
1719 1657 1911 1711 Legatus

181 1728 316 1784 patris
336 1725 605 1783 proconsulis
624 1725 804 1769 Africae
825 1741 922 1768 cum
942 1733 1065 1783 patre
1090 1727 1325 1782 imperator
1352 1724 1593 1782 appellatus
1614 1740 1640 1766 a
1661 1724 1911 1781 Capelliano

180 1796 322 1838 victus
351 1796 482 1852 periit
510 1794 747 1838 Herodian.
779 1798 818 1845 7,
848 1798 948 1846 7-9,
989 1795 1079 1837 vita
1107 1797 1262 1837 15-16,
1319 1794 1442 1836 Inter
1480 1793 1584 1836 deos
1623 1793 1784 1836 relatus
1823 1795 1913 1836 vita

181 1867 247 1915 16,
267 1868 308 1915 4,
338 1865 409 1908 vit.
442 1863 635 1906 Maximi
662 1867 702 1906 et
729 1863 914 1906 Balbini
938 1867 979 1914 4,
1011 1863 1139 1905 divus
1171 1862 1419 1907 Gordianus
1450 1863 1496 1904 in
1527 1862 1662 1905 titulis
1698 1862 1915 1905 Gordiani

178 1933 270 1976 III
292 1933 347 1987 cf.
377 1947 420 1975 n.
443 1935 534 1975 666.
559 1957 618 1962 —-
644 1931 749 1975 Cum
777 1933 941 1975 nummi
967 1931 1287 1975 Gordianorum
1309 1932 1456 1986 patris
1486 1934 1524 1974 et
1553 1931 1638 1986 filii
1667 1934 1833 1973 tantum
1863 1945 1914 1973 esc

180 2001 355 2044 diversis
393 2001 605 2055 capitibus
643 2000 982 2054 distinquantur,
1019 2014 1235 2043 nummum
1274 1999 1391 2054 apud
1427 1999 1568 2042 Cohen
1598 2014 1646 2054 p.
1670 2003 1696 2042 6
1723 2013 1766 2041 n.
1791 2003 1819 2041 4
1846 2000 1912 2041 in-

179 2070 383 2124 scriptum
407 2069 454 2111 in
480 2082 631 2111 aversa
656 2069 705 2111 P.
732 2069 793 2113 M.
824 2069 899 2111 Tr.
929 2069 979 2111 P.
1009 2069 1058 2111 P.
1091 2069 1140 2111 P.
1172 2068 1216 2113 S.
1249 2068 1298 2111 C.
1329 2068 1442 2122 falso
1473 2068 1532 2110 ad
1559 2068 1697 2122 filium
1729 2068 1911 2110 relatum

180 2151 266 2181 esse
294 2137 544 2180 crediderim
567 2140 607 2180 et
624 2140 806 2191 propter
836 2138 884 2179 P.
915 2137 975 2180 M.
997 2137 1213 2191 pertinere
1243 2137 1302 2179 ad
1320 2139 1504 2190 patrem.

95 2208 180 2250 666
208 2213 262 2249 Μ.
293 2211 546 2248 ANTONIVS
579 2211 865 2248 GORDIANVS
893 2225 949 2239 =
970 2212 1073 2247 IMP.
1106 2211 1302 2247 CAESAR
1332 2211 1384 2248 M.
1416 2210 1669 2246 ANTONIVS
1702 2209 1911 2245 GORDIA-

181 2281 277 2317 NVS
307 2273 423 2316 AVG.
455 2277 564 2329 (III).
624 2274 731 2316 Divi
761 2273 821 2316 M.
851 2273 1033 2315 Antonii
1065 2273 1276 2317 Gordiani
1318 2287 1474 2328 nepos,
1517 2272 1607 2314 divi
1638 2272 1697 2314 M.
1729 2271 1910 2314 Antonii

183 2342 395 2386 Gordiani
431 2342 589 2384 sororis
618 2356 695 2384 sue
725 2341 818 2396 (sic)
848 2340 962 2383 filius
992 2341 1170 2395 sphem.
1202 2356 1264 2395 ep.
1297 2341 1335 2391 7,
1366 2343 1467 2390 575,
1509 2340 1601 2382 divi
1640 2340 1700 2384 M.
1729 2339 1910 2382 Antonii

181 2410 395 2455 Gordiani
434 2423 589 2466 nepos,
632 2409 724 2451 divi
753 2408 935 2451 Antonii
966 2408 1178 2453 Gordiani
1208 2409 1368 2451 sororis
1398 2408 1512 2450 filius
1545 2408 1668 2450 VIII
1689 2410 1784 2458 848,
1817 2407 1909 2450 divi

182 2478 394 2524 Gordiani
423 2492 557 2534 nepos
588 2483 632 2520 et
659 2477 749 2520 divi
780 2476 992 2520 Gordiani
1019 2478 1179 2520 sororis
1209 2476 1325 2519 filius
1354 2476 1479 2519 VIII
1489 2479 1615 2526 4218,
1646 2476 1823 2530 Ephem.
1845 2490 1908 2530 ep.

179 2551 219 2600 5,
250 2550 364 2591 1097
370 2560 383 2599 ;
414 2549 452 2597 7,
483 2549 586 2599 754,·
624 2545 742 2588 haud
782 2549 979 2588 accurate
1007 2559 1323 2599 nonnumquam
1352 2545 1554 2587 divorum
1585 2544 1909 2588 Gordianorum

180 2631 314 2674 nepos
354 2615 485 2658 veluti
521 2614 646 2657 VIII
667 2617 816 2656 10330.
847 2617 994 2658 10331.
1026 2617 1174 2657 10431.
1209 2616 1362 2657 10452.
1400 2616 1560 2665 10460,·
1599 2612 1811 2656 Gordiani
1852 2628 1909 2655 ex

179 2684 270 2727 filia
297 2698 431 2740 nepos
460 2682 695 2726 Herodian.
719 2685 756 2733 7,
781 2686 847 2733 10,
871 2686 909 2733 7,
939 2683 1030 2724 vita
1055 2686 1128 2736 22,
1149 2686 1200 2733 4,·
1229 2683 1459 2739 Dexippus
1490 2696 1589 2724 eum
1618 2688 1820 2738 nepotem
1851 2696 1907 2724 ex

180 2752 270 2795 filio
300 2758 511 2795 statuerat
545 2752 635 2793 vita
663 2754 730 2802 19,
762 2754 788 2793 9
824 2751 878 2805 cf.
910 2751 1066 2793 Zosim.
1097 2754 1136 2802 1,
1157 2754 1223 2793 16.
1281 2749 1421 2792 Filius
1451 2750 1645 2792 Maeciae
1673 2750 1908 2792 Faustinae

181 2827 225 2863 et
252 2821 367 2864 Iunii
398 2820 525 2863 Balbi
555 2819 792 2862 consularis
819 2819 903 2861 viri
932 2819 1022 2861 vita
1050 2823 1089 2869 4,
1116 2822 1159 2863 2.

265 2889 405 2931 Natus
434 2894 500 2930 est
529 2887 570 2930 d.
602 2889 657 2930 20
696 2887 856 2929 mensis
885 2887 1078 2929 Ianuarii
1107 2887 1216 2940 fasti
1243 2886 1463 2930 Philocali
1490 2887 1525 2929 I
1546 2901 1596 2940 p.
1620 2889 1701 2928 334
1730 2901 1769 2928 a.
1798 2887 1906 2939 2253

179 2971 281 3000 nam
310 2956 520 2999 tredecim
549 2971 685 2998 annos
713 2961 840 2998 natus
866 2956 1101 3011 imperium.
1127 2955 1310 3012 adeptus
1350 2969 1443 2997 esse
1482 2954 1639 2997 dicitur
1667 2952 1905 2996 Herodian.

179 3028 220 3077 8,
250 3027 291 3076 8,
321 3027 361 3076 8,
403 3024 642 3067 secundum
681 3024 786 3066 alios
826 3030 931 3066 tunc
971 3024 1059 3078 egit
1088 3023 1290 3066 undecim
1318 3023 1389 3065 vel
1420 3023 1607 3066 sedecim
1637 3023 1726 3064 vita
1755 3025 1829 3072 22,
1860 3025 1904 3065 2.

181 3094 288 3137 Post
315 3107 465 3135 necem
494 3092 679 3135 duorum
701 3092 1022 3137 Gordianorum
1052 3106 1150 3134 cum
1169 3092 1391 3149 Pupienus
1422 3098 1465 3134 et
1483 3091 1695 3135 Balbinus
1715 3090 1907 3145 Augusti

179 3161 386 3219 appellati
415 3167 580 3216 essent,
613 3160 860 3205 Gordianus
894 3159 1052 3216 populo
1085 3166 1127 3202 et
1155 3159 1364 3203 militibus
1394 3159 1715 3217 postulantibus
1746 3158 1925 3201 Caesar.

177 3236 450 3287 nuncupatus
480 3236 546 3272 est
573 3243 711 3272 mense
739 3230 829 3283 fere
851 3229 1019 3271 Martio
1045 3243 1085 3270 a.
1102 3231 1190 3271 238
1210 3228 1317 3283 (vide
1335 3242 1470 3283 supra
1491 3243 1539 3283 p.
1563 3227 1646 3282 98),
1669 3226 1904 3269 Herodian.

180 3301 220 3349 7,
240 3301 307 3349 10,
337 3298 428 3340 vita
457 3300 532 3348 22,
563 3298 635 3341 vit.
667 3297 906 3340 Maximini
933 3300 1004 3347 20,
1035 3297 1106 3339 vit.
1131 3296 1323 3339 Maximi
1351 3300 1391 3339 et
1415 3296 1598 3339 Balbini
1625 3299 1664 3338 3.
1724 3294 1783 3337 M.
1815 3293 1902 3336 An·

179 3366 322 3409 tonius
353 3365 601 3410 Gordianus
629 3365 791 3409 Caesar
819 3365 866 3407 in
893 3365 1075 3407 nummis
1096 3364 1259 3407 Eckkel
1289 3364 1385 3407 VII
1397 3379 1446 3419 p.
1467 3367 1563 3415 309,
1594 3363 1653 3407 M.
1684 3362 1902 3405 Antonius

1581 3431 1628 3467 7*
