2202 3730
279 308 587 345 CALPVRNIVS
1134 299 1217 341 286
1763 305 2072 342 CALPVRNIVS

446 437 522 481 Cn.
554 437 581 479 f.
615 436 692 479 Cn.
725 450 766 476 n.
796 435 902 487 fasti
928 433 1182 487 Capitolini,
1225 432 1304 476 Cn.
1338 433 1366 478 f.
1398 433 1487 476 Dio
1515 434 1640 476 inflex
1670 434 1696 476 l.
1727 437 1795 477 53.
1855 434 1929 477 Ad
1963 435 2073 478 hunc

359 506 515 559 referri
534 506 674 558 potest
701 516 894 545 nummus
925 515 1046 543 cusus
1074 505 1123 543 ut
1150 501 1314 544 videtur
1342 502 1388 544 in
1409 502 1628 556 Hispania
1649 517 1688 546 a.
1713 505 1793 545 705
1812 522 1867 537 =
1887 506 1941 546 49
1963 517 2002 548 a.
2026 503 2072 546 C.

363 575 406 616 in
443 573 619 614 adversa
656 572 884 624 inscriptus
924 569 1002 613 Cn.
1037 571 1134 612 Piso
1175 585 1253 625 pro
1294 570 1569 626 q(uaestore),
1601 571 1647 612 in
1678 584 1826 613 aversa
1851 571 2074 625 Magn(us)

359 657 435 696 pro
468 639 716 693 co(n)s(ule)
747 637 941 680 Babclon
962 638 995 679 I
1009 652 1057 691 p.
1078 640 1171 682 303.
1221 637 1345 680 Anno
1376 638 1457 681 708
1484 657 1539 673 =
1560 639 1615 680 46
1645 638 1763 680 civili
1794 638 1904 680 bello
1934 653 2073 680 resur-

359 714 508 760 gentes
540 710 583 749 in
613 707 764 749 Africa
791 713 933 762 partes
964 707 1172 747 acerrimo
1203 707 1440 748 ministerio
1471 706 1679 749 adversus
1709 706 1935 749 Caesarem
1966 707 2076 748 iuvit
2115 724 2119 728 ·

365 776 461 817 Tac.
485 790 524 817 a.
545 778 587 825 2,
609 778 675 825 43,
706 774 816 816 Bell.
837 773 1038 827 African.
1070 777 1110 817 3.
1137 776 1204 816 18.
1252 774 1357 816 Mox
1387 774 1573 816 Brutum
1604 780 1647 816 et
1676 773 1873 817 Cassium
1904 780 2075 822 secutus

362 858 562 886 concesso
604 842 746 884 reditu
789 842 996 898 petitione
1023 841 1234 883 honorum
1264 841 1492 892 abstinuit,
1529 842 1665 884 donec
1695 841 1808 884 ultro
1840 841 2076 884 ambiretur

358 910 546 953 delatum
584 910 638 952 ab
668 910 866 964 Augusto
910 908 1178 951 consulatum
1218 910 1415 965 accipere
1451 910 1549 952 Tac.
1582 910 1608 952 l.
1641 909 1668 952 l.
1725 909 1887 952 Consul
1921 925 1959 953 a.
1992 909 2070 952 731

357 999 412 1013 =
455 980 508 1020 23
547 994 585 1021 a.
627 977 675 1021 C.
717 978 835 1031 fasti.
908 978 1037 1019 Pater
1080 976 1158 1021 Cn.
1205 976 1430 1032 Calpurnii
1476 978 1645 1020 Pisonis
1689 977 1874 1019 consulis
1917 992 1955 1021 a.
1993 977 2074 1019 747

355 1067 409 1081 ε
433 1047 456 1088 7
483 1062 520 1089 a.
543 1046 591 1089 C.
620 1046 716 1088 Tac.
745 1046 771 1087 l.
794 1045 820 1089 l.
852 1048 890 1087 ct
916 1046 965 1086 L.
995 1044 1222 1098 Calpurnii
1248 1045 1419 1087 Pisonis
1449 1059 1529 1088 cos.
1562 1060 1602 1087 a.
1626 1048 1704 1088 753
1734 1065 1790 1079 :z
1818 1049 1843 1088 1
1874 1059 1913 1087 a.
1942 1044 1988 1087 C.
2048 1085 2050 1087 ,

273 1116 355 1156 249
386 1122 429 1157 L.
449 1120 757 1155 GALPVRNIVS
780 1119 887 1154 Plso
910 1112 1144 1166 FRVG1(‘?),
1163 1112 1313 1154 consul
1333 1129 1370 1155 a.
1390 1114 1471 1155 739
1487 1114 1612 1155 :15
1632 1129 1669 1157 a.
1688 1112 1736 1156 C.
1754 1126 1848 1156 cum
1869 1112 1928 1154 M.
1948 1113 2075 1155 Livio

359 1184 514 1226 Druso.
530 1207 581 1211 —-
600 1181 764 1224 Titulus
785 1182 872 1223 cius
894 1180 1055 1223 Veleias
1074 1181 1154 1222 XI
1166 1183 1279 1223 1182
1294 1180 1366 1235 (1),
1388 1184 1645 1222 memoratur
1667 1181 1710 1223 in
1731 1181 1837 1223 actis
1851 1179 2075 1222 Arvalium

358 1266 397 1295 a.
419 1254 471 1293 14
502 1251 570 1293 VI
591 1253 708 1293 2023
738 1249 814 1304 (2),
847 1264 886 1292 a.
908 1252 968 1292 20
997 1249 1174 1303 Ephcm.
1197 1264 1259 1303 ep.
1280 1252 1308 1290 8
1328 1264 1377 1303 p.
1397 1252 1482 1291 318
1509 1248 1580 1303 (3),
1613 1263 1651 1291 a.
1683 1253 1745 1292 27
1771 1248 1840 1291 VI
1856 1251 1974 1292 2024
1993 1247 2052 1303 (4)
2062 1261 2076 1299 ,·

356 1318 465 1361 idem
494 1317 790 1372 intelleyenclus
819 1317 983 1358 videtur
1013 1317 1058 1359 in
1090 1320 1116 1360 t.
1150 1317 1218 1359 VI
1230 1320 1371 1360 20743
1391 1316 1449 1371 (5)
1479 1316 1615 1359 Iullae
1645 1317 1695 1359 L.
1724 1317 1894 1359 Pisonis
1924 1315 2073 1372 pontif.

442 1387 497 1429 In
528 1385 767 1428 consulatu:
797 1385 843 1427 A.
866 1384 1139 1441 Καλπούρνιος
1168 1386 1216 1428 Λ.
1247 1388 1297 1428 υἱ.
1332 1385 1463 1428 Πίσων
1489 1386 1680 1442 Φούρτιος
1709 1383 1801 1440 (sic)
1831 1383 1920 1427 Dio
1949 1383 2076 1427 index

358 1454 384 1496 l.
405 1456 470 1504 54,
500 1452 771 1509 Καλπούρνιος
794 1453 928 1495 Πίσων
951 1452 1039 1494 Dio
1058 1455 1124 1503 54,
1146 1455 1217 1503 21,
1244 1453 1283 1494 L
1285 1485 1584 1496 ...........
1616 1453 1724 1506 fasti
1741 1453 1841 1494 min.
1864 1451 1959 1495 VII
1973 1451 2075 1495 CIL

357 1523 411 1565 Ι2
425 1537 472 1576 p.
489 1525 554 1572 64,
585 1522 636 1564 L.
661 1522 757 1563 Piso
786 1520 1041 1571 Cassiodor„
1064 1524 1244 1563 ceterum
1267 1522 1364 1563 Piso
1387 1522 1504 1575 fasti.
1530 1545 1579 1550 —
1602 1521 1652 1563 L.
1675 1520 1937 1576 Calpurnius
1959 1520 2073 1575 [Piso

356 1589 568 1647 p]ontifex
597 1592 624 1631 t.
655 1593 687 1632 2
715 1603 752 1633 v.
787 1592 823 1639 7,
853 1589 904 1630 L.
937 1589 1036 1630 Piso
1067 1588 1264 1644 pontifex
1292 1589 1378 1631 ibcl.
1411 1603 1448 1631 v.
1479 1591 1560 1640 23;
1598 1589 1649 1631 L.
1682 1587 1942 1645 Calpurnius
1973 1587 2073 1629 Piso

359 1657 582 1714 [pontifex]
615 1660 642 1701 t.
663 1660 701 1707 3,
733 1657 809 1698 ubi
836 1656 1163 1711 supplementum
1185 1656 1318 1710 plane
1348 1660 1505 1699 eertum
1534 1660 1605 1707 est,
1639 1689 1648 1699 .
1668 1690 1677 1699 .
1698 1690 1707 1699 .
1727 1690 1737 1699 .
1768 1656 1964 1713 pontifex
1993 1659 2022 1698 t.
2047 1659 2074 1698 4

355 1740 390 1768 v.
421 1729 464 1769 2.
493 1729 563 1775 32,
594 1724 703 1766 uncle
733 1727 911 1778 apparet
948 1725 994 1766 in
1025 1725 1131 1766 actis
1160 1724 1387 1767 Arvalium
1415 1726 1654 1767 nominibus
1681 1725 1807 1767 huius
1837 1727 2074 1767 constanter

359 1794 548 1836 additum
578 1806 663 1834 esse
684 1792 904 1846 pontificis
931 1792 1189 1834 vocabulum.
1235 1793 1285 1834 L.
1307 1793 1406 1834 Piso
1428 1793 1622 1848 pontifex
1646 1796 1673 1835 t.
1695 1795 1734 1843 5,
1768 1793 1866 1835 Tac.
1884 1807 1923 1836 a.
1945 1795 1985 1842 6,
2006 1795 2072 1835 10.

358 1861 507 1903 Etiam
537 1861 583 1902 in
613 1863 640 1902 t.
661 1864 686 1903 1
717 1863 863 1902 contra
895 1860 1082 1902 ordinem
1111 1860 1280 1903 solitum
1309 1861 1511 1915 scriptum
1541 1864 1601 1904 est
1619 1861 1670 1905 L.
1692 1860 1953 1916 Calpurnius
1973 1860 2073 1902 Piso

358 1929 509 1984 pontif.
540 1944 638 1979 cos.,
671 1929 796 1982 quasi
826 1927 1010 1984 ‘pontif‘
1043 1943 1135 1970 cum
1174 1930 1412 1971 nominibus
1451 1933 1542 1972 arte
1573 1929 1822 1972 cohaereret.
1884 1929 2075 1985 Φούρτιος

358 1997 404 2039 in
443 1997 580 2039 indice
619 1996 775 2039 Dionis
814 1997 903 2038 sine
943 1996 1070 2039 (lubio
1109 2000 1352 2051 corruptum
1392 2001 1452 2040 est
1491 2012 1541 2040 ea:
1571 2000 1733 2055 Φροῦγι,
1773 1997 1847 2040 secl
1885 1997 2077 2039 dubitari

354 2067 504 2119 potest,
537 2079 636 2107 num
662 2078 884 2119 coynomen
903 2068 1011 2106 recte
1034 2065 1132 2107 huic
1153 2066 1356 2108 tributum
1374 2066 1442 2108 sit.
1483 2065 1613 2108 Patri
1633 2066 1743 2108 enim
1765 2066 1815 2110 L.
1840 2065 2073 2120 Calpurnio

357 2134 505 2176 Pisoni
540 2133 773 2175 Caesonino
814 2147 1035 2186 coynomen
1080 2134 1214 2188 Frugi
1260 2147 1344 2175 non
1387 2134 1517 2187 fuisse
1557 2137 1705 2176 eontra
1741 2133 1973 2176 Asconium
2011 2133 2074 2188 (in

354 2201 574 2243 Pisonian.
599 2216 645 2255 p.
675 2203 722 2256 2)
753 2201 838 2242 viri
866 2200 977 2242 (loeti
1014 2201 1106 2243 iure
1144 2204 1381 2243 statuerunt
1411 2202 1464 2255 cf.
1495 2201 1725 2244 Drumann
1750 2202 1812 2244 II
1822 2216 1869 2256 p.
1891 2204 1956 2244 63.
2014 2201 2075 2243 Et

355 2271 508 2311 mirum
529 2273 588 2312 est
606 2273 761 2320 nostro,
792 2272 838 2311 ut
859 2270 912 2311 ab
936 2269 1035 2311 aliis
1055 2270 1202 2311 Isuciis
1223 2270 1450 2312 Pisonibus
1470 2270 1806 2324 distinyueretur,
1827 2268 2074 2312 vocabulum

354 2338 573 2392 pontificis
595 2337 786 2379 additum
808 2350 904 2386 8338,
925 2351 1010 2378 non
1031 2351 1253 2391 cognomen
1275 2341 1412 2380 aetate
1426 2337 1612 2391 Auqusti
1631 2351 1733 2380 sane
1752 2351 1901 2379 rarum
1919 2336 2071 2390 Fruyi,

354 2419 432 2459 quo
463 2409 558 2448 tunc
581 2408 807 2459 praeterea
831 2418 941 2446 unus
960 2408 1162 2458 quantum
1181 2406 1370 2448 novimus
1392 2405 1468 2448 Cn.
1490 2405 1594 2448 Piso
1614 2419 1694 2448 cos.
1717 2420 1758 2447 a.
1781 2408 1859 2447 731
1878 2417 1978 2447 usus
1999 2407 2070 2446 est.

440 2473 549 2514 Luci
580 2472 692 2514 filius
723 2472 810 2514 Dio
839 2472 965 2514 index
996 2472 1021 2516 l.
1052 2475 1118 2523 53,
1157 2480 1279 2529 pater
1320 2474 1356 2515 ei
1393 2474 1610 2515 censorius
1640 2474 1721 2515 fuit
1755 2474 1853 2515 Tac.
1884 2487 1923 2515 a.
1950 2475 1987 2523 6,
2018 2475 2073 2513 10

353 2540 511 2582 scilicet
541 2541 593 2582 L.
634 2540 737 2582 Piso
777 2539 919 2582 consul
959 2555 998 2583 a.
1031 2543 1109 2582 696
1142 2560 1198 2575 =
1223 2543 1296 2591 58,
1339 2555 1483 2583 censor
1524 2555 1564 2584 a.
1597 2544 1676 2583 704
1706 2561 1761 2576 =
1789 2543 1842 2587 50,
1871 2555 1910 2584 a.
1939 2539 1986 2583 G.
2015 2564 2072 2570 —

355 2608 517 2650 Consul
558 2624 595 2652 a.
630 2608 711 2650 739
741 2628 798 2642 Ξ
830 2610 882 2650 15
911 2623 948 2649 a.
981 2607 1029 2650 C.
1100 2608 1221 2650 Idem
1259 2609 1423 2651 violetur
1461 2609 1512 2651 L.
1555 2610 1655 2651 Piso
1698 2606 1925 2664 proconsul
1964 2607 2071 2662 (scil.
2123 2634 2142 2654 4
2164 2658 2173 2666 .

357 2676 723 2731 Transpadanae),
767 2676 882 2731 apud
927 2691 1055 2732 quem
1086 2675 1295 2719 Albucius
1338 2676 1453 2720 Silus
1494 2692 1613 2719 reum
1655 2676 1798 2719 caedis
1838 2675 2071 2718 Mediolani

355 2743 548 2784 defendit
578 2743 747 2787 Sueton.
782 2744 830 2785 (le
860 2743 1013 2786 rhetor.
1040 2747 1106 2786 30.
1167 2745 1358 2798 Legatus
1389 2745 1577 2799 Augusti
1610 2743 1892 2800 Pamphyliae
1921 2759 1958 2785 a.
1989 2743 2069 2785 741
2150 2777 2153 2780 .

354 2830 408 2845 =
440 2813 492 2852 13
524 2825 560 2854 a.
593 2810 639 2853 C.
681 2811 768 2852 Dio
806 2814 871 2861 54,
904 2815 982 2862 34,·
1021 2812 1078 2854 ad
1114 2813 1194 2854 iter
1232 2813 1279 2855 in
1308 2814 1578 2866 provinciam
1614 2815 1848 2866 susceptum
1884 2815 2072 2866 spectare

350 2878 512 2921 videtur
542 2880 669 2933 cpiyr.
701 2879 926 2932 Antipatri
953 2879 1125 2922 Anthol.
1153 2895 1217 2934 yr.
1244 2884 1310 2931 10,
1341 2883 1411 2924 25.
1461 2881 1568 2923 Inde
1599 2882 1642 2922 in
1674 2880 1903 2924 Thraciam
1933 2886 2067 2921 trans-

352 2946 463 2988 latus
483 2961 560 3002 per
581 2947 809 2988 triennium
832 2949 888 3001 (a.
919 2948 1100 3001 13—11)
1123 2947 1288 3002 legatus
1311 2949 1500 3003 Augusti
1522 2964 1619 2991 cum
1639 2948 1851 2990 Thraciae
1869 2946 2070 3002 gentibus

351 3013 511 3055 bellum
540 3015 672 3067 gessit
704 3021 745 3056 et
775 3022 1024 3058 ornamenta
1053 3016 1330 3072 triumphalia
1349 3018 1505 3058 meruit
1524 3017 1671 3058 Livius
1692 3015 1897 3070 periocha
1927 3014 1954 3058 l.
1975 3018 2068 3067 140,
2154 3050 2157 3053 .

354 3081 529 3124 Velleius
568 3085 609 3132 2,
642 3085 717 3133 98,
756 3083 872 3133 Τα8.,
913 3083 1000 3126 Dio
1032 3083 1059 3126 l.
1091 3083 1136 3134 l.,
1177 3084 1341 3127 Florus
1368 3089 1412 3135 2,
1438 3088 1507 3135 27,
1550 3085 1710 3128 Seneca
1750 3084 1867 3138 epist.
1897 3086 1964 3134 83,
2003 3086 2069 3125 14.

352 3149 601 3191 Praefectus
632 3150 728 3191 urbi
769 3151 848 3192 sub
879 3150 1053 3193 Tiberio
1090 3151 1286 3203 Velleius,
1330 3152 1512 3203 Seneca,
1550 3153 1719 3195 Tacitus
1750 3151 1776 3196 l.
1808 3151 1858 3203 l.,
1897 3151 2068 3195 Sueton.

357 3216 499 3258 Tiber.
519 3220 590 3266 42,
622 3216 740 3259 Plin.
760 3231 800 3259 n.
823 3218 862 3259 h.
884 3222 948 3266 14,
974 3222 1049 3261 145
1081 3220 1134 3272 cf.
1157 3220 1287 3273 epiyr.
1308 3219 1537 3274 Antipatri
1565 3220 1591 3262 l.
1617 3219 1642 3262 l.
1665 3223 1702 3270 6,
1724 3221 1815 3262 335.
1866 3219 1992 3262 Anno
2013 3219 2068 3262 32

355 3285 653 3337 octogenarius
692 3291 885 3326 mortuus
924 3285 1011 3327 Dio
1052 3288 1118 3336 58,
1159 3290 1226 3337 19,
1273 3288 1369 3330 Tac.
1403 3303 1441 3332 a.
1474 3291 1519 3338 6,
1551 3291 1625 3338 11,
1676 3294 1903 3343 postquam
1948 3301 2068 3342 prae-

350 3351 516 3394 fectura
535 3352 626 3393 XX
647 3366 724 3408 per
744 3367 876 3395 annos
900 3353 1072 3396 functus
1094 3361 1169 3408 est,
1203 3355 1376 3411 publico
1404 3355 1556 3398 funere
1586 3355 1734 3398 elatus.
1758 3355 1855 3398 Tac.
1917 3354 2004 3397 Vbi
2030 3355 2070 3397 si
2135 3352 2138 3356 ’
