2202 3730
119 283 368 321 Avnssmvs
985 278 1070 323 207
1674 286 1924 323 AVRELIVS

207 418 234 459 t.
265 419 312 466 1,
350 416 398 458 in
436 416 585 471 tegulis
622 416 780 459 Arrius
820 416 1067 460 Antoninus
1109 420 1136 460 t.
1165 417 1254 473 [2.]
1282 421 1322 460 3.
1352 421 1403 468 4,
1443 416 1645 472 Ful(vus)
1678 417 1927 460 Antoninus

205 486 234 525 t.
263 486 303 535 5,
333 483 579 527 Antoninus
607 488 634 528 t.
662 488 700 528 6.

289 552 512 596 Educatus
541 554 663 596 Lorii
695 554 739 596 in
763 553 946 596 -Aurelia
974 555 1208 611 pueritiam
1239 556 1327 609 egit
1357 570 1456 597 cum
1487 569 1569 597 avo
1601 561 1793 611 paterno,
1824 569 1928 598 mox

205 628 400 664 materno
430 623 520 665 vita
538 626 577 674 1,
597 625 639 665 8.
660 625 698 667 9.
744 622 959 675 Quaestor
984 622 1189 678 liberalis,
1223 630 1398 680 praetor
1427 623 1676 680 splendidus
1705 624 1794 665 vita
1819 627 1860 678 2,
1884 627 1923 674 9,

205 690 356 733 consul
369 691 393 733 I
412 706 451 737 a.
468 692 550 734 120
571 707 669 734 cum
686 691 737 733 L.
757 690 914 734 Catilio
932 691 1094 735 Severo
1111 692 1230 745 fasti.
1258 691 1329 734 Ab
1347 691 1571 734 Hadriano
1588 692 1701 734 inter
1722 698 1926 748 quattuor

205 758 451 802 consulares
463 792 474 814 ,
517 759 672 817 quibus
700 758 827 802 Italia
856 759 1222 814 committebatur,
1266 759 1426 802 electus
1457 766 1521 802 est
1550 760 1607 802 ad
1637 775 1731 802 eam
1760 767 1928 816 partem

203 826 356 870 Italiae
388 828 643 883 regendam,
685 828 730 869 in
768 843 855 884 qua
892 827 1126 884 plurimum
1168 828 1416 884 possidebat
1453 829 1544 871 vita
1572 832 1615 879 2,
1646 832 1699 870 11
1729 829 1784 882 cf.
1815 831 1853 879 3,
1884 832 1923 870 1.

204 895 487 938 Proficiscens
510 896 567 939 ad
586 895 934 953 proconsulatum
959 895 1092 938 filiam
1112 898 1319 938 maiorem
1347 897 1421 951 (=
1442 896 1667 939 Aureliam
1693 895 1925 950 Fadillam)

204 965 348 1006 amisit
374 966 464 1007 vita
491 968 531 1015 3,
564 968 603 1007 6.
662 964 900 1007 Proconsul
928 964 1060 1006 Asiae
1088 965 1178 1006 vita
1196 968 1235 1015 3,
1269 965 1529 1007 Marcianus
1548 965 1710 1019 Diyest.
1730 967 1798 1015 48,
1825 968 1865 1015 3,
1887 968 1924 1015 6,

205 1035 234 1075 t.
260 1036 287 1074 1
317 1034 434 1075 circa
463 1048 503 1077 a.
531 1035 636 1084 135‚·
674 1048 743 1074 res
785 1033 877 1074 eius
917 1047 1015 1075 cum
1045 1032 1277 1075 Polemone
1316 1033 1508 1089 sophista
1538 1033 1826 1075 Philostratus
1854 1034 1926 1074 vit.

201 1100 318 1156 soph.
347 1105 385 1152 1,
417 1104 488 1152 25,
519 1104 547 1143 3
576 1107 619 1143 et
641 1101 817 1143 Herode
847 1101 994 1143 Attico
1024 1101 1109 1145 ibd.
1138 1104 1182 1152 2,
1209 1105 1247 1152 1,
1268 1104 1309 1143 8.
1369 1103 1475 1144 Post
1502 1101 1850 1158 proconsulatum
1882 1102 1926 1142 in

205 1169 392 1213 consiliis
421 1169 635 1212 Hadriani
665 1170 828 1211 Romae
858 1169 1063 1225 frequens
1094 1170 1207 1211 vixit
1234 1171 1324 1212 vita
1352 1173 1391 1220 3,
1422 1172 1461 1212 8.

288 1239 394 1281 Post
422 1244 605 1281 mortem
635 1238 686 1280 L.
706 1236 821 1280 Aelii
852 1237 1052 1280 Caesaris
1084 1237 1191 1292 (kal.
1222 1239 1435 1280 Ianuariis
1467 1254 1505 1282 a.
1540 1238 1641 1291 138)
1674 1237 1924 1279 Hadrianus

202 1306 472 1350 Antoninum
502 1321 553 1348 ea
581 1305 677 1360 lege
706 1306 753 1347 in
782 1305 1057 1361 adoptionem
1087 1305 1230 1361 elegit,
1268 1313 1316 1348 ut
1345 1305 1417 1348 ille
1446 1307 1506 1348 M.
1539 1306 1732 1348 Annium
1762 1306 1925 1347 Verum

203 1381 247 1417 et
264 1375 316 1417 L.
334 1374 618 1418 Commodum
639 1373 776 1416 filium
801 1374 851 1415 L.
869 1373 982 1415 Aelii
999 1373 1197 1416 Caesaris
1219 1374 1301 1416 sibi
1322 1374 1547 1430 adoptaret
1565 1373 1654 1416 Dio
1676 1377 1740 1423 69,
1757 1377 1830 1416 20.
1854 1378 1922 1424 21,

200 1444 290 1486 vita
307 1447 347 1494 4,
377 1445 450 1486 vit.
473 1443 624 1486 Marci
640 1445 680 1493 5,
702 1447 740 1493 1,
772 1441 871 1484 Veri
888 1445 932 1492 2,
953 1445 997 1492 2,
1025 1441 1173 1485 Severi
1190 1446 1261 1492 20,
1284 1446 1309 1484 1
1331 1443 1586 1498 (nominibus
1604 1441 1669 1484 vel
1690 1442 1926 1496 adoptioni-

203 1513 280 1555 bus
308 1513 495 1566 confusis
517 1513 590 1553 vit.
610 1510 834 1554 Hadriani
851 1514 921 1561 24,
945 1514 984 1561 1,
1006 1510 1126 1552 Aelii
1142 1514 1182 1560 5,
1204 1515 1263 1554 12
1271 1524 1285 1562 ;
1313 1514 1350 1562 6,
1370 1514 1421 1563 9,·
1453 1515 1488 1562 7,
1510 1510 1570 1565 2),
1603 1510 1673 1551 die
1694 1511 1747 1552 25
1768 1512 1927 1552 mensis

202 1581 431 1624 Februarii
462 1596 501 1624 a.
531 1580 610 1622 138
638 1580 728 1621 vita
750 1582 790 1630 4,
811 1581 838 1621 6
863 1577 936 1633 (cf.
965 1578 1066 1622 CIL
1094 1579 1150 1621 12
1172 1594 1222 1634 p.
1242 1582 1325 1621 310
1354 1578 1493 1622 Vlcal.
1517 1579 1673 1634 Mart.)
1699 1578 1923 1633 factusque

204 1657 269 1692 est
296 1651 407 1706 patri
440 1656 483 1691 et
503 1650 551 1690 in
574 1649 754 1705 imperio
784 1647 1083 1704 proconsulari
1114 1654 1156 1689 et
1186 1648 1229 1689 in
1259 1647 1494 1690 tribunicia
1523 1654 1733 1705 potestate
1764 1649 1929 1704 collega

200 1719 290 1761 vita
318 1722 358 1769 4,
391 1722 428 1762 7.
488 1717 594 1760 Post
628 1717 894 1771 adoptionem
933 1717 1043 1773 Imp.
1080 1717 1130 1758 Τ.
1162 1715 1312 1758 Aelius
1342 1716 1502 1759 Caesar
1540 1717 1787 1760 Antoninus
1827 1718 1924 1761 trib.

201 1793 353 1844 potest.
385 1790 413 1831 t.
443 1789 472 1828 8
500 1786 612 1829 idem
642 1785 788 1828 addito
818 1800 904 1828 cos.
941 1789 967 1827 t.
1000 1789 1038 1836 7,
1077 1785 1125 1827 in
1152 1786 1336 1827 nummis
1363 1785 1472 1841 Imp.
1502 1785 1552 1829 T.
1582 1785 1734 1828 Aelius
1767 1786 1927 1829 Caesar

200 1856 447 1899 Antoninus
462 1854 623 1898 Eclchel
643 1854 739 1897 VII
741 1869 791 1909 p.
807 1857 850 1905 2,
875 1853 1016 1896 Oohen
1029 1854 1090 1896 II
1095 1854 1111 1878 ²
1129 1853 1237 1895 Pius
1252 1868 1293 1896 n.
1303 1857 1516 1897 128-133.
1533 1858 1626 1896 144.
1642 1859 1840 1897 597-606
1852 1859 1924 1899 etc.

136 1975 150 1977 -
201 1925 307 1967 Post
330 1930 511 1966 mortem
531 1922 746 1966 Hadriani
767 1922 856 1977 (die
878 1924 931 1964 10
956 1937 1012 1966 m.
1033 1922 1134 1964 Iulii
1159 1938 1196 1964 a.
1222 1923 1322 1975 138)
1353 1922 1469 1964 solus
1500 1924 1727 1979 imperium
1758 1924 1854 1965 iniit
1886 1931 1928 1966 et

202 1993 270 2035 Pii
300 1991 631 2050 appellationem
661 1991 824 2047 recepit
852 1992 942 2033 vita
970 1993 996 2033 5
1015 1990 1152 2045 paulo
1174 1994 1275 2044 post
1303 1991 1473 2033 initium
1492 1992 1673 2046 imperii,
1704 1995 1752 2033 ut
1782 1992 1926 2034 docent

199 2062 371 2106 nummi.
415 2060 611 2104 Primum
631 2061 872 2117 Imperator
891 2060 943 2102 T.
973 2059 1123 2102 Aelius
1155 2059 1314 2102 Caesar
1343 2059 1589 2102 Antoninus
1620 2060 1734 2115 Aug.
1766 2061 1927 2103 Eelchel

198 2145 248 2185 p.
262 2133 303 2181 3,
331 2129 472 2173 Gohen
501 2143 542 2172 n.
557 2132 648 2172 663.
675 2131 768 2180 664,·
798 2128 945 2171 deinde
972 2128 1215 2184 Imperator
1244 2128 1295 2170 T.
1316 2127 1468 2170 Aelius
1495 2127 1654 2170 Caesar
1675 2129 1925 2171 Hadrianus

200 2199 447 2242 Antoninus
486 2197 602 2252 Aug.
632 2197 736 2239 Pius
778 2197 823 2239 in
864 2197 1046 2238 nummis
1083 2197 1167 2238 sive
1207 2197 1448 2252 Imperator
1487 2195 1649 2238 Caesar
1688 2197 1739 2239 T.
1776 2197 1926 2239 Aelius

200 2266 453 2309 Hadrianus
494 2266 740 2308 Antoninus
769 2264 883 2320 Aug.
919 2265 1024 2307 Pius
1064 2266 1148 2306 sive
1188 2264 1435 2306 Antoninus
1474 2264 1588 2319 Aug.
1621 2265 1724 2307 Pius
1757 2267 1925 2320 passim

201 2337 247 2378 in
276 2335 412 2377 titulis
439 2334 710 2388 numinisque.
763 2332 925 2376 Consul
954 2334 1000 2375 H
1029 2349 1066 2377 a.
1091 2333 1184 2387 139,
1218 2333 1285 2375 III
1314 2348 1352 2374 a.
1381 2334 1470 2385 140,
1512 2334 1602 2375 IIII
1632 2348 1669 2376 a.
1698 2334 1778 2375 145
1804 2333 1921 2386 fasti.
1978 2363 1981 2365 >

200 2403 399 2447 Mortuus
442 2409 507 2445 est
545 2402 615 2444 die
651 2403 675 2445 7
715 2403 875 2445 mensis
913 2401 1060 2443 Martii
1104 2400 1194 2455 (qui
1232 2401 1321 2443 dies
1358 2402 1528 2455 imperii
1560 2402 1622 2445 M
1665 2401 1838 2443 Aurelii
1876 2416 1926 2443 ea:

200 2471 341 2515 Dione
363 2475 429 2523 71,
451 2474 506 2513 33
535 2470 687 2514 collato
716 2470 803 2513 ibcl.
826 2484 859 2514 c.
881 2473 934 2513 34
964 2469 1192 2527 colliyitur)
1223 2485 1260 2514 a.
1285 2470 1362 2520 161
1398 2469 1515 2526 apud
1536 2470 1716 2511 Lorium
1745 2470 1834 2511 vita
1855 2473 1924 2519 12,

199 2541 382 2596 Eutrop.
410 2542 451 2591 8,
479 2542 519 2590 8,
547 2539 745 2594 Epitome
773 2542 839 2589 15,
873 2542 911 2581 7.

286 2609 410 2652 onr
438 2608 585 2651 Annia
616 2607 794 2652 Galeria
823 2608 1033 2650 Faustina
1061 2621 1098 2649 v.
1126 2607 1171 2648 A
1199 2609 1297 2650 552.
1354 2606 1457 2649 Filii
1493 2621 1634 2648 mares
1665 2605 1772 2661 duo,
1814 2606 1925 2648 duae

201 2678 386 2720 feminae
415 2677 505 2719 vita
524 2680 562 2727 1,
587 2679 625 2727 7,
657 2676 815 2719 scilicet
844 2676 903 2719 M.
923 2675 1130 2718 Aurelius
1161 2675 1330 2717 Fulvus
1350 2674 1612 2729 Antoninus,
1642 2674 1702 2716 M.
1726 2674 1925 2718 Galerius

157 2773 162 2777 -
203 2745 406 2788 Aurelius
435 2744 694 2796 Antoninus,
724 2744 905 2787 Aurelia
933 2744 1114 2799 Fadilla,
1147 2743 1292 2786 Annia
1323 2743 1501 2786 Galeria
1530 2744 1751 2788 Faustina.
1793 2741 1926 2790 Ἅπαις

201 2814 376 2871 ἀρρένων
405 2815 558 2856 παίδων
591 2819 782 2868 tempore
810 2811 1052 2868 adoptionis
1082 2811 1170 2854 Dio
1191 2815 1256 2862 69,
1279 2815 1360 2863 21;
1391 2811 1505 2853 tituli
1533 2811 1787 2866 sepulcrales
1816 2811 1926 2866 filio-

199 2897 296 2925 rum
325 2882 395 2924 VI
415 2884 511 2924 989.
538 2884 618 2924 990
649 2884 757 2923 certe
785 2881 924 2934 positi
961 2884 1059 2923 sunt
1091 2895 1176 2923 non
1216 2883 1313 2922 ante
1353 2894 1394 2922 a.
1424 2883 1518 2930 139,
1560 2894 1639 2934 quo
1668 2880 1925 2922 mausoleum

201 2950 425 2994 Hadriani
442 2949 681 3004 perfectum
700 2952 739 2991 et
759 2948 868 2990 Pius
888 2951 1019 3003 pater
1039 2944 1218 3003 patriae
1242 2951 1510 3003 nuncupatus
1539 2951 1611 2990 est.
1657 2948 1720 2989 At
1746 2949 1794 2990 in
1822 2948 1925 3002 filiis

115 3046 118 3049 »
200 3019 311 3062 idem
339 3019 437 3073 fieri
455 3018 621 3073 potuit,
651 3016 764 3071 quod
790 3017 954 3070 factum
983 3020 1043 3058 est
1072 3017 1118 3058 in
1148 3017 1243 3071 filia
1271 3017 1456 3067 maiore,
1486 3019 1535 3058 ut
1565 3029 1660 3058 ossa
1690 3019 1787 3058 ante
1816 3030 1925 3058 mor-

168 3083 170 3085 ’
202 3090 369 3129 tuorum
388 3089 541 3141 postea
571 3084 782 3127 mausoleo
811 3085 1084 3139 inferrentur.
1127 3084 1196 3127 De
1219 3099 1389 3127 nummo
1420 3088 1559 3127 autem
1587 3084 1708 3126 urbis
1735 3083 1926 3126 Graecae

199 3154 338 3197 nescio
369 3155 498 3204 cuius,
541 3153 614 3207 qui
642 3153 696 3194 ab
729 3152 867 3194 altera
897 3155 1027 3206 parte
1063 3152 1229 3195 exhibet
1258 3155 1385 3207 eaput
1416 3152 1482 3194 M.
1517 3151 1689 3194 Galerii
1715 3151 1927 3194 Antonini

203 3237 295 3265 cum
331 3223 605 3278 inscrzsptione
634 3221 692 3263 M.
721 3220 909 3277 Γαλέριος
940 3219 1189 3267 Ἀντωνεῖνος
1225 3221 1513 3277 αὐτοκράτορος
1544 3218 1791 3263 Ἀντωνείνου
1832 3220 1922 3266 υἱός,

137 3339 142 3344 .
202 3291 255 3334 ab
297 3291 435 3334 altera
472 3294 599 3346 caput
636 3289 818 3331 velatum
857 3288 1095 3332 Faustinae
1135 3303 1228 3331 cum
1266 3290 1538 3344 inscriptione
1577 3290 1653 3332 θεὰ
1689 3289 1923 3339 Φαυστεῖνα,

199 3363 309 3403 recte
336 3360 436 3402 iam
465 3358 626 3403 Eckhel
663 3358 760 3403 VII
774 3374 821 3414 p.
846 3361 906 3403 42
935 3358 1170 3402 observavit
1190 3361 1370 3413 propter
1398 3357 1646 3400 velationem
1676 3358 1830 3412 capitis
1859 3358 1922 3399 in-
