2202 3730
138 296 359 332 eLAva
996 289 1079 335 405
1725 298 1945 334 eLAva

136 426 220 469 848
250 426 434 469 Claudia
462 426 584 470 Acte.
639 427 793 470 Tituli:
820 429 916 483 ipsa
938 429 1086 483 posuit
1113 428 1322 471 Pisanum
1351 429 1431 472 XI
1449 433 1557 473 1414
1587 430 1660 486 (1),
1690 432 1947 472 memoratur

220 495 267 537 in
285 495 440 550 fistulis
451 495 664 550 plumbeis
682 497 859 551 repertis
885 497 1056 540 Velitris
1076 498 1303 548 Lamiani,
1324 498 1481 553 sylloqe
1501 498 1687 552 aquaria
1707 512 1749 540 n.
1766 500 1852 541 214
1868 495 1944 551 (2),

220 555 411 605 Puteolis
436 578 477 607 n.
498 567 590 607 226
617 564 689 620 (3),
720 565 767 607 in
797 568 825 607 t.
853 565 1097 608 libertorum
1123 565 1409 622 V18760(4).
1443 569 1579 609 15137
1605 566 1681 622 (5).
1710 569 1842 609 15176
1872 565 1944 621 (6),

220 629 269 672 X
296 634 402 673 7640
432 631 504 686 (7).
546 635 655 675 7984
684 632 764 688 (8),
806 632 995 676 Olbiensi
1034 633 1202 677 Notieie
1242 634 1353 688 deyli
1389 636 1506 676 soavi
1542 637 1656 678 1892
1683 649 1734 689 p.
1759 636 1840 677 105
1871 633 1944 687 (9),

219 699 332 740 servi
363 699 432 742 VI
443 702 582 743 17898
599 703 712 757 (10),·
742 700 924 743 Claudia
952 700 1067 757 Aug.
1097 700 1125 744 l.
1157 701 1340 757 Pythias
1366 702 1610 745 Acteniana
1634 703 1680 745 X
1709 705 1816 745 7980
1846 701 1945 757 (11).

307 766 491 811 Claudia
510 768 620 811 Acte
642 769 686 812 in
711 769 846 811 titulis
867 769 1094 824 plerisque,
1125 769 1236 812 Acte
1267 771 1384 824 apud
1410 772 1651 825 scriptores.
1674 796 1728 801 -
1748 771 1820 813 Ex
1838 770 1946 813 Asia

222 850 348 877 serva
368 837 550 879 Romam
570 837 748 879 vendita
767 837 857 880 Dio
877 841 942 889 61,
966 841 1003 893 7,
1025 838 1180 881 liberta
1200 839 1299 882 Tac.
1318 854 1357 882 a.
1374 843 1440 890 13,
1457 843 1527 890 12,
1550 839 1721 883 Sueton.
1741 838 1858 881 Nero
1873 840 1943 891 28,

219 917 349 946 manu
379 905 510 947 missa
537 905 704 948 videtur
733 906 787 948 ab
817 907 1072 960 imperatore
1102 905 1284 950 Claudio
1313 908 1378 950 vel
1407 922 1436 950 a
1467 908 1648 958 Nerone,
1681 921 1775 950 cum
1805 907 1948 950 liberti

219 972 310 1014 eius
340 975 367 1015 t.
392 975 430 1015 5.
451 976 490 1016 6.
512 976 550 1016 7.
572 976 612 1016 8.
636 977 662 1016 9
698 974 866 1017 Tiberio
887 975 1167 1029 praenomine
1195 979 1397 1027 utantur;
1426 977 1542 1018 Nero
1573 991 1669 1018 eam
1699 976 1744 1017 in
1772 981 1947 1030 gentem

218 1039 354 1083 Attali
375 1041 542 1083 rettulit
560 1041 648 1084 Dio
672 1042 697 1086 l.
722 1042 761 1097 l.,
793 1044 1032 1085 summissis
1058 1043 1359 1086 consularibus
1379 1045 1501 1097 viris,
1533 1045 1607 1101 qui
1639 1045 1757 1098 regio
1786 1057 1946 1099 genere

219 1123 311 1150 eam
333 1115 471 1151 ortam
500 1110 745 1166 peierarent
766 1110 937 1154 Sueton.
959 1110 986 1155 l.
1010 1110 1036 1155 l.
1080 1112 1169 1165 Quo
1190 1113 1408 1166 pertinere
1435 1112 1602 1154 videtur
1626 1111 1739 1166 quod
1766 1112 1812 1154 in
1842 1114 1870 1153 t.
1891 1114 1945 1154 11

219 1176 373 1219 liberta
401 1177 609 1231 quaedam
636 1177 825 1233 Auyusti
852 1179 906 1221 ab
938 1193 988 1221 ea
1018 1193 1242 1234 ooynomen
1268 1180 1447 1222 alterum
1478 1181 1612 1222 traxit
1641 1179 1776 1234 plane
1803 1179 1947 1222 eadem

217 1246 384 1288 ratione
400 1248 523 1299 atque
539 1245 692 1297 liberti,
714 1247 790 1300 qui
799 1246 994 1301 plurium
1015 1247 1206 1302 deinceps
1225 1248 1441 1290 hominum
1462 1248 1818 1303 amplissimorum
1837 1248 1949 1290 servi

215 1314 391 1367 fuerant
419 1312 492 1368 (cf.
524 1314 690 1357 Hulsen
718 1314 944 1358 Romisehe
974 1315 1305 1371 Mittheilunyen
1333 1317 1423 1359 III
1435 1332 1483 1371 p.
1505 1319 1600 1360 222
1618 1319 1736 1371 sqq).

305 1381 415 1425 Cum
444 1382 560 1425 Nero
591 1383 637 1424 in
666 1397 857 1426 amorem
887 1383 1019 1426 Actes
1049 1384 1284 1439 incidisset,
1312 1384 1519 1427 Annaeus
1551 1385 1742 1428 Serenus
1773 1399 1796 1426 e
1826 1384 1946 1426 fami-

217 1449 396 1492 liaribus
437 1450 628 1494 Senecae
668 1450 942 1494 simulatione
980 1453 1140 1494 amoris
1179 1452 1389 1495 adversus
1429 1467 1524 1495 eam
1563 1452 1678 1495 illius
1720 1453 1945 1509 cupidines

217 1518 382 1561 velavit
409 1518 697 1576 praebuitque
726 1534 894 1575 nomen,
930 1526 979 1562 ut
1008 1535 1120 1576 quae
1150 1521 1352 1578 princeps
1382 1521 1533 1563 furtim
1563 1521 1844 1563 mulierculae
1873 1522 1945 1563 tri-

217 1586 389 1642 buebat,
429 1586 503 1629 ille
531 1587 674 1643 palam
707 1587 965 1643 largiretur3
1005 1590 1141 1630 amori
1182 1589 1273 1631 eius
1303 1589 1680 1632 vehementissime
1716 1589 1946 1632 adversata

217 1661 283 1697 est
311 1654 558 1712 Agrippina
593 1656 691 1699 Tae.
723 1670 763 1698 a.
794 1659 859 1707 13,
891 1660 1050 1701 12-13.
1113 1657 1272 1702 Postea
1311 1658 1490 1714 paulum
1529 1658 1660 1713 afuit,
1693 1659 1800 1714 quin
1828 1658 1944 1701 Nero

215 1725 327 1766 iusto
357 1725 629 1767 matrimonio
661 1740 756 1768 eam
785 1725 869 1768 sibi
901 1725 1150 1768 conciliaret
1180 1726 1353 1771 Sueton.
1376 1727 1402 1771 l.
1426 1727 1452 1771 l.
1510 1727 1730 1770 Incestum
1759 1726 1945 1769 Neronis

217 1798 260 1835 et
288 1791 559 1850 Agrippinae
588 1795 838 1837 interventu
866 1795 957 1837 eius
986 1794 1254 1851 prohibitum
1285 1802 1350 1837 est
1374 1795 1472 1838 Tae.
1495 1810 1536 1838 a.
1558 1799 1624 1847 14,
1644 1798 1689 1839 2.
1738 1794 1945 1838 Amorem

217 1862 309 1903 eius
340 1862 502 1905 Neroni
535 1861 826 1919 exprobrabat
849 1863 1054 1920 Poppaea
1075 1863 1238 1906 Sabina
1266 1864 1352 1906 ibd.
1372 1867 1439 1915 13,
1459 1867 1525 1907 46.
1571 1863 1741 1920 Corpus
1760 1864 1945 1906 Neronis

219 1931 460 1987 composuit
489 1931 660 1974 Sueton.
694 1931 812 1974 Nero
841 1934 908 1976 50.
942 1956 994 1962 -—
1025 1931 1168 1987 Ayros
1198 1946 1291 1975 eam
1324 1933 1370 1975 in
1399 1932 1537 1975 Italia
1575 1935 1616 1975 et
1651 1933 1700 1976 in
1735 1931 1947 1976 Sardinia

152 1993 161 1995 ’
210 1998 448 2052 possedisse
478 1999 626 2042 docent
654 2002 684 2042 t.
711 2003 756 2043 2.
781 2002 820 2044 3.
854 2003 893 2043 7.
922 2003 963 2045 8.
995 2003 1035 2045 9.
1062 2004 1129 2044 11.

142 2090 200 2095 -
242 2073 437 2110 MARCIA
468 2074 690 2110 CLAVDIA
719 2075 873 2110 ALCIA
901 2075 1157 2111 ATHENAIS
1188 2075 1400 2111 GAVIDIA
1429 2075 1678 2112 LATIARIS.

131 2147 215 2188 849
247 2180 256 2189 .
275 2180 285 2189 .
325 2153 547 2189 CLAVDIA
583 2180 706 2190 .....
723 2154 790 2189 LA
828 2155 1038 2190 ALFIDIA
1076 2182 1086 2191 .
1105 2182 1114 2191 .
1134 2181 1143 2192 .
1162 2181 1172 2191 .
1189 2155 1284 2192 NIS.
1359 2149 1463 2192 Tres
1502 2149 1619 2192 tituli
1655 2150 1816 2192 urbani
1851 2163 1944 2192 con-

219 2216 354 2257 iuncti
380 2215 564 2258 dominis
595 2215 914 2270 benignissimis
942 2231 971 2259 a
999 2230 1116 2259 servo
1148 2217 1286 2271 positi
1312 2220 1412 2259 sunt
1442 2217 1510 2260 VI
1530 2221 1667 2260 1429:
1701 2231 1730 2259 a
1767 2217 1945 2259 sinistra

212 2287 343 2338 parte
372 2283 432 2327 ad
457 2283 567 2326 hano
587 2285 786 2339 pertinet,
820 2299 848 2327 a
879 2284 1030 2327 desctra
1061 2285 1119 2328 ad
1146 2286 1197 2328 L.
1219 2286 1426 2328 Insteium
1458 2285 1753 2341 Flaccianum,
1782 2285 1945 2327 medius

215 2351 424 2395 Claudiae
453 2352 615 2408 Papiae
644 2352 855 2394 Netoniae
883 2353 1071 2395 Insteiae
1101 2354 1410 2395 Praenestinae
1437 2353 1654 2396 dedicatus
1673 2356 1746 2396 est.
1791 2353 1944 2408 Itaque

211 2420 285 2463 ille
313 2421 505 2471 maritus,
536 2420 638 2463 haec
667 2420 764 2475 fiilia
794 2419 1006 2464 Claudiae
1035 2421 1226 2476 Alfidiae
1255 2421 1431 2465 videtur.
1520 2458 1523 2459 γ

141 2514 200 2520 -
243 2489 501 2544 (CLAVDIA)
531 2494 760 2531 ANTONIA
789 2502 825 2531 v.
856 2493 1096 2532 ANTONIA.

127 2569 212 2611 850
243 2575 463 2612 CLAVDIA
493 2574 721 2611 ANTONIA
760 2575 1004 2623 TATIANA‚
1047 2572 1071 2625 ἡ
1102 2571 1286 2627 κρατίστη
1328 2571 1470 2628 ἀνεψιὰ
1500 2569 1701 2613 Κλαυδίου
1732 2571 1941 2627 Διογένους

216 2637 288 2692 (ef.
309 2651 442 2691 supra
460 2651 502 2679 n.
528 2637 628 2691 684)
649 2639 714 2680 καὶ
737 2635 919 2680 Ἀττάλου
942 2638 1013 2692 (cf.
1034 2651 1075 2681 n.
1093 2640 1189 2694 651)
1213 2638 1513 2695 συνκλητι[κῶ]ν
1535 2638 1707 2693 publice
1731 2638 1942 2680 honorata

213 2709 241 2749 t.
274 2705 602 2759 Aphrodisiensi
628 2704 739 2748 CIG
769 2706 918 2749 2819b
952 2705 1147 2750 Addend.
1171 2721 1218 2760 p.
1250 2709 1358 2749 1115
1389 2726 1445 2741 z
1475 2706 1941 2761 Lebas-Waddinyton

217 2775 339 2815 1597.
404 2773 610 2816 Fortasse
654 2773 798 2816 eadem
837 2774 1041 2828 Tatiana,
1084 2773 1268 2816 Achillis
1308 2788 1440 2829 uxor,
1486 2775 1554 2819 Ti.
1597 2774 1770 2818 Claudii
1803 2774 1940 2818 Attali

213 2856 360 2896 nurus,
392 2855 500 2896 quae
528 2845 786 2884 memoratur
815 2843 860 2884 in
889 2845 917 2884 t.
949 2845 989 2885 et
1016 2843 1109 2897 ipso
1139 2842 1469 2897 Aphrodisiensi
1496 2842 1605 2886 OIG
1633 2845 1758 2887 2831.

128 2921 204 2963 851
242 2928 337 2965 TIB.
370 2911 627 2976 CL(AVDIA)
657 2927 874 2975 ARSASIS,
917 2936 940 2964 e
969 2921 1146 2964 Xantho
1186 2929 1229 2964 et
1262 2923 1433 2965 Pinaris
1462 2922 1646 2965 oriunda
1675 2923 1846 2977 (Ξανθία
1875 2925 1939 2966 καὶ

215 2989 402 3046 Πιναρίς),
440 2991 464 3045 ἡ
494 2991 677 3047 κρατίστη
708 2992 900 3046 ὑπατική,
932 3005 1043 3032 uxor
1072 2989 1171 3033 Tib.
1203 2989 1377 3037 Claudii
1406 2990 1672 3046 Telemachi,
1704 2997 1841 3033 mater
1870 2991 1938 3034 Ti.

126 3089 129 3092 Δ
214 3056 384 3100 Claudii
413 3057 729 3100 Stasithemidis
759 3065 803 3100 et
833 3057 1043 3101 Claudiae
1073 3058 1280 3101 Arsinoes
1311 3059 1482 3114 publice
1511 3059 1724 3103 honorata
1753 3063 1781 3102 t.
1814 3059 1938 3115 Sidy-

213 3125 347 3167 mensi
368 3125 605 3179 Benndorf,
636 3125 792 3168 Reisen
821 3125 869 3168 in
897 3124 1061 3180 Dykien
1083 3140 1130 3181 p.
1152 3130 1209 3169 67
1232 3141 1275 3169 n.
1294 3130 1360 3170 41.

128 3205 212 3248 852
243 3212 464 3248 CLAVDIA
484 3211 717 3260 ARSINOE,
749 3208 775 3262 ἡ
796 3207 994 3264 κρατίστη,
1020 3206 1111 3249 filia
1131 3207 1198 3250 Ti.
1222 3206 1393 3251 Claudii
1414 3207 1661 3251 Telemachi
1680 3211 1938 3251 memoratur

123 3315 125 3317 ,
213 3274 259 3315 in
289 3277 317 3316 t.
350 3273 592 3329 Sidymensi
609 3274 755 3328 patris
783 3273 1021 3329 Benndorf,
1053 3274 1210 3317 Reisen
1238 3276 1285 3318 in
1314 3277 1477 3331 Isykien
1498 3291 1546 3331 p.
1568 3280 1625 3318 67
1651 3291 1693 3319 n.
1713 3280 1784 3320 42.

129 3353 215 3396 853
245 3354 503 3409 CL(AVDIA)
523 3359 871 3408 ARTEMIDORA,
905 3353 1142 3397 clarissima
1165 3355 1338 3410 femina,
1373 3371 1486 3398 uxor
1512 3356 1563 3398 L.
1584 3356 1713 3399 Marii
1734 3357 1936 3411 Vegetini
