2202 3730
316 341 622 378 CALPVRNIVS
1174 332 1257 376 290
1677 372 1682 379 ,
1831 338 2113 376 CALPVRNIA

399 472 640 513 ordinarius
678 486 714 514 a.
750 471 829 512 178
862 469 988 523 plene
1019 469 1177 510 dieitur
1208 468 1300 511 Ser.
1333 469 1477 525 Scipio
1509 468 1672 512 Orfitus
1702 469 1791 512 III
1813 469 1859 513 S.
1892 467 1994 524 dipl.
2023 470 2111 515 mil.

397 539 614 588 LXXVI,
658 541 835 579 ceterum
866 537 1028 579 Orfitus
1068 537 1198 590 fasti,·
1240 536 1379 579 eodem
1419 541 1600 591 ternpore
1639 537 1724 590 fuit
1762 538 1813 580 L.
1852 537 2112 594 Calpurnius

397 609 496 650 Piso
527 606 672 648 consul
705 622 742 650 a.
778 607 857 648 175
889 604 1038 659 (supra
1067 620 1108 647 n.
1132 605 1250 660 242).
1310 607 1462 660 Itaque
1491 606 1537 647 hi
1565 606 1715 648 haberi
1736 609 1914 660 possunt
1933 606 2124 660 patroni.

393 676 561 717 illorum
592 674 836 716 libertorum
867 677 906 715 et
926 674 1054 727 prior
1082 673 1215 716 salius
1241 673 1481 718 Palatinus.
1531 674 1794 727 Quamquam
1814 674 1863 716 de
1885 688 1996 716 anno
2017 688 2110 717 eon-

392 743 531 784 sulari
547 741 771 796 Calpurnii
789 741 917 795 Orfiti
944 741 1135 783 dubitari
1145 745 1297 795 potest,
1326 742 1437 795 quod
1456 756 1547 784 eum
1567 743 1754 795 fratrum
1771 745 1877 784 natu
1896 743 2110 792 maiorem,

391 814 438 851 ut
458 824 508 851 esc
528 811 590 852 tit.
613 810 857 851 libertorum
884 813 1074 863 apparet,
1106 810 1170 851 ita
1184 813 1283 863 post
1302 811 1504 852 minorem
1525 810 1583 852 ad
1601 810 1861 852 consu-latum
1873 811 2122 865 pervenisse.

391 879 604 919 statuitur.
662 878 812 930 Itaque
853 880 892 918 et
920 877 1029 919 idern
1064 877 1214 919 haberi
1244 881 1386 931 potest
1422 881 1544 931 atque
1574 878 1737 920 Orfitus
1768 878 1918 920 consul
1943 893 1982 922 a.
2014 878 2109 930 172,

393 947 510 987 euius
538 946 702 999 reliqua
729 946 904 987 nomina
933 945 1068 987 adhue
1106 946 1312 988 nescimus
1322 959 1335 996 ;
1369 959 1466 988 nam
1499 945 1727 988 Cornelius
1759 946 1903 1002 Scipio
1935 945 2112 1001 Orfitus,

391 1015 464 1070 qui
496 1013 626 1055 salius
657 1013 876 1055 Palatinus
899 1020 1067 1055 creatus
1098 1020 1162 1055 est
1192 1028 1230 1056 a.
1256 1014 1334 1055 189
1369 1012 1573 1064 1711980,
1605 1017 1702 1056 tune
1729 1014 1924 1068 temporis
1951 1014 2113 1056 iuvenis

391 1082 474 1135 fuit
503 1095 632 1134 neque
658 1095 696 1122 a.
719 1084 805 1123 172
832 1095 961 1134 neque
993 1096 1032 1123 a.
1056 1084 1135 1123 178
1166 1081 1385 1123 consulatu
1414 1082 1583 1135 functus
1611 1095 1695 1124 esse
1716 1082 1872 1136 potuit.

474 1149 549 1191 Ad
582 1149 754 1192 eandem
795 1152 972 1191 aetatem
1012 1149 1262 1203 stirpemque
1297 1150 1463 1202 omnino
1497 1150 1684 1203 pertinet
1713 1149 1973 1206 Calpurnius
2010 1150 2110 1191 Piso

392 1218 607 1273 Scipionis
639 1217 763 1259 Orfiti
795 1217 909 1258 filius
940 1217 1171 1259 honoratus
1202 1221 1229 1259 t.
1262 1217 1405 1259 Attico
1434 1217 1539 1259 OIA
1570 1218 1659 1260 III
1680 1221 1786 1269 620;
1817 1220 1958 1272 potest
1993 1217 2120 1272 filius·

390 1299 474 1328 esse
504 1285 685 1327 consulis
716 1300 755 1327 a
786 1288 872 1327 172
900 1285 962 1327 vel
991 1288 1084 1327 178.

304 1354 388 1396 263
419 1355 475 1396 M.
507 1352 768 1409 Calpurnius
809 1352 974 1395 Seneca
1013 1352 1176 1394 Fabius
1216 1353 1379 1409 Turpio
1422 1353 1757 1396 SentinatianuS.
1832 1354 1988 1396 Tituli:
2021 1354 2110 1408 ipse

384 1422 531 1476 posuit
557 1425 584 1463 t.
617 1420 823 1463 Villalvae
842 1424 1051 1474 repertum
1072 1421 1133 1463 II
1145 1424 1260 1463 1267
1278 1421 1348 1476 (1),
1381 1435 1499 1474 quem
1522 1435 1607 1463 non
1638 1422 1750 1463 omni
1776 1421 1947 1475 fraudis
1975 1422 2110 1476 suspi-

388 1491 502 1532 cione
533 1504 676 1532 carere
705 1489 867 1530 rnonuit
896 1489 1097 1540 Hubner,·
1137 1490 1177 1531 ei
1206 1489 1376 1543 publice
1405 1490 1574 1543 positus
1604 1493 1664 1532 est
1687 1493 1723 1532 t.
1753 1490 2022 1548 Hispalensis
2051 1491 2113 1533 ΙΙ

386 1561 497 1600 1178
526 1557 614 1613 (2),·
643 1560 899 1599 memoratur
929 1558 1017 1599 III
1040 1557 1141 1611 dipl.
1173 1558 1260 1599 mil.
1291 1561 1343 1600 35
1374 1557 1458 1612 (3),·
1493 1557 1551 1599 ad
1581 1558 1753 1600 eundern
1774 1558 1963 1613 pertinet
1990 1559 2108 1614 fray-

386 1630 568 1669 mentum
599 1629 626 1667 t.
659 1626 691 1667 Ι
695 1625 865 1679 lipensis
894 1626 955 1667 II
977 1628 1085 1667 1083
1115 1625 1186 1681 (4).
1823 1643 1825 1645 ’
1933 1627 1935 1630 ’

472 1693 613 1736 Plena
641 1695 814 1736 nomina
844 1693 1037 1736 exhibent
1068 1696 1094 1734 t.
1127 1697 1164 1737 1.
1196 1697 1250 1744 2,·
1290 1694 1348 1737 Μ.
1380 1693 1627 1750 Calpur...
1668 1695 1833 1737 Seneca
1855 1695 2048 1737 ·Fa...-.
2069 1727 2079 1736 .
2098 1727 2108 1737 .

388 1762 535 1805 Senti.
555 1794 565 1804 .
584 1793 622 1804 ..
654 1765 681 1803 t.
713 1766 762 1812 4,·
798 1762 855 1803 Μ.
888 1760 1146 1817 Calpurnius
1179 1761 1345 1803 Seneca
1368 1759 1403 1803 t.
1435 1766 1460 1803 1
1494 1763 1537 1804 in
1566 1763 1649 1816 fine
1678 1762 1767 1804 scil.
1801 1762 1977 1804 ‘honore
1999 1767 2122 1805 ‘usus’

387 1831 624 1886 impensam
645 1830 851 1883 remisit'3
881 1829 1141 1885 Calpurnius
1164 1827 1329 1872 Seneca
1349 1833 1378 1871 t.
1400 1833 1439 1871 3.
1462 1855 1515 1859 ——
1537 1830 1595 1873 M.
1618 1830 1660 1883 f.,
1694 1830 1807 1872 tribu
1831 1829 1928 1873 Gal.
1951 1833 1978 1872 t.
2000 1834 2038 1874 1.
2061 1834 2105 1874 2.

471 1899 643 1940 Primus
683 1897 795 1954 pilus
835 1897 1016 1951 legionis
1048 1898 1068 1938 Ι
1098 1897 1361 1951 Adiutricis,
1402 1899 1655 1954 procurator
1694 1899 1943 1954 provinciae
1981 1898 2106 1941 Lusi-

388 1966 529 2007 taniae
561 1972 603 2007 et
633 1966 874 2019 Vettoniae,
907 1964 1150 2021 praefectus
1187 1965 1334 2007 classis
1365 1966 1606 2022 praetoriae
1637 1966 1903 2008 Ravennatis
1928 1970 1963 2010 t.
1993 1970 2031 2011 1.
2061 1971 2106 2018 2,

383 2033 624 2089 praefectus
664 2032 750 2074 clas
754 2034 810 2074 sis
851 2031 1091 2088 praetoriae
1132 2033 1387 2075 Misenensis
1427 2037 1456 2076 t.
1487 2037 1529 2077 2.
1561 2033 1600 2084 3
1643 2049 1755 2075 anno
1798 2036 1875 2078 134
1915 2038 1943 2077 t.
1977 2038 2017 2079 3.
2053 2059 2118 2074 ——-.

386 2102 600 2143 Patronus
641 2100 833 2142 coloniae
868 2100 1159 2143 Romulensis
1174 2101 1481 2175 (Hispalensis)
1524 2104 1551 2143 t.
1583 2105 1625 2145 2.
1693 2102 1904 2145 Succonia
1933 2104 2110 2146 Rustica

384 2184 496 2212 uxor
526 2172 554 2211 t.
581 2173 620 2213 1.

312 2239 635 2291 —(NONIVS)
666 2243 924 2279 ASPRENAS
958 2244 1052 2278 CAI
1055 2244 1266 2279 PVRNIVS
1300 2238 1606 2293 SER[R]ANVS.

300 2307 383 2348 264
413 2313 456 2348 L.
484 2311 795 2347 CALPVRNIVS
823 2312 1079 2356 SQVILLIVS
1107 2307 1156 2348 L.
1184 2306 1227 2360 f.,
1259 2303 1375 2348 tribu
1407 2306 1529 2361 Pub.
1563 2313 1765 2363 quaestoi
1800 2289 2106 2363 imperatorum

385 2375 461 2429 (sie
500 2374 687 2415 traditur
722 2374 793 2415 vix
834 2377 965 2425 reete,·
1004 2374 1170 2416 litterae
1200 2386 1283 2418 JMP.
1315 2374 1426 2416 male
1454 2374 1616 2416 solutae
1644 2374 1867 2429 videntur),
1907 2375 2115 2418 tribunus

385 2441 541 2498 plebis,
583 2448 776 2497 praetor,
813 2448 1019 2497 patronus
1054 2442 1406 2496 (Veronensium)
1448 2442 1489 2484 V
1508 2442 1615 2485 3335
1652 2446 1679 2486 t.
1711 2442 1956 2485 Veronensis
1982 2440 2107 2485 semel

384 2509 549 2552 saeculo
578 2509 675 2551 XV
697 2509 939 2563 descriptus.

300 2579 381 2620 265
413 2577 672 2633 Calpurnius
705 2578 901 2632 Statura,
945 2579 1081 2619 Persii
1113 2585 1265 2634 poetae
1295 2581 1480 2632 amicus,
1513 2580 1587 2635 qui
1618 2580 1722 2620 vivo
1755 2593 1804 2620 eo
1832 2579 2001 2620 iuvenis
2030 2578 2103 2621 de·
2163 2596 2166 2598 ·

386 2646 514 2686 cessit
542 2646 631 2686 vita
660 2644 805 2687 Persii
834 2645 1011 2688 Suetoni
1039 2646 1244 2700 reliquiae
1274 2646 1335 2688 ed.
1365 2644 1673 2697 Reifferscheid
1692 2662 1740 2701 p.
1770 2649 1834 2690 73.
1889 2643 1893 2646 ⁴
2019 2646 2024 2651 ’

314 2737 370 2743 -
418 2719 459 2754 C.
490 2719 751 2754 BELLICIVS
783 2719 1092 2755 CALPVRNIVS
1126 2714 1462 2769 [TJORQVATVS.
1812 2732 1815 2734 ’

316 2805 369 2810 -
415 2781 508 2834 (0.9
540 2784 742 2834 NONIVS)
773 2788 1028 2823 ASPRENAS
1062 2788 1372 2824 CALPVRNIVS
1401 2788 1708 2833 TORQVATVS.

302 2850 384 2891 266
417 2854 711 2902 CALPVRNIA,
745 2849 795 2890 L.
824 2849 1084 2905 (Calpurnii)
1116 2851 1285 2892 Pisonis
1316 2850 1424 2905 filia,
1458 2851 1527 2904 (L.
1558 2851 1689 2904 Noni)
1720 2850 1975 2906 Asprenatis
2004 2851 2103 2906 (eos.

387 2930 427 2957 a.
445 2919 470 2957 6
482 2931 528 2970 p.
548 2916 613 2970 C.)
636 2931 755 2970 uxor,
779 2923 914 2958 mater
929 2918 980 2959 L.
998 2918 1109 2959 Noni
1128 2918 1380 2974 Asprenatis
1397 2918 1494 2973 (eos.
1514 2932 1552 2960 a.
1570 2921 1628 2961 29
1639 2932 1688 2972 p.
1709 2917 1772 2972 Ο.)
1790 2924 1833 2960 et
1848 2917 2102 2974 Asprenatis

389 2983 595 3040 Calpurni
628 2984 834 3039 Ser[r]ani
866 2992 908 3026 et
937 2986 1190 3042 Asprenatis
1222 2985 1430 3042 Calpurni
1461 2986 1670 3042 Torquati
1702 2985 1771 3028 VI
1790 2989 1912 3030 1371.
1943 2989 2065 3028 1370.
2167 2994 2172 2998 ”

303 3052 384 3094 267
418 3057 723 3106 CALPVRNIA,
767 3052 945 3094 illustris
984 3054 1144 3096 femina
1173 3053 1228 3095 ab
1259 3051 1502 3110 Agrippina
1531 3069 1568 3096 a.
1601 3054 1655 3096 49
1685 3055 1969 3110 pervertitur,
1996 3054 2104 3110 'quia

243 3129 253 3137 ²
386 3119 567 3160 formam
608 3121 699 3161 eius
740 3119 994 3163 laudaverat
1035 3121 1254 3176 Claudius,
1297 3121 1416 3163 nulla
1447 3121 1644 3175 libidine,
1689 3121 1764 3162 sed
1805 3121 1980 3164 fortuito
2016 3135 2103 3162 ser-

387 3201 534 3241 mone,
564 3187 678 3229 unde
709 3188 772 3229 ira
792 3187 1059 3245 Agrippinae
1081 3190 1189 3231 citra
1208 3185 1364 3231 ‘ultima
1384 3189 1502 3230 stetit
1527 3189 1626 3233 Tac.
1649 3203 1688 3231 a.
1709 3193 1779 3239 12,
1801 3191 1874 3239 22,
1906 3189 2103 3231 Zonaras

386 3258 525 3305 11,10
555 3255 646 3308 (qui
674 3255 805 3297 male:
836 3255 1112 3314 Καλπουρνιαν
1139 3283 1189 3288 -
1207 3282 1266 3287 -
1286 3259 1605 3314 ἐφυγάδευσεν
1584 3275 1608 3313 η
1640 3260 1696 3303 ὡς
1725 3257 1881 3314 λέγεται
1910 3256 1976 3300 καὶ
2006 3256 2103 3299 ἀπέ-

386 3324 563 3376 κτεινεν).
623 3322 749 3365 Anno
780 3325 835 3365 59
870 3323 1122 3381 Agrippina
1154 3326 1295 3368 occisa
1324 3324 1561 3381 Calpurnia
1599 3339 1625 3366 a
1664 3325 1835 3367 Nerone
1862 3338 1931 3367 ex
1970 3323 2100 3366 exilio

387 3396 589 3432 revocata
618 3396 683 3433 est
708 3391 802 3435 Tac.
829 3396 1046 3443 α.14,12.
