2202 3730
261 310 448 347 ANNIVS
1121 304 1176 348 70
1875 311 2061 349 ANNIVS

261 441 343 484 528
374 447 427 486 M.
459 447 645 483 ANNIVS
681 447 886 482 SABINVS
923 446 1053 494 LIBO,
1091 439 1352 482 clarissimus
1387 442 1466 495 vir,
1501 447 1672 486 curator
1707 441 1881 484 Lavinii
1914 456 2064 485 memo-

343 513 468 552 ratur
486 510 534 552 in
564 512 592 553 t.
615 509 824 551 Lavinate
843 508 923 550 XI
928 508 1104 558 V2070,
1137 509 1210 562 qui
1242 508 1457 551 dedicatus
1486 513 1547 551 est
1575 509 1676 551 divo
1697 509 1916 552 Antonino
1946 510 2060 566 Aug.

345 577 417 632 (=
439 577 673 619 'Antonino
712 575 824 631 Pio).
901 576 1079 619 Omnino
1116 576 1344 631 parentela
1388 578 1632 619 coniunctus
1675 591 1767 620 cum
1811 579 1877 621 M.
1917 578 2061 621 Annio

342 645 503 687 Libone
531 659 573 689 n.
603 647 696 687 509.

257 712 341 756 529
370 718 556 755 ANNIVS
589 718 825 767 SEVERVS,
858 727 981 755 socer
1012 712 1222 757 Gordiani
1253 713 1311 768 (Ι)
1343 714 1416 770 qui
1448 714 1677 770 imperavit
1704 714 1776 756 vit.
1804 713 1935 759 Gora.
1962 717 2000 765 6,
2021 719 2061 759 4.

258 780 341 823 530
369 780 540 824 Annius
571 780 769 835 Severus,
804 780 860 822 ad
890 795 1019 837 quem
1049 782 1222 837 scripsit
1252 781 1419 824 Plinius
1449 796 1511 836 ep.
1541 784 1580 832 3,
1610 784 1636 823 6
1666 784 1705 823 et
1732 784 1772 833 5,
1803 785 1841 824 1.

257 849 335 891 531
368 855 541 891 APP1vs
569 855 756 891 ANNIVS
787 855 1069 891 TREBONIVS
1102 856 1315 905 GALLVS,
1355 849 1502 892 consul
1532 865 1569 892 a.
1602 850 1681 892 108
1713 864 1811 892 eum
1838 850 1896 892 M.
1926 850 2060 894 Atilio

340 916 507 960 Metilio
550 917 739 960 Bradua.
804 918 862 960 In
899 917 1141 960 consulatu:
1189 918 1358 974 Appius
1404 917 1573 960 Annius
1618 917 1862 960 Trebonius
1909 918 2062 963 Gallus

341 985 409 1029 VI
430 988 523 1036 680,
563 985 732 1042 Appius
773 985 943 1028 Annius
982 985 1133 1030 Gallus
1174 986 1242 1029 VI
1262 989 1425 1037 29631,
1466 985 1638 1029 Annius
1679 985 1833 1030 Gallus
1872 987 1934 1030 II
1964 990 2057 1037 179,

311 1057 491 1097 ceterum
511 1053 663 1097 Gallus
692 1054 811 1108 fasti.
834 1079 887 1084 —
918 1053 986 1096 De
1007 1056 1192 1110 posteris
1220 1054 1312 1097 vide
1342 1055 1388 1096 in
1409 1054 1553 1109 Appio
1573 1054 1720 1097 Annio
1747 1053 1876 1097 Gallo
1904 1068 1947 1098 n.
1966 1057 2060 1098 493.

254 1122 338 1164 532
368 1128 412 1166 L.
443 1128 629 1164 ANNIVS
665 1127 871 1174 TVLLVS,
913 1121 1178 1165 clarissimus
1208 1136 1336 1179 puer,
1370 1123 1421 1164 L.
1454 1122 1600 1177 [Anni]
1637 1122 1880 1178 Tere(tina)
1919 1122 2061 1177 Longi

336 1189 562 1233 clarissimi
600 1191 683 1232 viri
724 1196 766 1232 et
795 1189 951 1233 Vibiae
984 1190 1188 1245 Se[renae
1199 1190 1236 1245 ?]
1277 1189 1539 1233 clarissimae
1578 1190 1765 1233 feminae
1803 1189 1918 1233 filius
1955 1190 2062 1233 obiit

338 1273 438 1302 ann.
468 1259 491 1301 I
519 1273 640 1301 mens
661 1291 783 1300 .....
815 1258 924 1301 ΧΙῙ
939 1261 1050 1301 5804
1080 1262 1108 1301 t.
1130 1258 1409 1302 Arelatensis.

252 1327 335 1369 533
364 1333 551 1369 ANNIVS
582 1333 760 1381 VERVS,
783 1341 972 1383 proavus
998 1334 1204 1383 paternus
1225 1327 1363 1369 Marci
1384 1327 1668 1383 imperatoris,
1692 1341 1748 1368 ex
1770 1325 2059 1369 Succubitano

337 1396 570 1451 municipio
601 1396 678 1449 (an
707 1394 1011 1438 Vccubitano‘?
1043 1396 1098 1450 cf.
1131 1395 1416 1446 Kubitschek,
1453 1395 1685 1450 Imperium
1713 1394 1956 1437 Romanum
1985 1394 2060 1436 tri-

337 1464 468 1506 butim
489 1463 742 1518 descriptum
762 1478 811 1517 p.
835 1463 936 1518 182)
965 1477 1021 1505 ex
1042 1464 1256 1521 Hispania
1280 1463 1420 1506 factus
1444 1469 1629 1518 senator,
1652 1463 1893 1519 praetorius
1915 1461 2058 1517 (obiit)

334 1532 406 1574 vit.
438 1531 589 1574 Marci
616 1535 655 1583 1,
685 1535 726 1574 4.

249 1600 334 1643 534
362 1607 414 1644 M.
445 1606 631 1643 ANNIVS
661 1606 825 1642 VERVS
857 1601 996 1643 nescio
1025 1600 1117 1655 quis
1145 1603 1402 1643 memoratur
1430 1601 1476 1643 in
1507 1603 1535 1643 t.
1565 1600 1678 1642 servi
1706 1599 1775 1642 VI
1795 1601 1944 1643 16906.

248 1669 332 1710 535
363 1674 417 1710 M.
447 1674 634 1710 ANvas
675 1674 862 1723 vnnvs,
904 1668 1052 1711 consul
1091 1669 1159 1711 III
1198 1684 1237 1711 a.
1273 1670 1354 1712 126
1397 1683 1495 1711 oum
1535 1668 1585 1711 O.
1626 1668 1767 1723 Eggio
1809 1666 2056 1710 Ambibulo.

341 1737 507 1779 Titulus
537 1737 627 1779 eius
654 1737 787 1791 fuisse
815 1737 978 1780 videtur
1009 1737 1076 1780 VI
1098 1740 1205 1780 1340
1235 1736 1310 1792 (1),
1350 1738 1426 1779 ubi
1452 1737 1627 1779 nomina
1663 1737 1753 1778 eius
1773 1735 2060 1791 probabiliter

333 1804 539 1859 supplevit
566 1805 762 1858 Henzem
806 1809 1064 1848 memoratur
1101 1806 1147 1847 in
1177 1806 1286 1848 actis
1313 1805 1542 1847 Arvalium
1572 1819 1613 1847 a.
1634 1807 1715 1847 105
1745 1804 1814 1846 VI
1834 1806 1949 1848 2075
1978 1802 2055 1859 (2),

335 1873 379 1915 in
414 1875 442 1915 t.
471 1873 779 1917 Beneventano·
795 1874 875 1916 IX
901 1877 1012 1916 1617
1039 1874 1112 1929 (3),
1154 1874 1200 1916 in
1236 1874 1423 1916 carmine
1463 1873 1532 1916 VI
1563 1875 1675 1916 9797
1709 1871 1781 1927 (4),
1823 1872 1870 1915 in
1909 1871 2059 1927 tequlis

334 1941 514 1984 urbanis
533 1941 738 1985 XV245.
769 1946 854 1986 246
884 1943 1008 1998 (anni
1025 1945 1146 1999 135);
1174 1945 1266 1987 453.
1296 1945 1378 1985 454
1403 1942 1527 1998 (anni
1545 1941 1671 1995 123);
1697 1942 1778 1984 455
1798 1940 1921 1996 (amni
1938 1942 2060 1996 134),-

335 2012 428 2054 478.
453 2013 534 2052 479
565 2010 688 2065 (anni
715 2011 839 2066 123),·
878 2013 1123 2062 480-486;
1160 2014 1252 2053 799.
1291 2013 1388 2053 800.
1418 2013 1513 2054 805.
1547 2012 1630 2052 806
1660 2009 1784 2064 (anni
1810 2007 1932 2063 123)’;
1959 2010 2056 2052 807.

334 2080 430 2122 808.
460 2080 557 2121 809.

420 2146 478 2188 In
507 2146 749 2189 consulatu:
779 2146 823 2201 a)
845 2147 990 2200 primo
1020 2147 1190 2189 Annius
1220 2147 1363 2190 Verus
1398 2145 1561 2200 Diyest.
1591 2148 1658 2196 48,
1690 2148 1729 2196 8,
1761 2148 1811 2196 6;
1850 2145 1891 2200 b)
1923 2144 2057 2187 altero

335 2228 375 2256 a.
407 2217 491 2258 121
521 2213 692 2256 Annius
723 2214 863 2257 Verus
897 2215 996 2258 XV
1015 2218 1119 2266 344,
1151 2218 1329 2258 ceterum
1357 2214 1499 2257 Verus
1525 2214 1654 2268 fasti,·
1689 2213 1727 2267 c)
1758 2213 1883 2255 tertio
1911 2227 1952 2255 a.
1973 2215 2058 2256 126

335 2282 394 2324 Μ.
425 2281 596 2324 Annius
617 2282 758 2325 Verus
790 2282 858 2325 VI
880 2286 974 2334 970,
1006 2282 1177 2326 Annius
1206 2283 1347 2326 Verus
1379 2282 1448 2326 VI
1468 2284 1584 2326 4225
1604 2281 1652 2324 X
1661 2281 1807 2325 V109.
1836 2283 1931 2324 506.
1961 2283 2055 2331 554,

334 2353 512 2393 ceterum
541 2350 683 2393 Verus
712 2351 831 2405 fasti.
864 2376 918 2382 —
947 2351 1007 2394 M.
1039 2352 1208 2394 Annius
1235 2351 1407 2407 V[erus]
1441 2354 1469 2393 t.
1500 2353 1550 2402 2,
1581 2349 1753 2392 Annius
1783 2350 1925 2392 Verus
1956 2352 1984 2391 t.
2014 2352 2054 2399 3,

330 2418 472 2461 Verus
503 2421 532 2461 t.
561 2422 601 2470 4,
632 2419 691 2461 M.
714 2419 884 2462 Annius
904 2420 1047 2463 Verus
1077 2421 1161 2462 sive
1181 2419 1352 2462 Annius
1376 2420 1518 2463 Verus
1547 2419 1593 2461 in
1623 2418 1785 2473 tequlis.
1809 2443 1861 2447 —
1883 2418 2054 2460 Annius

333 2487 476 2530 Verus
505 2488 577 2531 vit.
609 2486 685 2529 Pii
709 2491 749 2539 1,
780 2491 818 2541 6,
849 2489 921 2530 vit.
954 2488 1106 2530 Marci
1132 2492 1171 2540 1,
1202 2492 1247 2539 2,
1276 2487 1367 2531 Dio
1395 2491 1462 2538 69,
1492 2490 1573 2539 21;
1612 2487 1755 2529 Verus
1788 2486 1971 2529 Marcus
2001 2486 2057 2532 εἰς

333 2555 473 2598 ἑαυτόν
503 2559 542 2606 1,
574 2559 612 2598 1.

416 2623 554 2666 Filius
598 2623 733 2666 Annii
778 2625 884 2667 Veri
939 2625 1141 2681 praetorii
1193 2623 1250 2677 (n.
1295 2624 1414 2679 533),
1461 2623 1650 2666 adscitus
1693 2624 1737 2664 in
1782 2622 1987 2679 patricios
2032 2636 2058 2662 a
2128 2679 2131 2680 ⁷

331 2692 597 2748 Vespasiano
639 2699 681 2734 et
718 2692 817 2734 Tito
858 2693 1109 2736 censoribus
1148 2694 1220 2735 vit.
1255 2692 1404 2735 Marci
1438 2696 1470 2742 1,
1502 2696 1545 2735 2.
1614 2690 1777 2734 Consul
1806 2691 1828 2733 Ι
1857 2688 2058 2742 suffectus

333 2774 374 2802 a.
403 2760 566 2807 incerto¹
591 2761 667 2803 sub
689 2760 940 2804 Domitiano
959 2761 1124 2816 Diyest.
1145 2763 1214 2812 48,
1239 2763 1279 2812 8,
1301 2764 1352 2813 6,·
1381 2760 1532 2803 consul
1562 2761 1607 2803 11
1636 2759 1881 2802 ordinarius
1911 2775 1951 2802 a.
1974 2761 2052 2803 121

332 2843 431 2871 cum
468 2828 649 2883 Augure
688 2829 796 2882 fasti
806 2843 819 2880 ‚·
858 2830 1104 2886 praefectus
1144 2829 1241 2872 urbi
1283 2832 1312 2871 t.
1343 2832 1390 2880 1,
1421 2831 1461 2879 3,
1501 2829 1573 2870 vit.
1615 2828 1766 2870 Marci
1793 2830 1841 2878 1,
1883 2831 1927 2879 2,
1968 2826 2058 2870 Dio

330 2899 397 2948 69,
427 2899 484 2940 21
515 2894 691 2948 (Zonar.
723 2901 787 2948 11,
809 2897 884 2952 24)
906 2898 1194 2953 probabiliter
1226 2899 1342 2940 cirea
1372 2911 1412 2939 a.
1444 2900 1540 2948 121,
1574 2910 1667 2939 cum
1701 2910 1753 2938 ea
1782 2899 1919 2938 aetate
1948 2895 2058 2938 alter

335 2964 577 3007 consulatus
598 2979 691 3007 cum
715 2967 992 3020 praefectura
1011 2967 1181 3009 urbana
1201 2966 1321 3020 iunyi
1335 2965 1492 3016 soleat,·
1523 2964 1670 3007 consul
1691 2964 1760 3006 111
1782 2979 1820 3006 a.
1845 2964 1926 3006 126
1957 2978 2056 3006 cum

333 3032 383 3075 O.
413 3033 554 3088 Eggio
584 3033 820 3076 Ambibulo
851 3035 980 3088 fasti‚·
1018 3041 1084 3078 ter
1123 3033 1274 3076 consul
1305 3037 1332 3075 t.
1364 3037 1403 3084 1,
1434 3037 1473 3084 4,
1500 3032 1588 3075 Dio
1619 3032 1646 3074 l.
1679 3032 1705 3074 l.
1739 3031 1869 3085 (falso
1900 3032 2057 3074 iterum

330 3100 481 3143 consul
509 3101 580 3143 vit.
612 3101 761 3144 Marci
787 3106 826 3153 1,
857 3103 918 3156 2).
948 3091 1019 3132 —⁸
1044 3103 1199 3145 Frater
1225 3101 1401 3144 Arvalis
1443 3100 1581 3143 adfuit
1615 3101 1659 3142 in
1690 3099 1871 3154 collegio
1903 3115 1941 3143 a.
1977 3101 2056 3143 105

332 3172 359 3211 t.
381 3172 424 3213 2.
449 3194 502 3201 -
522 3169 579 3212 In
597 3170 702 3212 vivis
723 3184 814 3212 eum
834 3171 966 3224 fuisse
988 3185 1100 3213 anno
1117 3173 1194 3213 135
1214 3170 1359 3213 docent
1381 3169 1544 3224 teyulae
1574 3182 1612 3211 v.
1633 3182 1788 3222 supra3
1818 3169 2059 3223 interfuisse

330 3237 510 3288 senatui,
543 3251 635 3279 cum
655 3237 898 3280 Antoninus
915 3253 1041 3292 yener
1063 3240 1116 3281 ab
1139 3238 1368 3281 Hadriano
1399 3237 1687 3291 adoptaretur,
1721 3235 1785 3292 (id
1813 3239 1874 3278 est
1896 3250 1936 3278 a.
1958 3238 2056 3294 138)

328 3306 457 3359 ponit
485 3306 816 3348 narratiuncula
835 3321 920 3360 per
948 3320 991 3350 se
1020 3308 1128 3349 satis
1156 3308 1302 3361 inepta
1329 3306 1400 3350 vit.
1434 3304 1510 3347 Pii
1537 3308 1576 3347 4.
1941 3315 1944 3319 “

414 3373 539 3415 onr
567 3374 741 3430 Rupilia
772 3375 980 3417 Faustina
1009 3376 1080 3416 vit.
1111 3375 1258 3418 Marci
1275 3379 1313 3426 1,
1334 3377 1385 3424 4;
1413 3371 1561 3415 liberi:
1595 3373 1691 3427 (M.)
1722 3372 1892 3415 Annius
1913 3372 2055 3415 Verus
