2176 3750
256 318 499 355 AEMILIVS
1129 309 1183 352 28
1815 313 1882 348 ΑΕ
1890 311 2062 348 MILIVS

344 450 484 492 nensis
503 449 644 491 Revue
665 447 963 502 epiyraphique
994 446 1050 488 du
1078 446 1184 488 midi
1211 445 1260 488 de
1290 445 1334 487 la
1353 444 1525 487 Franee
1544 445 1579 487 I
1592 459 1639 499 p.
1661 447 1719 488 26
1746 458 1788 487 n.
1809 446 1874 488 36.
1920 442 2066 486 Potest

341 518 451 561 idem
481 530 565 559 esse
596 516 668 570 qui
687 514 922 569 praeeedit.

258 592 341 634 228
370 596 612 631 AEMILIVS
644 594 1040 642 FRONTINIANVS,
1072 589 1143 630 vir
1173 586 1454 641 clarissimus,
1497 593 1704 643 patronus
1735 586 1897 629 ordinis
1928 601 2064 629 sacer-

346 659 491 700 dotum
523 657 674 699 domus
702 657 815 711 Aug.
848 655 1070 698 Palatinae
1100 662 1240 698 aetate
1271 654 1495 698 Commodi
1527 654 1595 697 VI
1607 658 1720 698 2010
1752 669 1779 697 a
1809 658 1881 698 29.

256 733 340 775 229
370 738 612 773 AEMILIVS
645 736 952 784 FRONTINVS,
996 729 1227 786 proconsul
1256 728 1388 771 Asiae
1423 729 1556 784 (intra
1586 741 1719 771 annos
1748 729 1838 782 fere
1865 728 2062 785 170l19o)

341 799 596 855 Apollonius
625 798 741 853 apud
768 799 1001 841 Eusebium
1028 797 1124 841 hist.
1156 797 1251 840 ecel.
1278 800 1316 848 5,
1341 799 1405 847 18,
1428 799 1467 841 9.

256 875 339 918 230
369 879 612 916 AEMILIVS
657 878 879 927 FRONTO,
926 871 1187 914 clarissimus
1231 872 1313 913 vir.
1387 871 1458 913 Ex
1502 871 1714 912 sententia
1758 872 1871 925 eius,
1917 878 2066 928 postea

342 942 498 984 deinde
536 940 654 983 Arrii
700 940 910 983 Antonini
954 939 1006 982 cl.
1047 955 1088 982 V.
1130 941 1194 982 rei
1233 955 1274 996 p.
1316 939 1520 994 Tif(erni)
1557 938 1791 994 Tib(erini)
1836 942 2064 996 pecuniam

339 1016 608 1053 numeratam
649 1024 740 1051 esse
778 1012 1036 1051 memoratur
1074 1009 1120 1050 in
1161 1011 1188 1050 t.
1220 1007 1304 1050 ibd.
1345 1010 1508 1062 reperto
1548 1021 1666 1061 quem
1705 1007 1925 1062 descripsit
1952 1008 2062 1052 Bor-

339 1092 470 1120 mann
500 1076 649 1130 (Grut.
670 1081 764 1128 494,
786 1076 843 1131 5).
900 1077 1121 1119 Iuridieus
1148 1076 1279 1130 fuisse
1309 1075 1483 1118 videtur.

254 1159 333 1201 231
368 1164 411 1201 L.
433 1163 676 1199 AEMILIVS
696 1163 1011 1198 HONORATVS.
1064 1156 1198 1198 Tituli
1218 1155 1544 1198 Nemausenses:
1564 1155 1672 1197 XII
1683 1158 1790 1198 3164
1811 1155 1868 1211 (1)
1889 1157 2061 1211 inteyer,

337 1228 444 1268 3165
470 1224 532 1279 (2)
562 1226 844 1280 frayrzzentum
870 1228 897 1267 t.
916 1224 1105 1279 yemelli,·
1135 1224 1193 1266 ad
1221 1224 1394 1266 eundern
1415 1224 1630 1278 pertinere
1654 1223 1847 1266 videntur
1875 1225 2064 1279 frustula

341 1298 368 1337 t.
403 1293 703 1336 Nemausensis
733 1293 840 1336 XII
861 1295 982 1336 5896.

424 1361 484 1406 Μ.
517 1362 569 1415 f.‚
611 1361 727 1403 tribu
756 1361 894 1415 Volt.,
928 1361 1066 1403 IIIvir
1105 1360 1321 1417 capitalis,
1365 1366 1567 1416 quaestor
1606 1374 1669 1415 pr.
1710 1375 1775 1416 pr.
1813 1362 2063 1417 provinciae

340 1431 467 1472 Ponti
497 1436 540 1472 et
569 1429 824 1486 Bithyniae,
855 1429 1024 1484 legatus
1056 1427 1359 1484 (proconsulis)
1392 1427 1583 1470 eiusdem
1613 1429 1883 1484 provinciae,
1913 1430 2063 1473 aedilis

338 1498 499 1555 plebis,
531 1505 725 1554 praetor,
758 1497 1003 1554 praefectus
1034 1497 1238 1540 frumenti
1270 1496 1401 1538 dandi
1433 1511 1488 1538 ex
1517 1502 1689 1538 senatus
1720 1497 1934 1553 consulto,
1967 1513 2062 1555 pro-

338 1566 488 1610 consul
528 1567 779 1623 provinciae
808 1566 962 1609 Cretae
1004 1572 1046 1608 et
1075 1565 1367 1621 Cyrenarum3
1408 1564 1478 1606 hic
1518 1563 1595 1606 hos
1634 1564 1818 1607 honores
1854 1565 2062 1610 beneficio

340 1635 490 1691 optimi
528 1635 738 1690 principis
775 1634 987 1676 maturius
1018 1649 1146 1690 quam
1175 1649 1254 1690 per
1282 1648 1417 1675 annos
1448 1633 1638 1688 permitti
1669 1631 1797 1688 solet,
1829 1636 1974 1688 gessit.
2008 1661 2062 1667 —

339 1702 551 1746 Sacerdos
581 1702 740 1744 fetialis
772 1706 799 1744 t.
822 1706 860 1745 1.
884 1725 935 1733 —
959 1701 1160 1758 Optimus
1186 1703 1387 1758 princeps
1416 1715 1517 1743 num
1546 1699 1817 1754 intelleyatur
1847 1702 2062 1748 Traianus

337 1772 541 1814 incertum
572 1774 644 1812 est.

253 1847 336 1889 232
362 1845 574 1888 Aemilius
595 1844 828 1900 Iucundus,
861 1844 1104 1901 praefectus
1133 1843 1225 1886 alae
1251 1845 1445 1901 equitum
1469 1847 1758 1908 Romanorum
1780 1847 1944 1902 Ioseph.
1968 1848 2060 1891 bell.

337 1917 378 1964 2,
401 1917 468 1964 19,
494 1917 530 1955 7.
579 1913 793 1955 Incertum
811 1927 912 1955 num
932 1913 1040 1955 idem
1060 1914 1116 1954 sit
1144 1913 1364 1955 Iucundus
1386 1915 1629 1970 praefectus
1650 1916 1744 1958 alae
1763 1916 1848 1958 ibd.
1869 1919 1912 1966 2,
1934 1919 1999 1968 14,
2020 1921 2060 1963 5.

252 1995 335 2036 233
364 1999 607 2035 AEMILIVS
639 1999 841 2046 IVNCVS,
884 1992 1115 2049 proconsul
1145 1992 1276 2034 Asiae
1305 1998 1563 2037 memoratur
1592 1996 1637 2038 in
1674 1999 1700 2038 t.
1730 2010 1883 2050 yraeeo
1919 1997 2060 2052 Thya-

337 2063 471 2104 tireno
510 2061 702 2103 Bulletin
743 2061 792 2103 de
829 2075 936 2103 eorr.
980 2061 1073 2103 hell.
1114 2061 1195 2103 XI
1225 2062 1365 2116 (1887)
1395 2077 1444 2116 p.
1477 2067 1543 2106 99.
1609 2063 1803 2118 C'oyitari
1830 2068 1973 2118 potest
2012 2066 2061 2109 de

337 2131 387 2172 L.
419 2129 603 2172 Aemilio
630 2130 764 2172 Iuneo
792 2130 856 2171 vel
884 2130 932 2172 de
961 2130 1145 2172 Aemilio
1176 2130 1308 2172 Iunco
1340 2132 1493 2173 aetatis
1521 2131 1859 2175 Commodianae.

252 2210 336 2252 234
364 2216 607 2251 AEMILIVS
646 2215 825 2251 IVNCVS
873 2208 1064 2261 (iunctus
1110 2209 1243 2263 libri).
1319 2210 1627 2254 Coniuratione
1671 2213 1848 2255 Paterni
1892 2213 2061 2257 detecta

338 2277 395 2330 (a.
416 2281 514 2333 183)
545 2280 590 2320 in
621 2277 799 2319 exilium
830 2278 914 2320 acti
944 2284 1046 2320 sunt
1063 2277 1275 2320 Aemilius
1306 2279 1465 2321 Iuncus
1496 2286 1539 2322 et
1558 2279 1716 2322 Atilius
1745 2280 1931 2324 Severus
1962 2297 2060 2325 con-

336 2346 449 2388 sules
475 2347 546 2388 vit.
577 2346 733 2389 Cornan.
754 2350 793 2396 4,
816 2350 881 2388 11.
923 2346 1036 2389 Vnde
1061 2347 1108 2388 in
1137 2360 1300 2388 summa
1330 2347 1657 2402 bioyraphorum
1686 2349 1947 2404 neyleyentia
1975 2365 2060 2394 non

337 2418 444 2457 eerte
472 2414 736 2457 concluditur
765 2415 946 2457 Iuneum
975 2418 1072 2457 tune
1103 2414 1310 2457 consulem
1339 2415 1482 2469 fuisse.

251 2495 333 2537 235
365 2501 408 2535 L.
439 2501 682 2536 AEMILIVS
714 2501 918 2550 1VNOVS,
954 2494 1103 2536 consul
1133 2495 1266 2550 (suff.)
1296 2510 1333 2537 a.
1368 2496 1448 2538 127
1479 2511 1579 2539 oum
1610 2496 1711 2540 Sex.
1742 2497 1852 2540 Iulio
1884 2498 2058 2542 Severo.

342 2562 494 2604 Tituli:
521 2563 754 2605 honoratur
775 2563 919 2606 Attieo
942 2562 1045 2606 CIA
1061 2563 1148 2605 III
1165 2566 1254 2606 622
1284 2561 1342 2618 (1)
1373 2578 1492 2618 quern
1515 2564 1685 2618 publice
1705 2570 1942 2619 posuerunt
1966 2567 2059 2610 Tri-

337 2631 528 2684 politani
556 2630 788 2673 Phoenices
821 2631 976 2686 leyato,
1008 2635 1266 2674 memoratur
1295 2632 1341 2674 in
1372 2632 1590 2686 Spartano
1618 2632 1728 2676 CIG
1758 2637 1865 2677 1346
1894 2634 1970 2687 (2).
1999 2661 2059 2666 -—

335 2700 391 2741 In
431 2699 649 2742 consulatu
689 2719 744 2734 ———·
783 2701 834 2742 L.
878 2700 1090 2743 Aemilius
1130 2701 1291 2742 Iuncus
1332 2701 1420 2743 III
1454 2701 1555 2756 dipl.
1596 2701 1683 2744 mil.
1715 2722 1771 2736 =
1800 2702 1912 2758 1207».
1944 2718 2006 2758 ep.
2031 2707 2058 2746 4

333 2781 380 2820 p.
412 2770 514 2818 181,
546 2767 757 2810 Aemilius
788 2769 950 2811 Iuncus
981 2768 1143 2823 Diyest.
1174 2771 1240 2818 40,
1277 2771 1316 2818 5,
1345 2771 1419 2819 28,
1450 2772 1499 2819 4,
1541 2783 1680 2825 nuper
1720 2770 1894 2813 consule
1923 2772 2058 2814 Iunco

336 2836 525 2880 Iuvenal.
547 2839 611 2887 15,
633 2839 704 2887 27,
737 2843 910 2879 senatus
942 2837 1185 2879 consultum
1215 2836 1470 2879 Iuncianum
1491 2836 1656 2892 Diyest.
1681 2841 1747 2889 40,
1773 2841 1812 2888 5,
1843 2842 1908 2890 51,
1938 2842 1979 2882 8.
2001 2865 2059 2869 -

336 2903 547 2946 Aemilius
571 2905 730 2947 Iuncus
763 2908 790 2947 t.
813 2909 850 2947 1.
880 2909 922 2949 2.

421 2971 599 3027 Origine
627 2973 922 3029 Tripolitanus
954 2977 982 3016 t.
1004 2978 1042 3018 1.
1102 2974 1293 3028 Legatus
1320 2974 1434 3029 Aug.
1466 2989 1528 3030 pr.
1561 2989 1623 3030 pr.
1657 2977 1684 3018 t.
1708 2979 1733 3016 1
1764 2977 1784 3017 ὁ
1815 2976 2058 3033 δικαιοδότης

337 3044 364 3085 t.
396 3045 450 3093 2,·
478 3041 590 3095 quod
619 3055 711 3083 euni
740 3042 949 3096 Boryhesi
977 3057 1070 3096 opp.
1104 3042 1145 3083 V
1168 3046 1221 3084 70
1260 3035 1562 3096 interpretatus
1600 3046 1703 3085 esset
1742 3043 1923 3098 leyatum
1954 3059 2056 3099 pro-

335 3110 516 3151 consulis
557 3109 772 3160 Achaiae,
819 3110 1117 3164 Dittenbertqer
1153 3110 1265 3164 Eph.
1307 3125 1368 3166 ep.
1400 3111 1434 3152 I
1456 3125 1503 3164 p.
1532 3114 1621 3154 247
1645 3124 1731 3164 sqq.
1773 3111 2057 3154 demonstrare

336 3177 497 3219 studuit
532 3177 712 3232 leyaturn
752 3179 921 3220 missum
962 3178 1020 3220 ad
1059 3178 1349 3232 eorriyendum
1377 3181 1534 3220 statum
1565 3179 1797 3221 eivitatium
1827 3179 2054 3222 liberarum

335 3245 530 3287 Achaiae
550 3246 800 3299 siynifieari.
853 3246 1014 3289 Contra
1036 3246 1145 3289 dixit
1165 3246 1401 3289 Mommsen
1422 3246 1688 3289 Staatsreeht
1706 3247 1766 3289 ΙΙ
1769 3247 1787 3272 ³
1809 3249 1891 3290 858
1911 3248 2009 3290 adn.
2026 3251 2058 3291 2

333 3317 372 3355 et
400 3315 561 3355 monuit
589 3314 686 3368 fieri
705 3315 906 3369 potuisse,
938 3318 986 3356 ut
1006 3329 1090 3369 per
1108 3314 1155 3356 iel
1182 3315 1390 3369 temporis,
1423 3328 1515 3356 eum
1535 3315 1696 3356 Iuncus
1724 3314 1929 3369 levatione
1957 3316 2078 3370 saw,

330 3385 498 3436 9eretur
511 3415 520 3432 ,
564 3381 736 3424 Achaia
776 3386 878 3425 esset
910 3383 1135 3436 provincia
1170 3382 1442 3437 prineipalis.
1522 3383 1579 3424 In
1613 3397 1659 3423 re
1697 3383 1861 3426 ineerta
1899 3386 2054 3426 eertum
