2176 3750
285 309 522 347 ANNAEVS
1159 305 1214 347 60
1850 310 2086 347 ANNAEVS

371 440 615 497 Agrippina
646 455 755 482 uxor
786 439 955 482 Claudii
987 440 1160 481 veniam
1189 455 1267 495 pro
1299 454 1371 495 eo,
1404 440 1531 483 simul
1561 447 1809 497 praeturam
1839 441 2089 497 impetravit
2123 435 2127 439 ¹
2158 496 2161 499 Α

377 510 473 553 Tac.
507 523 545 551 a.
579 512 646 562 12,
679 511 719 558 8,
751 507 876 550 schol.
897 508 1087 551 Juvenal.
1112 508 1137 550 l.
1161 508 1187 552 l.
1211 508 1304 563 (ubi
1331 508 1442 563 falso
1472 515 1570 565 post
1598 510 1833 551 triennium
1863 515 2090 551 revocatus

372 577 555 630 dieitur).
595 578 858 632 Praeceptor
877 576 1061 618 Neronis
1089 577 1128 618 T
1123 590 1186 620 ac.
1215 591 1252 618 a.
1282 580 1350 627 12,
1373 579 1412 627 8,
1443 576 1531 619 Dio
1552 580 1618 627 60,
1640 579 1699 620 32
1718 574 1895 629 (Zonar.
1915 580 1981 627 11,
2003 575 2088 631 10).

372 644 553 687 Claudio
584 651 753 686 mortuo
781 645 951 700 scripsit
981 645 1341 688 ἀποκολοκύντωσιν
1362 644 1449 687 Dio
1471 648 1536 696 60,
1557 648 1622 689 35.
1677 645 1841 688 Seneca
1861 651 1904 686 et
1923 645 2088 687 Burrus

371 719 556 754 rectores
577 713 745 768 imperii
767 720 810 754 et
830 714 1031 755 iuventae
1051 714 1235 755 Neronis
1258 714 1355 758 Tae.
1379 728 1417 756 a.
1441 716 1506 764 13,
1527 717 1571 757 2.
1592 716 1632 755 3.
1653 717 1702 764 4;
1723 717 1787 764 14,
1801 716 1842 764 2,
1865 712 1954 756 Dio
1968 715 2034 763 61,
2048 715 2087 754 3.

369 784 409 823 4.
441 784 469 822 7
494 780 668 835 (Zonar.
699 784 772 831 11,
804 780 890 835 12).
950 780 1111 824 Consul
1147 781 1280 836 (suff.)
1317 796 1414 824 cum
1444 780 1658 824 Trebellio
1689 781 1881 823 Maximo
1911 780 2088 835 Diqest„

372 848 577 903 amphora
591 848 855 903 Pompeiana
874 863 1019 891 mense
1035 849 1233 904 Augusto
1256 865 1292 892 a.
1306 851 1360 893 56
1378 850 1548 904 (octavo
1569 848 1778 891 kalendas
1796 847 2089 905 Septembres)

370 916 532 971 Diyest.
553 920 618 967 36,
640 922 677 967 1,
700 920 725 958 1
758 923 800 958 et
829 917 1074 973 Septembri
1107 918 1192 971 (III
1221 933 1320 961 non.
1346 918 1482 974 Sept.)
1512 918 1597 962 tab.
1627 931 1706 960 cer.
1738 916 1886 971 Pomp.
1911 919 1974 960 22
2003 916 2089 959 alio

370 985 529 1039 colleqa
557 988 605 1027 ut
632 985 808 1036 videtur,
841 986 958 1028 cuius
986 1000 1136 1028 nornen
1161 986 1243 1040 leyi
1263 987 1398 1028 adhue
1417 1000 1501 1028 non
1513 987 1658 1040 potuit
1677 986 1730 1039 ef.
1754 984 1971 1040 Soyliano,
1993 982 2090 1026 Due

371 1053 551 1107 epiyrafii
573 1054 792 1106 anforarie
808 1053 1063 1108 Pompejane
1084 1068 1131 1108 p.
1148 1057 1187 1098 4.
1219 1054 1346 1096 Anno
1364 1055 1417 1097 58
1439 1055 1488 1096 P.
1507 1053 1718 1108 Suillium,
1742 1053 1816 1109 qui
1838 1067 1935 1094 eum
1955 1053 2088 1094 variis

374 1121 624 1164 criminibus
652 1123 886 1164 insectatus
917 1129 1029 1177 erat,
1061 1123 1270 1178 pervertit
1300 1129 1342 1164 et
1371 1123 1415 1163 in
1447 1122 1624 1164 exilium
1650 1121 1815 1177 pepulit
1841 1121 1938 1164 Tac.
1962 1135 2002 1164 a.
2023 1123 2088 1171 13,

368 1192 526 1240 42-43,
548 1188 638 1232 Dio
650 1193 713 1240 61,
726 1193 793 1232 10.
813 1189 941 1232 Anno
958 1191 1012 1233 59
1032 1190 1249 1232 Neronem
1266 1190 1320 1232 ad
1338 1190 1514 1233 caedem
1528 1191 1678 1233 matris
1701 1191 1902 1232 incitasse
1917 1188 2089 1242 dicitur,

371 1264 418 1299 ut
438 1258 599 1299 crimen
621 1261 770 1314 stupri,
794 1258 909 1315 quod
928 1273 1026 1301 cum
1045 1258 1291 1315 Agrippina
1312 1259 1603 1314 commisisset,
1627 1257 1821 1301 aboleret
1840 1257 1928 1300 Dio
1948 1260 2013 1308 61,
2033 1260 2091 1300 12

370 1326 423 1380 cf.
441 1329 504 1376 61,
523 1330 588 1377 10,
613 1330 761 1369 auctor
781 1328 945 1370 omnino
959 1327 1141 1371 Senecae
1160 1328 1454 1382 infestissimus
1475 1330 1514 1369 et
1527 1328 1574 1369 in
1587 1327 1668 1369 hae
1682 1341 1729 1369 re
1742 1327 1813 1369 vix
1826 1326 1909 1381 fide
1926 1325 2087 1381 diynus.

369 1393 513 1436 Caede
534 1401 779 1450 perpetrata
797 1394 963 1438 Seneca
978 1395 1032 1437 ad
1054 1395 1220 1437 facinus
1235 1395 1468 1438 velandum
1488 1410 1565 1451 pro
1581 1395 1754 1437 Nerone
1776 1395 2014 1436 orationem
2034 1393 2088 1436 ad

367 1468 560 1504 senatum
583 1463 754 1518 scripsit
775 1463 873 1505 Tac.
892 1478 932 1505 a.
947 1467 1012 1514 14,
1031 1467 1094 1514 11,
1117 1478 1224 1517 quae
1245 1464 1401 1506 citatur
1427 1463 1602 1517 Quintil.
1619 1465 1659 1514 8,
1680 1465 1719 1514 5,
1741 1465 1818 1514 18;
1838 1461 1942 1504 alias
1963 1468 2090 1504 antea

373 1530 640 1572 testificando
663 1545 792 1586 quam
825 1531 1002 1574 honesta
1030 1533 1300 1588 praeciperet
1327 1531 1396 1574 vel
1427 1532 1614 1574 iactandi
1645 1532 1807 1587 ingenii
1837 1545 1945 1573 voce
1974 1532 2088 1588 prin-

369 1600 477 1656 cipis
498 1599 755 1654 vulgaverat
780 1601 877 1645 Tac.
902 1616 941 1643 a.
964 1604 1028 1652 13,
1051 1605 1117 1644 11.
1161 1602 1289 1644 Anno
1312 1603 1366 1645 62
1396 1617 1511 1644 mors
1533 1603 1662 1645 Burri
1691 1601 1868 1656 infregit
1898 1600 2089 1644 Senecae

371 1668 629 1724 potentiam,
669 1669 817 1724 itaque
847 1684 873 1711 a
898 1669 1071 1712 Nerone
1103 1685 1316 1712 secessum
1346 1671 1489 1726 petiit,
1523 1685 1651 1726 quem
1681 1683 1944 1726 quamquam
1973 1667 2088 1710 Nero

368 1751 446 1792 per
490 1738 673 1792 speciem
718 1738 919 1792 negavit,
967 1738 1059 1794 ipse
1103 1737 1158 1780 ab
1202 1738 1303 1780 aula
1346 1753 1391 1780 se
1435 1740 1638 1792 removit,
1687 1739 1885 1780 instituta
1933 1736 2089 1793 prioris

369 1805 585 1859 potentiae
626 1807 926 1860 commutavit,
967 1806 1189 1862 prohibuit
1228 1813 1373 1849 coetus
1419 1806 1718 1861 salutantium,
1764 1806 1921 1848 vitavit
1964 1806 2090 1847 comi-

370 1880 532 1928 tantes,
578 1889 701 1916 rarus
742 1889 818 1930 per
864 1875 1034 1930 urbem,
1082 1877 1205 1932 quasi
1246 1875 1493 1918 valetudine
1533 1876 1701 1918 infensa
1740 1881 1815 1917 aut
1855 1875 2090 1930 sapientiae

370 1942 522 1984 studiis
552 1942 667 1984 domi
699 1944 955 1986 attineretur
991 1944 1088 1989 Tac.
1124 1959 1163 1988 a.
1195 1947 1264 1995 14,
1296 1947 1442 1988 52—56
1472 1945 1526 1999 ef.
1557 1946 1628 1995 15,
1659 1947 1724 1987 45.
1781 1942 1945 1985 Eodem
1977 1956 2088 1984 anno

368 2009 586 2053 Romanus
627 2012 802 2053 secretis
844 2012 1215 2054 criminationibus
1244 2012 1359 2068 apud
1389 2013 1602 2055 Neronem
1635 2026 1732 2054 eum
1762 2017 1811 2054 ut
1840 2010 1889 2054 C.
1920 2010 2089 2052 Pisonis

370 2079 556 2120 amicum
587 2080 872 2134 incusaverat,
905 2079 982 2121 sed
1007 2079 1192 2121 validius
1223 2095 1248 2121 a
1279 2079 1444 2122 Seneca
1474 2079 1623 2123 eodem
1654 2080 1833 2121 crimine
1863 2077 2089 2134 perculsus

372 2153 435 2189 est
461 2147 558 2189 Tae.
583 2162 621 2190 a.
644 2151 708 2197 14,
732 2151 796 2190 65.
842 2147 970 2189 Anno
1001 2149 1054 2191 65
1086 2149 1381 2190 coniuratione
1402 2148 1571 2190 Pisonis
1597 2147 1766 2190 detecta
1794 2147 1919 2203 quasi
1949 2147 2089 2189 socius
2165 2159 2167 2161 ·

370 2230 396 2257 a
418 2215 590 2259 Nerone
620 2217 728 2257 mori
760 2217 900 2258 iussus
934 2217 1025 2272 ipse
1047 2231 1091 2258 se
1119 2216 1337 2258 interfecit
1363 2217 1460 2272 Tac.
1483 2231 1522 2259 a.
1545 2219 1609 2267 15,
1633 2219 1785 2267 60—65,
1818 2215 1905 2258 Dio
1925 2218 1994 2266 62,
2015 2216 2086 2264 25,

370 2284 540 2328 Sueten.
564 2284 680 2326 Nero
711 2286 775 2334 35,
809 2283 1009 2339 Polyaen.
1035 2288 1156 2327 strat.
1179 2287 1218 2335 8,
1241 2288 1310 2336 62,
1337 2285 1583 2339 Hieronyrn.
1607 2285 1744 2327 chron.
1765 2286 1897 2328 2082.
1954 2284 2090 2326 Fama

369 2351 452 2394 fuit
501 2352 705 2395 Subrium
754 2351 939 2395 Flavum
990 2367 1087 2395 cum
1133 2353 1457 2396 centurionibus
1508 2353 1675 2396 occulto
1725 2352 1901 2395 consilio
1947 2365 2089 2408 neque

368 2427 513 2462 tamen
546 2422 771 2475 ignorante
803 2421 968 2464 Seneca
997 2421 1301 2476 destinavisse,
1335 2428 1383 2464 ut
1411 2428 1508 2478 post
1538 2423 1724 2464 occisum
1754 2436 1884 2478 opera
1916 2420 2088 2463 Pisonis

367 2488 584 2531 Neronem
615 2489 715 2531 Piso
745 2504 917 2545 quoque
947 2490 1262 2532 interficeretur
1292 2490 1622 2547 tradereturque
1650 2490 1878 2546 imperium
1899 2488 2088 2532 Senecae

375 2557 472 2599 Tac.
505 2572 544 2599 a.
575 2560 640 2608 15,
672 2560 736 2600 65.
1670 2607 1677 2613 ,

454 2625 523 2667 De
543 2626 718 2668 faenore
739 2641 789 2667 ac
809 2626 973 2669 divitiis
995 2627 1086 2669 eius
1107 2633 1244 2682 agunt
1269 2627 1367 2669 Tac.
1389 2642 1428 2669 a.
1451 2631 1516 2678 13,
1536 2631 1618 2679 42,·
1637 2630 1701 2678 14,
1722 2629 1787 2677 53,
1818 2625 1907 2668 Dio
1926 2629 1990 2676 61,
2012 2628 2090 2677 10;

369 2697 437 2744 62,
459 2697 513 2745 2‚·
534 2700 581 2736 ut
602 2694 728 2736 homo
749 2694 978 2750 praedives
999 2696 1247 2737 nominatur
1266 2695 1454 2739 Juvenal.
1476 2698 1515 2746 5,
1537 2699 1642 2746 109;
1661 2698 1727 2746 10,
1749 2697 1814 2745 16,
1836 2701 1883 2736 ut
1899 2693 2089 2736 liberalis

372 2762 573 2804 Martial.
595 2766 664 2813 12,
685 2766 751 2813 36,
774 2763 825 2814 8,·
854 2777 957 2818 ager
985 2764 1076 2805 eius
1103 2763 1398 2805 Nomentanus
1427 2762 1547 2808 Plin.
1569 2777 1611 2805 n.
1633 2763 1672 2807 h.
1693 2766 1758 2813 14,
1778 2765 1844 2812 51,
1874 2761 2088 2805 Columell.

368 2833 407 2880 3,
427 2833 466 2880 3,
487 2833 526 2873 5.
560 2857 611 2862 -
644 2831 873 2885 Ingenium
904 2831 965 2872 illi
997 2846 1225 2873 amoenum
1256 2838 1298 2873 et
1328 2833 1531 2887 temporis
1562 2831 1738 2873 auribus
1768 2830 2090 2873 accomodatum

375 2898 472 2940 Tac.
505 2912 544 2939 a.
581 2901 645 2948 13,
676 2901 726 2949 3,·
765 2900 946 2941 crimina
975 2899 1029 2942 de
1059 2899 1250 2942 moribus
1281 2899 1368 2942 Dio
1399 2903 1463 2950 61,
1496 2903 1562 2944 10.
1622 2899 1787 2941 Iudicia
1817 2899 1870 2940 de
1901 2899 2090 2943 Senecae

372 2966 615 3022 eloquentia
645 2967 727 3010 Gai
760 2968 1028 3023 imperatoris
1060 2969 1232 3011 Sueten.
1261 2963 1398 3022 Caliy.
1419 2971 1484 3018 53,
1522 2967 1780 3021 Quintiliani
1807 2968 1940 3009 instit.
1962 2970 2029 3018 10,
2050 2970 2088 3014 1,

371 3037 593 3084 125—131;
622 3037 691 3084 12,
724 3039 789 3084 10,
818 3039 843 3076 1
871 3036 969 3092 (13),
1009 3035 1142 3078 Gellii
1169 3040 1239 3087 12,
1270 3040 1312 3087 2,
1346 3035 1580 3078 Frontonis
1599 3050 1648 3089 p.
1677 3038 1767 3078 155.
1797 3038 1890 3077 156.
1921 3038 2010 3079 224
2031 3035 2088 3079 Ν.

372 3101 440 3144 De
469 3102 640 3156 seriptis
671 3102 853 3145 Senecae
884 3104 937 3157 cf.
976 3104 1361 3155 Teuffel-Schwabe
1390 3103 1614 3146 Romische
1643 3102 2093 3158 Literaturyeschichte

377 3184 423 3223 p.
447 3173 528 3212 694
547 3183 630 3224 sqq.

458 3238 583 3281 onr
615 3239 821 3295 Pompeia
850 3239 1034 3282 Paulina
1060 3241 1158 3283 Tae.
1181 3255 1220 3283 a.
1242 3243 1307 3291 15,
1329 3244 1394 3283 60.
1420 3243 1484 3283 63.
1511 3243 1564 3282 64
1573 3253 1586 3291 ,·
1614 3238 1692 3281 filii
1723 3239 1899 3282 Marcus
1930 3241 1987 3292 (n.
2011 3241 2092 3281 449

369 3306 445 3347 ubi
472 3307 595 3364 vide),
633 3306 753 3358 alter,
795 3307 913 3350 euius
942 3322 1092 3351 nomen
1119 3309 1353 3363 iynoratur.
1416 3307 1618 3351 Senecam
1658 3307 1811 3350 liberos
1852 3307 2095 3362 superstites

369 3387 455 3416 non
483 3374 699 3428 reliquisse
730 3379 909 3430 apparet
938 3390 988 3419 ex
1018 3378 1166 3419 mortis
1195 3376 1465 3420 enarratione
1499 3375 1684 3418 Tacitea.
