2202 3730
272 308 551 344 CORNELIVS
951 357 966 359 j
1121 297 1204 338 458
1377 324 1379 327 .
1783 301 2066 357 OORNELIY}

272 439 381 480 1146
413 445 459 481 D.
483 441 762 478 CORNELIVS
784 439 1088 486 MAECIANVS,
1120 431 1288 485 legatus
1319 431 1504 486 Augusti
1536 446 1647 473 anno
1680 431 1733 474 79
1763 431 1962 486 (legionis
1981 431 2069 473 VII

355 504 563 546 Geminae
594 503 767 556 Felicis)
798 502 859 543 ΙΙ
880 504 996 543 2477
1025 503 1051 542 t.
1084 499 1428 553 Aquiflaviensis.

272 574 379 615 1147
413 576 690 613 conNEmvs
732 568 1126 622 MARCELLUNVS)
1169 567 1248 621 (vel
1287 568 1668 621 MARCELLWSD,
1716 567 1984 609 ‘libertorum
2028 573 2071 608 et

355 639 540 682 familiae
581 638 830 680 Scriboniae
872 636 1105 689 Caesen-(is)
1147 643 1189 677 et
1228 635 1401 678 Corneli
1442 635 1632 679 Marcell.
1661 635 1793 688 f(ilii)³
1828 635 1896 677 VI
1917 638 2068 678 26033.

356 709 595 759 Scribonia,
627 713 857 761 antequam
887 720 912 746 a
944 704 991 749 C.
1024 704 1209 746 Caesare
1236 704 1332 758 (qui
1353 707 1505 758 postea
1534 702 1768 757 Auyustus)
1804 717 1915 744 uxor
1944 702 2070 744 duce-

354 783 473 817 retur
494 775 620 827 (anno
644 777 722 816 714
742 794 797 808 Ξ
816 777 869 816 40
891 787 930 821 α.
950 772 1023 827 0.),
1056 772 1225 814 duobus
1256 771 1552 814 consularibus
1580 778 1714 827 nupta
1738 771 1829 823 fuit,
1864 786 1918 812 ex
1939 770 2070 812 altero

355 845 482 885 etiam
524 850 659 884 mater
708 841 877 884 Sueton.
919 840 1100 894 Auyust.
1140 843 1208 883 62.
1283 840 1478 882 Alterum
1523 841 1653 894 fuisse
1701 839 1821 893 vulyo
1871 841 2073 881 statuitur

355 912 404 955 P.
441 910 681 953 Cornelium
712 909 951 963 Scipionem
982 906 1080 960 (cos.
1111 923 1149 950 a.
1186 911 1264 950 716
1296 928 1351 943 ε
1379 911 1434 950 38
1469 923 1508 950 α.
1547 908 1591 950 C.
1624 909 1829 961 cfiinfra
1861 923 1903 952 n.
1933 907 2072 962 1174),

356 995 405 1021 ex
425 993 502 1033 quo
527 978 664 1033 fllium
695 978 976 1032 coynominem
1007 977 1229 1031 (consulem
1255 991 1294 1020 a.
1319 979 1397 1018 738
1413 980 1552 1032 :16)
1576 980 1614 1018 et
1638 965 1878 1018 Corneliam
1901 989 2073 1018 uxorem

355 1047 504 1089 Paulli
531 1046 709 1088 Aemilii
736 1045 892 1099 Lepidi
916 1045 1150 1099 peperisset
1181 1045 1235 1098 cf.
1268 1059 1308 1086 n.
1332 1048 1440 1086 1175
1469 1048 1507 1086 et
1540 1047 1665 1094 1206,
1703 1044 1882 1086 alterum
1902 1047 2070 1098 patrem

357 1115 607 1158 Marcellini
622 1115 758 1156 nostri
780 1113 852 1156 Cn.
877 1113 1117 1155 Cornelium
1138 1113 1363 1155 Lentulum
1385 1113 1686 1155 Marcellinum
1707 1111 1812 1165 (Dio
1832 1112 1919 1154 incl.
1941 1111 1968 1155 l.
1988 1110 2072 1165 39),

355 1183 561 1225 consulem
588 1197 627 1224 α.
653 1185 734 1225 698
764 1202 818 1216 z
847 1185 910 1224 56.
971 1179 1051 1223 Cui
1074 1182 1269 1235 ‘opinioni
1304 1183 1433 1223 verba
1464 1182 1658 1224 Suetonii
1696 1195 1741 1223 eo
1782 1180 2072 1228 adversantur,

353 1252 464 1305 quod
491 1251 715 1292 secundum
743 1265 833 1292 eum
856 1250 1128 1292 Scriboniam
1154 1264 1204 1291 ex
1225 1263 1309 1291 uno
1341 1250 1557 1303 eodemque
1586 1250 1741 1291 marito
1769 1252 1807 1291 et
1835 1248 2074 1290 Corneliam

354 1319 491 1374 filiam
519 1322 557 1361 et
582 1319 719 1372 filium
752 1318 815 1359 vel
853 1318 966 1372 filios
998 1318 1212 1371 peperisse
1241 1318 1484 1371 ponendum
1525 1321 1585 1360 est
1614 1321 1736 1370 atque
1766 1316 1817 1360 P.
1856 1315 2075 1358 Cornelius

356 1388 501 1442 Scipio
533 1401 612 1429 cos.
645 1402 684 1429 a.
715 1390 805 1437 716,
836 1401 955 1440 quem
987 1390 1083 1428 ante
1114 1401 1152 1428 a.
1186 1390 1265 1428 714
1295 1400 1387 1428 cum
1418 1387 1646 1429 Scribonia
1675 1386 1900 1427 divortium
1929 1384 2075 1439 fecisse

354 1469 515 1498 necesse
536 1459 606 1506 est,
640 1469 718 1509 quo
740 1458 920 1509 tempore
941 1470 1033 1497 eam
1053 1455 1099 1496 in
1118 1456 1387 1497 matrimonio
1412 1455 1606 1504 habebat,
1637 1454 1821 1496 nondum
1841 1452 2076 1495 consularis

355 1525 450 1578 fuit.
509 1523 571 1564 At
601 1537 692 1564 cum
723 1523 973 1577 Propertius
1005 1523 1104 1576 eley.
1135 1526 1173 1573 5,
1206 1527 1257 1565 11
1298 1522 1450 1564 diserte
1481 1525 1650 1564 testetur
1679 1536 1715 1566 v.
1746 1525 1804 1564 29
1834 1535 1894 1574 sq.
1933 1523 1990 1562 37
2015 1532 2075 1572 sq.

357 1591 593 1634 Corneliam
634 1592 836 1645 oriqinem
866 1594 1097 1645 paternam
1127 1605 1147 1632 e
1176 1592 1308 1645 stirpe
1338 1591 1584 1645 Scipionum
1616 1590 1782 1632 eluxisse
1813 1593 1934 1642 atque
1974 1587 2077 1629 cluos

353 1660 470 1701 ill-ius
502 1660 654 1701 aetatis
683 1659 899 1712 Scipiones
938 1662 1059 1700 notos
1097 1659 1337 1709 habeamus,
1380 1659 1454 1712 qui
1493 1673 1544 1700 ex
1581 1662 1811 1712 temporum
1839 1655 2077 1698 rationibus

350 1732 478 1782 pater
498 1729 715 1781 fraterque
742 1727 962 1769 Corneliae
985 1731 1080 1781 apte
1100 1728 1252 1769 haberi
1263 1731 1452 1781 possunt,
1484 1728 1574 1768 veri
1593 1727 1774 1768 similius
1792 1725 1899 1767 mihi
1915 1723 2079 1765 violetur

356 1796 602 1839 Suetonium
641 1810 728 1837 rem
767 1797 906 1837 minus
947 1799 1144 1837 accurate
1174 1799 1379 1837 tractasse
1409 1810 1533 1849 quam
1565 1795 1835 1849 Propertium
1866 1792 2081 1846 aequalem

356 1863 575 1906 Corneliae
605 1864 774 1906 cuidam
804 1879 824 1905 e
854 1864 984 1917 stirpe
1008 1863 1283 1905 Lentulorum
1313 1878 1362 1905 ea
1394 1867 1543 1914 aetate,
1576 1878 1661 1917 qua
1689 1863 1818 1917 stirps
1838 1861 2082 1915 Scipionum

354 1933 540 1974 nondum
571 1935 809 1981 evanuerat,
844 1932 1046 1985 oriyinem
1072 1947 1092 1973 c
1114 1932 1288 1985 familia
1307 1932 1617 1985 Africanorum
1639 1931 1751 1985 falso
1772 1931 1954 1985 finxisse.
1989 1927 2080 1969 Ita-

355 2015 431 2054 que
459 2015 565 2054 quae
592 2000 713 2054 vulyo
743 2000 791 2041 (le
820 2000 988 2041 maritis
1024 1999 1271 2043 Scriboniae
1309 2003 1566 2050 statuuntur,
1605 2001 1644 2041 si
1675 2000 1814 2041 minus
1855 2000 1988 2046 certa,
2033 1998 2078 2037 at

351 2069 603 2123 probabilia
632 2068 838 2109 violentur.

274 2138 384 2179 1148
414 2143 458 2179 L.
484 2142 762 2178 CORNELIVS
784 2142 1084 2178 MARCELLVS
1106 2139 1364 2178 memoratur
1386 2137 1429 2178 in
1456 2140 1482 2180 t,
1506 2136 1786 2191 Ayriyentino
1806 2135 1853 2177 X
1870 2136 1984 2176 7192
2005 2131 2077 2187 (1),

356 2206 444 2259 ipse
466 2205 614 2259 posuit
643 2204 998 2246 Panormitanum
1028 2207 1141 2247 7266
1171 2207 1248 2260 (2).
1272 2230 1322 2234 ——
1355 2204 1497 2246 Plena
1526 2206 1699 2246 nomina
1729 2204 1922 2246 exhibent
1950 2199 2078 2250 tituli,

357 2272 583 2315 Cornelius
613 2272 846 2315 Marcellus
878 2273 993 2327 apud
1027 2273 1232 2315 Tacitum.

442 2341 658 2394 Quaestor
693 2356 770 2397 pro
812 2357 876 2397 pr.
909 2342 1160 2397 provinciae
1192 2341 1364 2384 Siciliae
1396 2345 1424 2383 t.
1455 2345 1494 2385 1.
1520 2344 1562 2392 2,
1602 2341 1660 2383 Μ.
1692 2340 1861 2383 Haterii
1889 2336 2075 2380 Candidi

355 2409 621 2464 proconsulis
664 2413 692 2452 t.
729 2413 770 2460 1,·
809 2409 974 2464 legatus
1012 2424 1090 2465 pro
1132 2416 1330 2465 praetore
1370 2410 1618 2465 provinciae
1658 2408 1870 2462 eiusdem,
1902 2412 2076 2463 praetor

355 2478 631 2532 d[esignatus]
676 2481 703 2521 t.
734 2482 777 2521 2.
835 2478 961 2520 Anno
995 2479 1048 2520 65
1085 2479 1129 2519 in
1161 2493 1290 2520 causa
1320 2479 1471 2519 Iuniae
1502 2477 1694 2533 Lepidae
1725 2477 1847 2533 quasi
1879 2475 2073 2517 conscius

356 2554 583 2588 accusatus
618 2546 938 2588 damnationem
979 2548 1116 2588 evasit
1151 2547 1250 2588 Tac.
1288 2561 1326 2591 a.
1353 2550 1417 2597 16,
1444 2549 1495 2597 8;
1534 2561 1645 2588 anno
1687 2546 1740 2588 68
1781 2561 1807 2587 a
1848 2543 1989 2588 Galba
2029 2543 2074 2584 in

356 2615 569 2670 Hispania
601 2616 766 2656 occisus
796 2615 853 2656 id.
876 2615 915 2658 h.
937 2618 976 2665 1,
997 2618 1064 2657 37.

275 2683 382 2724 1149
411 2682 635 2724 Cornelius
657 2682 882 2738 Martialis,
916 2683 1117 2725 tribunus
1144 2683 1331 2725 cohortis
1362 2684 1603 2739 praetoriae
1634 2697 1745 2724 anno
1767 2683 1821 2724 65
1853 2680 2074 2722 tribunatu

357 2757 511 2792 exutus
538 2751 636 2792 Tac.
660 2766 699 2792 a.
723 2754 788 2801 15,
813 2754 876 2793 71.

273 2820 382 2860 1150
414 2818 641 2861 Cornelius
663 2819 884 2874 Martialis,
916 2819 1193 2875 primipilaris
1224 2835 1336 2862 anno
1360 2821 1413 2863 69
1446 2822 1557 2862 inter
1579 2819 1774 2862 obsessos
1795 2819 1841 2860 in
1862 2816 2074 2874 Capitolio

357 2902 382 2928 a
404 2886 647 2928 Vitellianis
670 2889 835 2929 occisus
853 2888 960 2930 ..Tac
981 2888 1021 2929 k.
1042 2891 1082 2938 3,
1107 2891 1171 2930 70.
1196 2891 1260 2932 71.
1285 2892 1347 2930 73.
1398 2888 1541 2931 Potest
1569 2888 1678 2930 idem
1707 2888 1858 2930 haberi
1886 2889 2009 2940 atque
2039 2886 2076 2928 is

355 2955 428 3007 qui
462 2955 701 3008 praecedit,
741 2956 782 2997 si
814 2957 994 3009 ponitur
1036 2956 1288 2998 Martialem
1317 2960 1419 3010 post
1460 2957 1720 2999 tribunatum
1757 2955 2074 3010 primipilatum

355 3023 507 3064 iterum
538 3022 608 3077 (cf.
648 3023 749 3065 CIL
779 3024 928 3080 V867)
962 3024 1158 3078 adeptum
1186 3038 1284 3067 esse.

274 3091 379 3132 1151
415 3090 462 3134 C.
495 3090 720 3133 Cornelius
752 3092 1013 3134 Minicianus
1055 3094 1332 3148 (praenomen
1367 3093 1531 3135 exhibet
1561 3095 1655 3150 tit),
1698 3099 2003 3134 conterraneus
2034 3098 2076 3134 et

357 3160 520 3201 amicus
553 3160 702 3214 Plinii,
746 3162 813 3202 cui
850 3176 876 3202 a
907 3161 978 3215 (Q.
1010 3162 1232 3218 Pompeio)
1264 3162 1452 3203 Falcone
1494 3162 1761 3204 tribunatum
1801 3162 1926 3217 petiit
1955 3161 2074 3214 epist.

355 3230 394 3276 7,
417 3230 502 3278 22,·
533 3229 705 3283 scripsit
732 3228 786 3270 ad
815 3243 914 3270 eum
936 3231 1054 3283 epist.
1077 3234 1116 3280 3,
1140 3233 1189 3281 9;
1218 3234 1257 3279 4,
1279 3234 1345 3272 11.
1391 3227 1584 3272 Eundem
1604 3230 1826 3272 honoravit
1845 3236 2074 3284 patronum

358 3294 478 3349 plebs
509 3295 677 3337 urbana
710 3297 912 3350 Bergomi
944 3297 1128 3341 V5126:
1159 3297 1206 3340 C.
1239 3298 1290 3352 f.,
1324 3298 1442 3339 tribu
1471 3299 1583 3352 Vot.,
1616 3297 1857 3354 praefectus
1887 3296 2074 3339 cohortis

358 3363 520 3417 primae
544 3364 920 3419 Damascenorum,
955 3365 1153 3408 tribunus
1176 3366 1359 3408 militum
1382 3366 1563 3421 legionis
1594 3367 1661 3408 ΙΙΙ
1683 3366 1920 3419 Augustae,
1952 3379 2071 3422 prae-
