2202 3730
278 301 486 337 CLODIVS
1138 293 1221 334 424
1813 297 2072 334 CLVSINIVS

360 432 526 487 peperit
565 430 724 472 Seneca
764 431 1010 469 controvers.
1043 431 1096 468 10
1125 428 1271 481 praef.
1302 430 1453 470 14-16.
1520 427 1787 482 Sententiae,
1826 427 2069 483 divisiones,

358 499 519 541 colores
552 498 643 538 eius
665 496 831 549 passim
861 494 978 548 apud
1004 494 1216 538 Senecam.
1247 519 1302 524 —
1331 494 1469 536 Filius
1500 496 1590 536 eius
1621 496 1674 549 cf.
1705 509 1746 537 n.
1777 499 1872 538 940.

449 565 700 608 Coniectura
720 575 903 617 prorsus
931 563 1094 604 incerta
1125 562 1183 604 ad
1209 563 1317 604 hunc
1345 563 1507 604 rettulit
1527 563 1736 617 Boryhesi
1761 577 1854 618 opp.
1876 564 1937 606 II
1948 579 1997 619 p.
2021 568 2072 607 71

354 646 541 675 nummos
572 644 721 673 aurcos
761 633 800 672 et
839 633 1056 684 arqenteos
1086 644 1126 672 a.
1159 633 1238 672 711
1268 651 1322 665 ε
1352 634 1405 673 43
1435 644 1562 685 cusos,
1595 631 1668 684 qui
1697 632 1742 673 in
1762 635 1892 686 parte
1923 646 2071 675 aversa

354 701 549 754 inscripti
584 702 682 741 sunt
710 699 759 741 P.
791 697 967 740 Clodius
997 698 1057 739 M.
1088 698 1118 742 f.
1148 698 1363 749 Babclon,
1398 699 1626 741 Monnaies
1656 699 1705 741 de
1734 699 1779 741 la
1807 700 2071 755 Respublique

353 770 563 811 Romame
584 769 617 810 I
629 783 677 822 10.
698 770 790 812 355.

269 838 351 879 940
384 837 560 879 Clodius
599 836 834 890 Turrinus,
875 835 989 877 filius
1029 837 1163 891 patris
1201 837 1487 891 cognominis,
1529 836 1627 877 filiis
1660 837 1847 879 Senecae
1887 836 2068 879 rhetoris

352 905 538 946 fraterno
571 919 715 945 amore
741 905 1015 958 coniunctus3
1041 903 1159 945 dedit
1190 910 1232 946 et
1261 905 1351 960 ipse
1377 904 1559 946 dicendo
1591 919 1776 960 operam,
1803 904 2068 947 ‘adulescens

352 988 543 1015 summae
584 972 852 1028 eloquentiae
891 972 1085 1022 futurus,
1130 974 1213 1015 nisi
1259 973 1405 1015 mallet
1444 988 1647 1015 exercere
1686 980 1896 1030 quantum
1939 973 2069 1015 habet

352 1057 479 1097 quam
510 1042 714 1096 consequi
744 1047 951 1096 quantum
981 1047 1135 1096 potest'
1160 1041 1317 1084 Seneca
1347 1045 1593 1085 controvers.
1615 1045 1668 1084 10
1689 1042 1834 1096 praef.
1856 1045 2008 1084 14-16.

264 1110 342 1152 941
379 1109 555 1152 Clodius
596 1109 764 1150 Tuscus
796 1108 874 1162 (sic
912 1108 1087 1159 Gellius,
1119 1109 1276 1163 Isydus,
1309 1109 1425 1154 Serv.
1459 1110 1577 1164 Very.
1607 1109 1714 1152 Aen.
1737 1114 1806 1160 12,
1838 1113 1929 1160 657,
1962 1109 2069 1152 alibi

351 1177 558 1232 Clodius),
595 1178 911 1232 grammaticus,
944 1178 1067 1219 cuius
1098 1179 1392 1219 commentarii
1423 1179 1610 1220 citantur
1639 1178 1752 1222 Serv.
1783 1178 1890 1220 Aen.
1915 1182 1952 1228 1,
1986 1181 2067 1229 52,·

346 1250 388 1296 2,
405 1249 517 1296 229;
540 1249 606 1295 12,
623 1248 714 1298 657,
741 1244 918 1287 Clodius
939 1246 1084 1287 scriba
1103 1247 1507 1288 commentariorum
1528 1246 1640 1288 libro
1665 1252 1817 1302 quarto
1842 1246 1900 1288 id.
1917 1249 1955 1296 1,
1972 1249 2064 1288 176.

349 1314 533 1370 Scripsit
554 1320 596 1355 et
617 1313 892 1369 ephemerida
912 1316 1042 1356 totius
1064 1315 1176 1363 anni,
1206 1329 1333 1370 quam
1357 1315 1402 1356 in
1422 1328 1623 1368 graecum
1644 1314 1863 1356 transtulit
1882 1314 2065 1355 Ioannes

348 1382 498 1438 Lydus
529 1382 583 1435 cf.
606 1382 712 1436 Lyd.
735 1382 784 1423 de
815 1383 984 1424 ostentis
1005 1397 1052 1436 p.
1073 1386 1154 1424 114
1184 1382 1244 1426 ed.
1277 1383 1568 1426 Wachsmnth:
1603 1384 1794 1440 ἐφημερὶς
1823 1386 1892 1424 τοῦ
1921 1383 2067 1429 παντὸς

348 1451 525 1493 ἐνιαυτοῦ
564 1450 684 1506 ἤγουν
726 1451 939 1506 σημείωσις
977 1452 1168 1493 ἐπιτολῶν
1198 1467 1240 1493 τε
1277 1453 1341 1493 καὶ
1371 1453 1530 1508 δυσμῶν
1555 1443 1638 1494 ιτῶν
1671 1452 1712 1494 ἐν
1745 1451 1901 1508 οὐρανῷ
1932 1467 2066 1507 φαινο-

352 1519 482 1575 μένων
505 1520 549 1561 ἐκ
568 1522 637 1560 τοῦ
659 1517 858 1560 Κλαυδίου
881 1517 973 1572 (sac)
992 1523 1061 1561 τοῦ
1082 1518 1259 1561 Θούσκου
1280 1518 1373 1562 καθ’
1394 1521 1579 1576 ἑρμηνίαν
1610 1520 1706 1576 πρὸς
1736 1519 1834 1565 λέξιν
1867 1522 1907 1560 et
1925 1533 1973 1573 p.
1990 1521 2067 1561 155

347 1589 411 1629 καὶ
431 1591 551 1629 ταῦτα
575 1588 644 1642 μὲν
665 1588 686 1629 ὁ
708 1585 888 1632 Κλώδιος
917 1587 962 1629 ἐκ
990 1592 1069 1630 τῶν
1101 1587 1207 1643 παρὰ
1228 1587 1418 1634 Θούσκοις
1444 1590 1560 1644 ἱερῶν
1584 1589 1682 1644 πρὸς
1711 1587 1825 1633 λέξιν.
1875 1586 2066 1629 Litterae

350 1655 490 1698 Sinnii
527 1654 748 1710 Capitonis
788 1655 1073 1710 (qrammatici
1111 1657 1263 1698 aetatis
1301 1656 1502 1712 Auyusti)
1541 1656 1598 1698 ad
1638 1655 1837 1698 Clodium
1876 1655 2064 1696 Tuscum

351 1724 539 1764 citantur
567 1722 675 1766 Gell.
695 1725 734 1772 5,
756 1726 829 1773 20,
850 1726 895 1765 2.

262 1791 344 1833 942
376 1791 617 1846 [0LOD1v]s
638 1797 891 1833 VESTALIS.
945 1792 990 1834 T.
1011 1791 1351 1835 Foroclodiensis
1380 1793 1552 1835 mutilus
1572 1793 1656 1835 XI
1667 1795 1794 1835 3311:
1827 1825 1948 1834 .....
1981 1806 2064 1833 eos.

349 1859 445 1913 [C.‘?
478 1858 671 1913 Clodiu]s
702 1858 749 1902 C.
782 1859 811 1901 f.
842 1859 1030 1902 Vestalis
1069 1860 1223 1914 f(ilius)
1266 1861 1410 1915 [X]vir
1440 1861 1506 1903 stl.
1539 1861 1626 1904 iud.
1657 1876 1698 1902 m
1703 1893 1833 1903 .....
1894 1859 2061 1902 ‘Filius’

346 1928 413 1969 hic
438 1941 595 1981 quoque
626 1925 698 1981 (cf.
728 1927 771 1968 A
796 1930 865 1970 62.
897 1931 979 1970 637
1013 1927 1050 1970 C
1073 1931 1166 1984 153)
1207 1928 1397 1971 additum
1433 1929 1539 1971 mihi
1575 1929 1739 1971 videtur
1779 1928 1837 1971 ad
1871 1928 2008 1983 filium
2038 1942 2066 1970 a

342 1998 472 2049 patre
512 1996 751 2049 coynomine
791 1995 1147 2050 distinguendum,
1187 1998 1260 2050 qni
1296 1999 1341 2039 in
1374 1997 1495 2039 titulo
1526 1997 1808 2051 praecessisse
1834 1996 1997 2038 videtur
2027 1998 2066 2038 et

350 2064 418 2105 cni
446 2063 600 2105 ibidem
624 2064 791 2118 positus
821 2067 881 2105 cst
909 2063 989 2106 XI
1009 2067 1155 2107 3310a
1185 2066 1239 2118 cf.
1269 2079 1310 2107 n.
1340 2068 1431 2107 943.
2028 2118 2030 2120 ,

262 2131 344 2173 943
377 2138 416 2175 G.
449 2137 659 2173 CLODIVS
692 2138 955 2187 VESTALIS,
998 2132 1047 2175 O.
1079 2132 1120 2187 f.,
1154 2133 1383 2189 proconsul
1413 2133 1493 2176 XI
1513 2136 1620 2175 3310
1651 2136 1679 2175 t.
1710 2133 2064 2183 ForoclodiensiS‚

347 2214 465 2254 quem
496 2202 731 2254 posuerunt
760 2199 1039 2242 Claudienses
1079 2215 1135 2242 ex
1164 2201 1439 2256 praefectura
1470 2201 1653 2244 Claudia
1682 2201 1840 2243 urbani
1870 2207 2064 2257 patrono.

346 2267 421 2309 Ad
458 2267 630 2310 eundem
666 2268 879 2321 referendi
916 2271 1014 2310 sunt
1050 2270 1212 2310 nummi
1250 2270 1372 2312 aurei
1400 2272 1439 2311 ct
1478 2270 1666 2324 argentei
1694 2269 1890 2323 inscripti
1915 2270 1962 2311 in
1991 2268 2065 2311 ad-

346 2349 467 2378 versa
497 2336 545 2379 C.
579 2335 755 2378 Clodius
786 2335 833 2378 C.
866 2336 908 2390 f.,
949 2337 995 2378 in
1033 2350 1182 2379 aversa
1210 2337 1397 2380 Vestalis
1427 2337 1643 2388 Babelon,
1684 2337 1912 2379 Monnaies
1942 2336 1991 2379 dc
2022 2336 2066 2378 la

347 2404 609 2458 Respublique
629 2404 837 2446 Romaine
856 2405 941 2459 Ip.
957 2408 1049 2455 354,
1079 2406 1170 2447 cusi
1188 2407 1305 2447 intra
1326 2419 1459 2448 annos
1478 2406 1568 2459 fere
1590 2408 1808 2447 717—738
1827 2425 1881 2440 =
1901 2407 2066 2447 37-16

350 2487 389 2514 a.
419 2472 463 2516 G.
496 2473 550 2526 cf.
581 2473 817 2514 Mommsen
848 2471 1077 2530 (Berliner)
1109 2474 1358 2528 Zeitschrift
1385 2475 1458 2527 far
1489 2474 1778 2516 Numismatik
1806 2472 1904 2515 XV
1923 2471 2064 2527 (1887)

345 2555 393 2594 10.
414 2544 510 2583 204.
541 2566 596 2570 -—
632 2539 696 2594 Cf.
729 2544 768 2583 et
791 2555 832 2582 n.
867 2544 962 2585 942.

264 2609 348 2650 944
378 2615 441 2650 TI.
474 2615 681 2650 CLODIVS
711 2615 875 2651 VIBIVS
908 2616 1091 2664 VARVS,
1135 2609 1284 2652 consul
1324 2625 1436 2652 anno
1480 2611 1561 2652 160
1601 2624 1699 2651 cum
1737 2608 1880 2665 Appio
1920 2608 2064 2650 Annio

349 2675 482 2718 Atilio
512 2677 700 2719 Bradua.
750 2678 807 2719 In
837 2678 1079 2720 consulatu:
1108 2678 1175 2721 Ti.
1208 2677 1385 2721 Clodius
1407 2678 1563 2720 Vibius
1595 2678 1736 2720 Varus
1770 2677 1903 2720 Orelli
1929 2679 2061 2727 2322,

349 2745 414 2786 Ti.
447 2744 601 2786 Vibius
631 2745 774 2787 Varus
806 2746 874 2788 VI
890 2749 987 2789 162.
1018 2749 1144 2797 2896,
1176 2749 1354 2788 ceterum
1381 2746 1525 2788 Varus
1555 2746 1673 2799 fasti.

265 2812 345 2854 945
379 2818 561 2854 CLODIA
596 2819 781 2868 LAETA,
817 2815 940 2869 virgo
976 2814 1163 2857 Vestalis
1199 2814 1253 2856 ab
1286 2813 1508 2856 Antonino
1547 2813 1698 2856 Severi
1737 2812 1825 2854 filio
1863 2827 1942 2869 per
1973 2814 2061 2855 vim

346 2881 509 2935 vitiata,
542 2881 641 2922 dein
670 2882 791 2923 iussu
822 2883 911 2924 eius
941 2883 1044 2924 viva
1073 2882 1241 2938 sepulta
1268 2882 1357 2924 Dio
1384 2885 1451 2933 77,
1482 2885 1547 2926 16.

263 2949 345 2990 946
377 2955 560 2990 CLODIA
599 2955 848 3002 MACRINA,
895 2950 1132 2992 clarissima
1174 2950 1335 2992 femina
1371 2953 1628 2992 memoratur
1666 2951 1712 2991 in
1752 2953 1780 2993 t.
1817 2948 2066 2992 Muzucensi

352 3016 474 3059 VIII
496 3017 542 3059 S.
570 3020 723 3061 12058.

263 3085 344 3126 947
376 3091 419 3134 Q.
462 3090 725 3139 OLOELIVS,
773 3086 832 3127 M.
873 3086 924 3140 f.,
967 3087 1084 3129 tribu
1124 3086 1309 3140 Quirina
1348 3087 1460 3128 inter
1500 3092 1628 3128 testes
1667 3091 1840 3128 senatus
1880 3084 2063 3127 consulti

346 3167 384 3193 a.
408 3153 489 3194 715
511 3172 565 3186 =
592 3153 644 3194 39
672 3152 862 3195 Bullctin
892 3155 940 3195 dc
971 3154 1323 3208 correspcmdance
1352 3154 1597 3208 Hellenique
1626 3153 1706 3196 XI
1729 3151 1868 3209 (1887)
1891 3167 1939 3207 p.
1960 3155 2061 3196 226.

275 3245 331 3249 -
375 3227 418 3270 Q.
450 3226 628 3261 ATRIVS
661 3227 882 3264 CLONIVS.

261 3289 343 3331 948
375 3287 595 3330 Clusinius
626 3289 807 3342 Figulus
846 3290 998 3332 mediis
1028 3291 1216 3346 Augusti
1246 3290 1508 3346 temporibus
1537 3289 1748 3333 Vrbiniae
1777 3288 2057 3331 hereditatem

346 3357 478 3411 petiit,
513 3370 611 3397 cum
635 3356 767 3398 filium
791 3358 882 3399 eius
903 3373 948 3400 se
969 3374 1061 3401 esse
1083 3358 1383 3413 contenderet,
1414 3359 1506 3400 acie
1526 3360 1655 3413 victa,
1687 3358 1734 3399 in
1752 3372 1838 3414 qua
1859 3357 2056 3411 stetisset,
