2202 3730
159 270 375 306 CLAVDIA
1019 261 1102 304 407
1743 262 1964 299 cLAva

244 402 352 445 cella
389 401 528 443 maior
568 400 637 443 VI
657 401 781 450 4655,
820 400 962 442 minor
1002 398 1070 441 VI
1099 401 1223 441 4421.
1260 400 1384 440 4637.
1418 398 1527 439 8755
1564 396 1611 437 in
1650 398 1677 436 t.
1719 393 1963 436 libertorum

243 482 524 520 servorumve,·
563 472 743 511 ceterum
771 482 900 522 neque
929 468 976 509 in
1004 466 1071 509 his
1099 464 1170 520 (cf.
1204 465 1272 509 VI
1285 480 1332 520 p.
1362 468 1444 508 909
1475 467 1515 507 et
1543 464 1612 506 VI
1632 465 1782 506 15091.
1812 460 1964 515 154979

242 553 373 593 neque
403 537 520 592 apuol
545 538 772 591 scriptores
801 536 1116 590 distinyuuntur
1144 547 1320 584 sorores,
1360 534 1425 576 ita
1451 536 1500 575 ut
1534 535 1575 574 et
1604 532 1654 574 cle
1681 529 1966 573 matrimoniis

244 621 391 649 earum
428 620 514 648 non
542 605 676 660 plane
714 607 823 647 certe
860 606 1044 646 statuere
1083 602 1220 645 liceat.
1276 602 1333 644 Id
1364 615 1496 644 unum
1536 602 1644 642 certe
1674 613 1702 641 a
1731 596 1966 641 Plutarcho

244 675 402 718 Anton.
432 677 488 716 87
531 673 736 716 traditum
780 675 840 715 est
882 671 1056 714 eandem
1101 670 1359 712 Marcellam
1394 670 1586 724 primum
1628 667 1852 721 Aqrippae
1883 678 1967 719 per

242 743 391 798 plures
430 755 563 785 annos
600 755 774 784 uxorem
812 741 965 794 fuisse,
1009 738 1156 781 deinde
1196 738 1384 781 Antonio
1421 738 1611 792 nupsisse
1652 738 1775 789 atque
1815 733 1968 776 aetatis

244 813 410 854 ratione
429 811 579 853 habita
597 810 687 852 veri
705 808 888 852 similius
908 807 1074 851 videtur
1093 807 1202 849 hanc
1232 807 1364 860 fuisse
1391 807 1605 856 maiorem,
1636 819 1722 847 non
1751 804 1965 852 minorem,

244 883 294 922 ut
321 882 532 922 statuerat
559 877 770 932 Boryhesi
795 891 889 931 opp.
911 876 990 918 IV
1003 890 1052 930 p.
1083 878 1150 919 69.
1209 875 1395 929 Reliqua
1426 878 1566 917 autem
1594 887 1702 928 quae
1731 872 1780 915 de
1808 871 1970 927 nuptiis

246 948 556 991 Marcellarum
584 947 670 988 viri
698 945 810 988 docti
838 945 1114 995 coniecerunt,
1147 943 1286 986 dubiis
1314 957 1400 985 non
1430 945 1587 985 carent.

331 1016 446 1058 Nata
474 1021 539 1058 est
568 1021 666 1057 ante
696 1029 734 1056 a.
767 1014 850 1056 714
879 1032 936 1048 =
965 1013 1032 1067 40,
1064 1026 1150 1068 quo
1179 1010 1363 1054 Octavia
1392 1010 1546 1053 marito
1576 1009 1778 1052 defuncto
1799 1007 1861 1051 M.
1883 1006 1971 1049 An-

248 1085 364 1126 tonio
394 1084 610 1140 desponsa
640 1089 704 1125 est
721 1081 810 1125 Dio
831 1083 898 1132 48,
919 1084 988 1124 31.
1037 1079 1262 1135 Augustus
1294 1094 1387 1121 eam
1417 1079 1478 1121 M.
1498 1078 1722 1134 Agrippae
1753 1078 1798 1118 in
1827 1075 1972 1117 matri-

247 1153 438 1194 monium
466 1151 597 1206 dedit,
629 1151 704 1207 qui
733 1165 790 1192 ex
821 1165 872 1191 ea
900 1149 1048 1206 plures
1077 1148 1239 1190 liberos
1266 1147 1366 1190 tulit
1395 1146 1635 1197 Plutarch„
1667 1146 1839 1189 Sueton.
1871 1143 1898 1186 l.
1928 1142 1971 1193 l.‚

248 1220 337 1264 Dio
365 1223 430 1272 53,
461 1223 499 1275 1,
536 1234 586 1262 ex
616 1220 735 1262 cuius
763 1219 901 1261 verbis
927 1231 1192 1272 nequaquam
1221 1217 1410 1271 sequitur
1440 1229 1511 1258 eas
1543 1215 1716 1270 nuptias
1746 1227 1856 1255 anno
1888 1214 1973 1254 726

249 1309 306 1324 =
333 1291 395 1333 28
423 1289 569 1343 factas
598 1301 696 1332 esse.
753 1287 884 1330 Anno
917 1286 1000 1329 733
1025 1306 1081 1320 =
1106 1286 1156 1328 21
1195 1284 1384 1340 Augusti
1414 1285 1535 1326 iussu
1564 1283 1763 1339 Agrippa
1792 1295 1891 1323 cum
1922 1295 1973 1322 ea

251 1358 486 1400 divortium
523 1357 627 1399 fecit
662 1355 750 1399 Dio
785 1358 862 1407 54,
903 1357 943 1397 6.
1011 1354 1130 1396 Dein
1171 1354 1320 1410 nupsit
1362 1352 1474 1396 Iullo
1516 1351 1707 1394 Antonio
1747 1348 1971 1392 Plutarch.

251 1426 398 1469 Anton
426 1429 483 1468 37
521 1425 578 1480 cf.
612 1425 711 1468 Tac.
743 1438 783 1468 a.
811 1427 851 1475 4,
882 1427 959 1475 44,
1002 1422 1104 1467 Vell.
1134 1426 1178 1474 2,
1208 1426 1303 1473 100,
1346 1437 1401 1464 ex
1434 1435 1520 1478 quo
1561 1427 1678 1463 certe
1717 1419 1824 1461 duos
1863 1417 1973 1459 filios

251 1493 412 1537 Iullum
442 1500 486 1536 et
514 1494 699 1536 Lucium
728 1492 941 1536 Antonios
970 1492 1140 1549 peperit
1167 1504 1205 1533 v.
1235 1504 1370 1546 supra
1397 1490 1442 1532 A
1470 1493 1563 1532 637.

340 1562 564 1605 ‘Marcella
604 1562 743 1604 maior
787 1567 938 1616 rogata
977 1575 1004 1602 a
1040 1566 1178 1602 matre
1221 1574 1321 1613 sua,
1363 1557 1629 1613 gauderetne
1673 1571 1719 1598 se
1763 1555 1973 1610 nupsisse,

255 1630 498 1687 respondit:
532 1631 609 1672 ‘ita
638 1629 778 1683 valde,
814 1636 862 1671 ut
891 1628 1076 1685 amplius
1107 1627 1254 1670 nolim‘
1279 1627 1526 1682 Hieronym.
1558 1625 1758 1668 adversus
1787 1623 1972 1666 Iovinia-

250 1714 351 1743 num
378 1703 417 1750 1,
447 1703 502 1742 46
531 1699 593 1741 ΙΙ
616 1713 664 1753 p.
694 1701 776 1741 313
805 1698 866 1742 ecl.
908 1697 1110 1740 Vallarsi.
1172 1697 1290 1750 Quae
1326 1710 1428 1739 num
1460 1695 1706 1750 pertineant
1745 1692 1803 1735 acl
1839 1691 1976 1747 filiam

250 1768 462 1822 Octaviae,
485 1767 578 1810 ideo
599 1767 794 1810 dubitari
807 1769 960 1821 potest,
982 1765 1094 1820 quod
1112 1765 1411 1820 Hieronymus,
1430 1767 1479 1806 ut
1497 1778 1548 1806 ea·
1568 1764 1761 1805 contextu
1782 1762 1974 1815 apparet,

251 1836 510 1879 Marcellam
538 1835 656 1878 illam
697 1835 901 1890 feminam
938 1834 1154 1877 univiram
1182 1834 1314 1888 fuisse
1344 1833 1530 1888 putavit.
1590 1832 1855 1885 Quamquam
1885 1842 1977 1870 eum

249 1904 297 1947 iol
322 1908 431 1948 recte
459 1905 657 1947 statuisse
686 1918 737 1946 ex
767 1903 877 1946 dicto
906 1902 1017 1958 quod
1045 1901 1176 1954 affert
1202 1916 1287 1945 non
1316 1905 1425 1945 certe
1452 1901 1651 1956 efficitur.

66 1977 79 1990 ⁹
159 1974 248 2016 866
279 1973 537 2028 (CLAVDIA)
558 1978 834 2015 MARCELLA
854 1973 1008 2014 minor.
1054 1970 1123 2014 De
1150 1971 1318 2013 nomine
1345 1969 1438 2011 vide
1470 1970 1514 2012 in
1542 1982 1686 2011 sorore
1715 1981 1822 2021 quae
1841 1979 1972 2020 prae-

251 2042 372 2085 cedit.
406 2067 455 2074 ·-
487 2042 600 2084 Nata
627 2040 800 2083 videtur
829 2055 867 2085 a.
890 2039 1073 2083 7l4l'll5
1097 2060 1151 2074 =
1170 2039 1298 2082 40l39
1331 2054 1369 2082 a.
1391 2037 1454 2092 0.,
1487 2052 1585 2079 cum
1615 2052 1653 2081 a.
1676 2036 1759 2079 714
1788 2035 1973 2078 Octavia

251 2118 389 2153 mater
427 2110 499 2152 vel
537 2123 752 2167 praegnas
790 2109 845 2152 ab
884 2107 934 2153 C.
966 2107 1152 2152 Caesare
1190 2108 1324 2150 fratre
1354 2107 1413 2150 M.
1444 2106 1634 2148 Antonio
1666 2105 1880 2160 desponsa
1917 2104 1974 2145 sit

250 2179 340 2223 Dio
378 2182 455 2230 48,
493 2182 560 2221 31.
631 2177 887 2222 Marcellam
939 2177 1119 2220 alteram
1171 2180 1315 2219 utram
1364 2174 1522 2218 Paullo
1569 2173 1754 2216 Aemilio
1803 2171 1970 2214 cuidam

249 2249 440 2303 nupsisse
466 2248 553 2290 viri
580 2246 693 2290 docti
719 2247 809 2289 iam
830 2245 999 2301 pridem
1029 2246 1103 2300 (cf.
1132 2244 1343 2300 Boryhesi
1371 2258 1464 2298 opp.
1495 2243 1530 2285 I
1543 2257 1591 2297 p.
1612 2245 1704 2293 415,
1747 2241 1790 2284 V
1802 2255 1851 2294 p.
1873 2238 1970 2293 191)

250 2317 514 2359 coniecerunt
541 2330 592 2358 ex
621 2319 649 2357 t.
678 2315 846 2357 urbano
876 2314 945 2357 VI
966 2317 1098 2356 9000.-
1135 2314 1324 2355 Faustus
1358 2310 1589 2354 Marcellae
1629 2309 1771 2353 Paulli
1812 2309 1970 2365 pistort,

251 2385 469 2439 eodemque
491 2385 680 2439 pertinet
717 2386 746 2426 t.
778 2383 983 2438 Si‘yninus
1012 2382 1061 2426 X
1085 2384 1218 2425 5981:
1247 2381 1297 2424 O.
1329 2380 1537 2423 Claudius
1566 2377 1799 2421 Marcellae
1830 2375 1970 2419 Paulli

248 2453 467 2509 l(ibertus)
510 2452 709 2507 [T]imon.
765 2452 882 2505 Quae
921 2452 1162 2494 coniectura
1199 2449 1296 2492 inde
1326 2449 1554 2504 probatur,
1594 2446 1706 2502 quod
1740 2447 1788 2489 in
1825 2460 1971 2489 monu-

248 2525 385 2565 mento
422 2521 617 2576 familiae
647 2520 884 2563 Marcellae
915 2519 1014 2563 CIL
1044 2519 1112 2562 VI
1131 2534 1179 2573 p.
1210 2521 1292 2560 909
1322 2517 1439 2560 tituli
1469 2517 1715 2559 libertorum
1742 2529 1971 2558 servorum·

247 2605 324 2645 que
343 2590 624 2632 Aemiliorum
643 2588 896 2631 Paullorum
914 2588 1074 2642 reperti
1090 2590 1199 2630 sunt.
1230 2587 1382 2640 Itaque
1402 2586 1636 2628 Mommsen
1667 2584 1693 2627 l.
1720 2584 1746 2628 l.
1768 2584 1969 2626 maritum

250 2659 429 2701 alterum
450 2657 686 2701 Marcellae
713 2660 753 2700 et
779 2657 956 2699 minoris
984 2655 1152 2711 quidem
1172 2654 1374 2697 Paullum
1393 2653 1623 2696 Aemilium
1642 2651 1850 2706 Lepidum
1870 2653 1968 2705 (cos.

251 2741 291 2769 a.
313 2730 398 2770 720
418 2746 474 2761 =
492 2729 547 2768 34
567 2740 607 2770 a.
626 2725 691 2779 0.)
710 2725 842 2780 fuisse
862 2725 1048 2775 coniecit,
1071 2724 1144 2778 qui
1163 2724 1214 2767 L.
1235 2722 1466 2765 Aemilium
1486 2721 1688 2764 Paullum
1713 2718 1812 2772 (cos.
1835 2734 1874 2762 a.
1891 2722 1969 2762 754

249 2814 306 2830 =
335 2798 362 2837 1
381 2808 429 2848 p.
446 2793 511 2848 Ο.)
539 2797 580 2837 et
609 2793 676 2836 M.
706 2793 938 2835 Aemilium
965 2791 1173 2846 Lepidum
1202 2789 1300 2843 (cos.
1329 2805 1368 2833 a.
1391 2792 1472 2833 759
1491 2810 1549 2825 =
1568 2793 1594 2832 6
1610 2803 1658 2844 p.
1682 2788 1747 2843 Ο.)
1778 2788 1891 2844 filios
1919 2803 1970 2831 ex

250 2862 448 2906 Cornelia
473 2862 629 2917 genuit,
659 2875 766 2916 quae
796 2876 837 2904 a.
870 2864 949 2904 736
973 2880 1031 2896 =
1058 2863 1114 2903 18
1138 2863 1307 2902 mortua
1335 2862 1396 2901 est
1425 2859 1480 2912 cf.
1510 2872 1644 2913 supra
1671 2857 1715 2899 A
1739 2860 1834 2912 259,
1867 2856 1966 2909 (non

250 2946 302 2974 ex
328 2930 554 2981 Marcella,
591 2930 639 2972 id
665 2930 778 2984 quod
803 2930 851 2971 in
879 2932 1094 2971 stemmate
1123 2943 1151 2970 a
1184 2928 1443 2970 Mommseno
1474 2926 1500 2971 l.
1532 2926 1558 2969 l.
1591 2926 1800 2968 delineato
1828 2939 1969 2968 errore

249 3000 438 3053 positum
466 2998 556 3052 est).
599 2998 767 3041 Extant
796 3001 935 3040 autem
963 2998 1011 3039 in
1040 3000 1069 3039 t.
1092 2996 1243 3039 Paulli
1262 2996 1508 3038 libertorum
1532 2998 1571 3038 et
1592 2995 1743 3037 Marci
1771 2992 1827 3046 (n.
1848 2997 1967 3036 4457.

248 3071 368 3111 4510.
398 3066 523 3120 4695)
563 3070 603 3109 et
638 3067 766 3109 Lucii
792 3066 971 3109 Aemilii
1003 3065 1061 3120 (n.
1088 3068 1211 3108 4499.
1240 3064 1379 3119 4500).
1437 3064 1501 3107 Et
1537 3064 1766 3106 Duciorum
1803 3062 1969 3116 quidem

246 3139 480 3190 patronum
517 3135 650 3189 fuisse
683 3135 735 3177 L.
771 3133 973 3176 Paullum
1001 3146 1082 3176 cos.
1114 3147 1155 3177 a.
1183 3136 1210 3175 1
1240 3147 1289 3188 p.
1317 3132 1378 3184 0.,
1417 3133 1620 3175 maritum
1654 3130 1796 3173 Iuliae
1832 3130 1969 3184 neptis

250 3204 447 3259 Auyusti}
477 3203 576 3246 inde
604 3205 781 3254 constat,
810 3202 922 3257 quod
950 3201 1100 3244 Paulli
1123 3215 1274 3244 nomen
1301 3215 1469 3244 erasum
1497 3204 1558 3243 est
1587 3200 1642 3254 cf.
1671 3198 1717 3240 A
1746 3201 1844 3242 268.
1899 3197 1968 3241 De

247 3275 434 3327 patrono
456 3274 594 3314 autem
615 3271 867 3313 Marcorum
885 3284 953 3313 res
973 3270 1105 3312 dubia
1122 3273 1194 3312 est.
1246 3270 1364 3312 Nam
1381 3269 1494 3324 quod
1511 3269 1746 3312 Mommsen
1765 3266 1968 3308 Paullum

248 3341 480 3383 Aemilium
500 3353 580 3384 cos.
592 3354 632 3384 a.
649 3342 735 3383 720
746 3353 1006 3394 praenomen
1023 3338 1173 3380 Marci
1189 3338 1399 3389 habuisse,
1414 3338 1488 3381 sed
1506 3351 1586 3380 usu
1605 3337 1695 3379 eius
1716 3335 1967 3377 abstinuisse
