2202 3730
259 311 436 347 AVITVS
1115 300 1197 343 192
1739 305 2058 342 AVRELIANVS

287 466 345 472 —
373 446 592 482 MARCIVS
623 444 815 479 AVITVS.

289 534 346 540 ·—
376 513 617 551 OCTAVIVS
647 511 841 549 AVITVS.

290 602 346 607 —
376 577 429 628 Q.
461 575 667 618 Octavius
697 573 868 616 Avitus.

290 669 347 674 —-
378 643 626 685 Pannonius
656 640 826 683 Avitus.

290 737 347 743 —
377 718 420 754 L.
454 715 746 752 STERTINIVS
776 714 969 750 AVITVS.

291 805 348 811 —
377 779 427 820 L.
459 778 647 820 Tutilius
677 777 902 833 Lupercus
934 775 1153 832 Sulpicius
1182 776 1354 819 Avitus

267 848 375 891 1183
407 846 507 890 SeX.
538 844 763 898 Aulienus‚
796 843 896 887 Sex.
927 843 969 898 f.,
1002 844 1118 886 tribu
1147 844 1271 896 Ani.;
1302 844 1466 900 primus
1497 843 1610 899 pilus
1643 844 1699 899 II,
1732 842 1931 886 tribunus
1961 842 2067 885 mili-

349 922 461 965 tum,
503 913 746 970 praefectus
786 911 894 953 levis
934 919 1197 967 armaturae,
1238 912 1482 968 praefectus
1522 918 1761 954 castrorum
1800 911 2068 968 imperatoris

351 982 546 1025 Caesaris
585 981 771 1035 Augusti
811 987 854 1022 et
892 981 958 1022 Ti.
992 979 1189 1023 Caesaris
1220 980 1428 1034 Augusti,
1467 979 1710 1036 praefectus
1740 979 1889 1021 classis
1917 978 2068 1034 (Mise-

348 1051 488 1092 nensis
515 1052 563 1091 ut
587 1048 750 1091 videtur
779 1049 833 1102 cf.
865 1047 1125 1101 Hirschfeld,
1167 1047 1533 1102 Untersuchunyen
1560 1061 1596 1092 z.
1625 1053 1729 1090 rom.
1762 1047 1890 1091 Verw.
1915 1061 1964 1102 p.
1984 1049 2069 1090 123

353 1118 450 1160 adn.
489 1117 544 1171 5),
600 1117 842 1173 praefectus
889 1115 1098 1170 fabrum,
1132 1116 1175 1158 II
1188 1117 1258 1157 vir
1296 1116 1474 1158 Venafri
1519 1122 1562 1158 et
1600 1116 1714 1158 Foro
1759 1115 1866 1167 Iuli,
1911 1115 2068 1157 flamen

354 1184 604 1241 Augustalis
634 1185 683 1227 X
708 1187 817 1227 4868
847 1188 874 1227 t.
908 1184 1189 1238 Venafranus.

295 1280 351 1284 ——
382 1260 607 1295 DANACIA
637 1259 922 1303 QVARTILLA
950 1258 1256 1294 AVRELIANA.

296 1349 353 1353 -
382 1328 543 1363 MARIA
571 1321 902 1375 AVREL(1ANA)
933 1320 1013 1374 (vel
1041 1319 1322 1374 AVREL(1A))
1353 1325 1705 1363 VIOLENTILLA.

272 1392 382 1434 1184
410 1395 753 1442 AVRELIANVS,
806 1388 955 1430 consul
1007 1389 1248 1443 (suffectus)
1297 1387 1442 1430 idibus
1486 1387 1628 1443 M[ais]
1674 1402 1771 1430 cum
1814 1387 2072 1430 Corneliano

355 1460 470 1501 circa
501 1472 539 1500 a.
570 1460 651 1499 183
681 1456 803 1499 VIII
823 1459 970 1499 10570.

271 1528 380 1570 1185
412 1531 743 1578 AVRELIANVS,
787 1532 958 1567 senator
988 1524 1075 1567 Dio
1104 1527 1171 1575 78,
1202 1527 1272 1575 12,
1315 1523 1552 1567 consularis
1581 1527 1628 1566 ut
1655 1524 1819 1566 videtur
1847 1523 1933 1567 ibd.
1963 1523 1995 1578 §¹
2024 1526 2075 1574 4,-

356 1609 406 1637 eoe
436 1594 524 1636 loco
555 1592 778 1635 admodum
807 1593 953 1634 mutilo
985 1596 1149 1635 tantum
1174 1593 1329 1634 rimari
1358 1592 1463 1643 licet,
1504 1592 1751 1634 Macrinum
1779 1593 2075 1647 imperatorem·

357 1663 515 1716 factum
543 1676 582 1705 a.
613 1664 697 1703 217
725 1664 898 1702 mortem
932 1662 1032 1712 eius,
1069 1675 1186 1714 quem
1215 1661 1369 1703 milites
1389 1660 1689 1715 postulabant,
1713 1661 1903 1715 primum
1933 1659 2075 1714 depre-

358 1734 496 1772 catum
526 1743 622 1780 esse,
656 1729 802 1771 deinde
831 1729 1077 1780 ·indulsisse,·
1106 1729 1357 1771 interfectus
1383 1728 1471 1771 Dio
1502 1731 1568 1780 78,
1597 1732 1664 1773 19.

275 1799 384 1841 1186
414 1803 748 1851 AVRELIANVS,
779 1798 849 1838 vir
879 1796 1154 1852 clarissimus,
1185 1797 1366 1839 maritus
1396 1797 1614 1839 Domitiae
1635 1797 1884 1839 Victorinae
1915 1795 2076 1839 V4331

359 1869 386 1908 t.
418 1865 673 1907 Brixiensis.

279 1935 385 1977 1187
417 1933 690 1987 Aurelianus,
719 1931 918 1974 tribunus
948 1932 1123 1988 quidam
1151 1947 1249 1974 cum
1276 1931 1505 1975 Valeriano
1537 1933 1794 1988 imperatore
1824 1940 1975 1990 captus
2006 1932 2078 1974 vit.

358 2001 591 2044 Aureliani
617 2004 654 2051 6,
683 2003 727 2044 2.

277 2071 385 2112 1188
415 2068 689 2112 Aurelianus.
723 2069 986 2110 Pescennius
1004 2069 1138 2123 Niger
1158 2068 1362 2125 deceptus
1379 2075 1444 2111 est
1459 2069 1647 2111 consiliis
1664 2070 1828 2111 scaevis
1841 2068 2077 2124 Aureliani,

362 2139 435 2193 qui
465 2137 574 2179 filias
605 2152 703 2178 suas
736 2138 827 2178 eius
858 2136 956 2178 filiis
987 2136 1257 2192 despondens
1297 2138 1526 2193 persistere
1558 2152 1654 2180 eum
1693 2137 1796 2180 fecit
1825 2139 1870 2180 in
1900 2138 2080 2194 imperio

362 2206 433 2247 vit.
455 2205 676 2247 Pescennii
698 2205 829 2259 Niyri
852 2208 888 2255 7,
911 2208 949 2248 1.
973 2231 1024 2235 ——
1058 2204 1311 2248 Pescennius
1338 2206 1510 2260 quidam
1538 2206 1802 2248 Aurelianus
1827 2209 2082 2249 memoratur

363 2275 472 2315 inter
500 2273 685 2315 homines
713 2273 873 2315 nobiles
903 2287 931 2314 a
960 2272 1168 2327 Septimio
1197 2273 1350 2316 Severo
1379 2275 1534 2316 occisos
1561 2275 1632 2316 vit.
1667 2274 1813 2317 Severi
1840 2277 1904 2326 13,
1934 2278 1973 2317 6.

281 2342 389 2384 1189
420 2341 470 2383 Τ.
501 2340 761 2383 Aurelianus
792 2340 1064 2383 Nicostratus
1098 2340 1271 2394 publice
1308 2341 1540 2384 honoratus
1570 2345 1598 2384 t.
1630 2342 1798 2385 Rhodio
1826 2342 1937 2386 OIG
1965 2345 2081 2386 2529

363 2423 470 2451 corr.
492 2409 691 2463 Inscript.
710 2422 849 2463 yraec.
871 2408 1109 2451 insularum
1131 2412 1204 2451 etc.
1225 2423 1268 2451 n.
1290 2412 1356 2453 83.
1407 2410 1513 2452 Tria
1531 2411 1705 2453 nomina
1730 2411 1893 2454 exhibet
1922 2409 2081 2462 titulus,

364 2477 478 2531 apud
505 2477 729 2531 scriptores
757 2490 918 2531 semper
945 2477 1227 2519 Nicostratus

448 2545 586 2587 Filius
608 2545 854 2599 Nicostrati,
883 2544 1046 2602 Ἄμ[ιο]ς
1065 2545 1112 2587 id
1132 2549 1192 2588 est
1212 2545 1400 2588 Peraeae
1419 2547 1616 2589 Rhodiae
1635 2548 1736 2589 civis
1765 2548 1826 2590 tit.
1838 2561 1852 2599 ,·
1880 2547 2082 2592 Μακεδών

367 2613 526 2656 Suidas
556 2626 588 2655 s.
618 2627 655 2655 v.
687 2613 949 2670 Νικόστρατος
978 2614 1040 2656 ΙΙ
1054 2628 1102 2668 10·
1125 2617 1203 2656 990
1233 2614 1294 2656 ed.
1322 2613 1591 2669 Bernhardy,
1631 2615 1679 2658 id
1715 2616 1827 2670 quod
1862 2630 1914 2659 ne
1941 2630 2084 2659 verum

366 2682 420 2723 sit
450 2681 595 2723 titulus
623 2695 708 2723 non
739 2682 888 2724 obstat.
937 2681 1140 2738 Sophista
1161 2681 1231 2723 vel
1257 2681 1311 2724 ab
1344 2683 1601 2739 imperatore
1631 2684 1768 2738 (euius
1795 2698 1944 2728 nomen
1973 2689 2083 2728 tace-

368 2753 449 2799 tur,
473 2764 501 2790 a
523 2749 588 2791 M.
610 2749 787 2791 Aurelio
816 2753 864 2791 ut
891 2749 1070 2803 videtur)
1101 2750 1298 2806 pluribus
1329 2750 1563 2793 honoribus
1593 2752 1771 2794 affectus
1797 2753 1860 2794 tit.
1881 2752 2083 2809 Aquilius

369 2816 558 2871 Regulus
579 2818 745 2858 iuvenis
761 2818 1052 2859 Nicostratum
1074 2818 1289 2860 rhetorem
1309 2820 1562 2873 magistrum
1583 2834 1665 2862 usu
1684 2820 1878 2862 cenaculi
1894 2820 2082 2874 donavit,

368 2885 420 2926 de
441 2900 525 2940 quo
547 2884 748 2927 defuncto
772 2886 935 2940 Regulo
967 2900 1064 2928 cum
1091 2887 1428 2928 controversiam
1457 2887 1646 2942 haberet,
1679 2889 1963 2944 Papinianum
1984 2903 2084 2931 con-

368 2952 500 2994 suluit
529 2952 758 3006 Papinian.
784 2953 946 3008 Diyest.
969 2957 1037 3004 39,
1066 2957 1104 3004 5,
1132 2957 1200 2997 27.
1253 2953 1436 3012 Ἐτάχθη
1468 2957 1512 2998 δὲ
1541 2956 1582 2998 ἐν
1613 2959 1694 3003 τοῖς
1719 2957 1903 3013 κριθεῖσιν
1934 2957 2085 2999 ἐπιδευ-

367 3022 491 3077 τέροις
514 3021 608 3063 δέκα
629 3021 805 3078 ῥήτορσιν
828 3020 899 3075 (cf.
922 3021 1046 3064 schol.
1063 3022 1242 3064 Ducian.
1265 3022 1313 3064 de
1333 3023 1429 3067 salt.
1458 3026 1511 3066 69
1531 3023 1592 3067 ed.
1615 3024 1808 3067 Iacobitz
1826 3025 1861 3067 I
1866 3024 1907 3067 V
1909 3027 2081 3080 p.149),

370 3090 586 3145 σύγχρονος
627 3086 856 3144 Ἀριστείδου
898 3090 963 3131 καὶ
1001 3090 1151 3136 Δίωνος
1189 3094 1257 3132 τοῦ
1288 3089 1597 3148 Χρυσοστόμου·
1629 3092 1676 3148 ἦν
1712 3092 1785 3149 γὰρ
1820 3092 1883 3135 ἐπὶ
1918 3091 2084 3150 Μάρκου

372 3155 618 3200 Ἀντωνείνου
659 3162 726 3199 τοῦ
768 3158 986 3214 βασιλέως·
1025 3158 1173 3215 ἔγραψε
1208 3159 1461 3216 Δεκαμυῦίαν
1506 3159 1674 3207 Εἰκόνας
1713 3160 1970 3218 Πολυμυθίαν
2013 3161 2086 3216 (cf.

370 3225 620 3279 Hermoyen.
653 3228 737 3281 περὶ
768 3227 883 3269 ἰδεῶν
915 3230 956 3277 2,
990 3231 1059 3277 12,
1097 3230 1124 3269 3
1156 3242 1204 3281 p.
1235 3230 1318 3270 394
1353 3227 1414 3270 ed.
1447 3228 1643 3283 Spenyel)
1672 3228 1994 3287 Θαλαττουργοὺς
2022 3230 2086 3272 καὶ

372 3293 476 3335 ἄλλα
515 3297 679 3336 πλεῖστα
710 3296 773 3336 καὶ
811 3293 1015 3351 Ἐγκώμια
1049 3296 1106 3342 εἴς
1134 3311 1176 3338 τε
1206 3297 1283 3338 τὸνι
1305 3295 1470 3352 Μάρκον
1499 3299 1564 3339 καὶ
1594 3298 1752 3344 ἄλλους.
1822 3297 1891 3339 De
1929 3310 2090 3352 genere

371 3360 541 3402 dicendi
564 3362 655 3403 eius
676 3362 906 3417 scripserat
921 3362 1226 3420 Metrophanes
1241 3363 1525 3406 Lebadiensis
1541 3364 1702 3408 Suidas
1714 3378 1748 3407 s.
1763 3379 1800 3420 v,
1816 3364 2088 3422 Μητροφάνης
