<?xml version="1.0" encoding="UTF-8"?>
<!DOCTYPE html PUBLIC "-//W3C//DTD XHTML 1.0 Transitional//EN"
    "http://www.w3.org/TR/xhtml1/DTD/xhtml1-transitional.dtd">
<html xmlns="http://www.w3.org/1999/xhtml" xml:lang="en" lang="en">
 <head>
  <title>
</title>
<meta http-equiv="Content-Type" content="text/html;charset=utf-8" />
  <meta name='ocr-system' content='tesseract 3.04.00' />
  <meta name='ocr-capabilities' content='ocr_page ocr_carea ocr_par ocr_line ocrx_word'/>
</head>
<body>
  <div class='ocr_page' id='page_1' title='image "./prosopographiaim01akaduoft_0468.png"; bbox 0 0 2202 3730; ppageno 0'>
   <div class='ocr_carea' id='block_1_1' title="bbox 245 300 2042 361">
    <p class='ocr_par' dir='ltr' id='par_1_1' title="bbox 245 300 2042 361">
     <span class='ocr_line' id='line_1_1' title="bbox 245 300 2042 361; baseline -0.003 -15"><span class='ocrx_word' id='word_1_1' title='bbox 245 309 524 346; x_wconf 86' lang='lat' dir='ltr'><strong>CORNELIVS</strong></span> <span class='ocrx_word' id='word_1_2' title='bbox 1102 300 1185 340; x_wconf 81' lang='grc'><em>452</em></span> <span class='ocrx_word' id='word_1_3' title='bbox 1761 303 2042 361; x_wconf 64' lang='lat' dir='ltr'><em>CORNELlys</em></span> 
     </span>
    </p>
   </div>
   <div class='ocr_carea' id='block_1_2' title="bbox 252 355 1980 364">
    <p class='ocr_par' dir='ltr' id='par_1_2' title="bbox 252 355 1980 364">
     <span class='ocr_line' id='line_1_2' title="bbox 252 355 1980 364; baseline 0 0"><span class='ocrx_word' id='word_1_4' title='bbox 252 355 1980 364; x_wconf 95' lang='lat' dir='ltr'><em> </em></span> 
     </span>
    </p>
   </div>
   <div class='ocr_carea' id='block_1_3' title="bbox 319 432 2105 2671">
    <p class='ocr_par' dir='ltr' id='par_1_3' title="bbox 326 432 2044 693">
     <span class='ocr_line' id='line_1_3' title="bbox 326 432 2044 488; baseline -0.003 -6"><span class='ocrx_word' id='word_1_5' title='bbox 326 443 431 482; x_wconf 88' lang='lat' dir='ltr'><em>natu</em></span> <span class='ocrx_word' id='word_1_6' title='bbox 470 438 613 480; x_wconf 90' lang='lat' dir='ltr'><em>consul</em></span> <span class='ocrx_word' id='word_1_7' title='bbox 647 451 685 479; x_wconf 90' lang='lat' dir='ltr'><em>a.</em></span> <span class='ocrx_word' id='word_1_8' title='bbox 716 438 774 479; x_wconf 92' lang='grc'><em>25</em></span> <span class='ocrx_word' id='word_1_9' title='bbox 808 449 967 488; x_wconf 87' lang='lat' dir='ltr'><em>semper</em></span> <span class='ocrx_word' id='word_1_10' title='bbox 1008 435 1162 476; x_wconf 85' lang='lat' dir='ltr'><em>dicitur</em></span> <span class='ocrx_word' id='word_1_11' title='bbox 1193 434 1352 476; x_wconf 84' lang='lat' dir='ltr'><em>Cossus</em></span> <span class='ocrx_word' id='word_1_12' title='bbox 1385 432 1610 475; x_wconf 90' lang='lat' dir='ltr'><em>Cornelius</em></span> <span class='ocrx_word' id='word_1_13' title='bbox 1640 433 1869 488; x_wconf 73' lang='lat' dir='ltr'><strong>Lentulus,</strong></span> <span class='ocrx_word' id='word_1_14' title='bbox 1907 435 2044 476; x_wconf 86' lang='lat' dir='ltr'><em>minor</em></span> 
     </span>
     <span class='ocr_line' id='line_1_4' title="bbox 330 501 2042 556; baseline -0.003 -6"><span class='ocrx_word' id='word_1_15' title='bbox 330 507 471 550; x_wconf 74' lang='lat' dir='ltr'><em>consul</em></span> <span class='ocrx_word' id='word_1_16' title='bbox 493 521 530 549; x_wconf 89' lang='lat' dir='ltr'><em>a.</em></span> <span class='ocrx_word' id='word_1_17' title='bbox 553 509 610 548; x_wconf 90' lang='grc'><em>26</em></span> <span class='ocrx_word' id='word_1_18' title='bbox 631 504 710 547; x_wconf 87' lang='lat' dir='ltr'><em>Cn.</em></span> <span class='ocrx_word' id='word_1_19' title='bbox 741 502 967 546; x_wconf 82' lang='lat' dir='ltr'><em>Cornelius</em></span> <span class='ocrx_word' id='word_1_20' title='bbox 989 502 1198 543; x_wconf 79' lang='lat' dir='ltr'>Lentulus</span> <span class='ocrx_word' id='word_1_21' title='bbox 1226 501 1489 555; x_wconf 79' lang='lat' dir='ltr'>Gaetulicus,</span> <span class='ocrx_word' id='word_1_22' title='bbox 1522 502 1586 543; x_wconf 90' lang='lat' dir='ltr'><em>ita</em></span> <span class='ocrx_word' id='word_1_23' title='bbox 1609 504 1657 543; x_wconf 90' lang='lat' dir='ltr'><em>ut</em></span> <span class='ocrx_word' id='word_1_24' title='bbox 1676 505 1806 555; x_wconf 86' lang='lat' dir='ltr'><em>pater</em></span> <span class='ocrx_word' id='word_1_25' title='bbox 1825 502 1893 544; x_wconf 87' lang='lat' dir='ltr'><em>illi</em></span> <span class='ocrx_word' id='word_1_26' title='bbox 1913 517 2042 556; x_wconf 90' lang='lat' dir='ltr'><em>prae-</em></span> 
     </span>
     <span class='ocr_line' id='line_1_5' title="bbox 326 569 2042 626; baseline -0.002 -9"><span class='ocrx_word' id='word_1_27' title='bbox 326 589 484 624; x_wconf 86' lang='lat' dir='ltr'><em>nomen,</em></span> <span class='ocrx_word' id='word_1_28' title='bbox 519 574 616 615; x_wconf 78' lang='lat' dir='ltr'><em>huic</em></span> <span class='ocrx_word' id='word_1_29' title='bbox 647 585 869 626; x_wconf 72' lang='lat' dir='ltr'><em>coynomen</em></span> <span class='ocrx_word' id='word_1_30' title='bbox 901 571 1081 612; x_wconf 85' lang='lat' dir='ltr'><em>victoria</em></span> <span class='ocrx_word' id='word_1_31' title='bbox 1110 573 1298 624; x_wconf 87' lang='lat' dir='ltr'><em>paterna</em></span> <span class='ocrx_word' id='word_1_32' title='bbox 1316 573 1495 623; x_wconf 86' lang='lat' dir='ltr'><em>partum</em></span> <span class='ocrx_word' id='word_1_33' title='bbox 1522 569 1724 611; x_wconf 72' lang='lat' dir='ltr'><em>indidisse</em></span> <span class='ocrx_word' id='word_1_34' title='bbox 1752 569 1957 614; x_wconf 79' lang='lat' dir='ltr'><em>videatur.</em></span> <span class='ocrx_word' id='word_1_35' title='bbox 1993 595 2042 601; x_wconf 89' lang='lat'><em>—-</em></span> 
     </span>
     <span class='ocr_line' id='line_1_6' title="bbox 327 639 937 693; baseline -0.01 -8"><span class='ocrx_word' id='word_1_36' title='bbox 327 644 485 686; x_wconf 81' lang='lat' dir='ltr'>Cossus</span> <span class='ocrx_word' id='word_1_37' title='bbox 518 642 563 683; x_wconf 89' lang='lat' dir='ltr'><em>in</em></span> <span class='ocrx_word' id='word_1_38' title='bbox 593 641 655 681; x_wconf 90' lang='lat' dir='ltr'><em>tit.</em></span> <span class='ocrx_word' id='word_1_39' title='bbox 678 639 937 693; x_wconf 86' lang='lat' dir='ltr'><em>pronepotis.</em></span> 
     </span>
    </p>

    <p class='ocr_par' dir='ltr' id='par_1_4' title="bbox 323 705 2048 1239">
     <span class='ocr_line' id='line_1_7' title="bbox 408 705 2044 763; baseline -0.001 -11"><span class='ocrx_word' id='word_1_40' title='bbox 408 710 641 763; x_wconf 88' lang='lat' dir='ltr'><em>Perperam</em></span> <span class='ocrx_word' id='word_1_41' title='bbox 661 711 701 749; x_wconf 88' lang='lat' dir='ltr'><em>et</em></span> <span class='ocrx_word' id='word_1_42' title='bbox 720 707 817 748; x_wconf 74' lang='lat' dir='ltr'><em>huic</em></span> <span class='ocrx_word' id='word_1_43' title='bbox 839 710 878 748; x_wconf 83' lang='lat' dir='ltr'><em>et</em></span> <span class='ocrx_word' id='word_1_44' title='bbox 902 707 991 761; x_wconf 79' lang='lat' dir='ltr'><em>filio</em></span> <span class='ocrx_word' id='word_1_45' title='bbox 1012 707 1169 748; x_wconf 88' lang='lat' dir='ltr'><em>maiori</em></span> <span class='ocrx_word' id='word_1_46' title='bbox 1187 707 1307 760; x_wconf 72' lang='lat' dir='ltr'><em>vulyo</em></span> <span class='ocrx_word' id='word_1_47' title='bbox 1330 719 1590 760; x_wconf 84' lang='lat' dir='ltr'><em>praenomen</em></span> <span class='ocrx_word' id='word_1_48' title='bbox 1617 705 1757 748; x_wconf 79' lang='lat' dir='ltr'><em>Gnaei</em></span> <span class='ocrx_word' id='word_1_49' title='bbox 1777 706 1909 748; x_wconf 83' lang='lat' dir='ltr'><em>tribui</em></span> <span class='ocrx_word' id='word_1_50' title='bbox 1929 707 2044 750; x_wconf 86' lang='lat' dir='ltr'><em>solet.</em></span> 
     </span>
     <span class='ocr_line' id='line_1_8' title="bbox 328 774 2044 828; baseline -0.003 -7"><span class='ocrx_word' id='word_1_51' title='bbox 328 779 413 822; x_wconf 79' lang='lat' dir='ltr'><em>Sed</em></span> <span class='ocrx_word' id='word_1_52' title='bbox 442 781 481 820; x_wconf 89' lang='lat' dir='ltr'><em>et</em></span> <span class='ocrx_word' id='word_1_53' title='bbox 509 778 554 818; x_wconf 85' lang='lat' dir='ltr'><em>in</em></span> <span class='ocrx_word' id='word_1_54' title='bbox 584 776 650 818; x_wconf 79' lang='lat' dir='ltr'><em>his</em></span> <span class='ocrx_word' id='word_1_55' title='bbox 680 778 718 817; x_wconf 89' lang='lat' dir='ltr'><em>et</em></span> <span class='ocrx_word' id='word_1_56' title='bbox 747 776 792 816; x_wconf 86' lang='lat' dir='ltr'><em>in</em></span> <span class='ocrx_word' id='word_1_57' title='bbox 817 775 916 816; x_wconf 83' lang='lat' dir='ltr'><em>aliis</em></span> <span class='ocrx_word' id='word_1_58' title='bbox 939 774 1078 817; x_wconf 82' lang='lat' dir='ltr'><em>Cossis</em></span> <span class='ocrx_word' id='word_1_59' title='bbox 1100 775 1303 824; x_wconf 80' lang='lat' dir='ltr'><em>Lentulis,</em></span> <span class='ocrx_word' id='word_1_60' title='bbox 1337 774 1385 816; x_wconf 88' lang='lat' dir='ltr'><em>de</em></span> <span class='ocrx_word' id='word_1_61' title='bbox 1405 775 1555 827; x_wconf 76' lang='lat' dir='ltr'><em>quibus</em></span> <span class='ocrx_word' id='word_1_62' title='bbox 1574 774 1696 827; x_wconf 82' lang='lat' dir='ltr'><em>infra</em></span> <span class='ocrx_word' id='word_1_63' title='bbox 1718 787 1897 828; x_wconf 71' lang='lat' dir='ltr'><em>ayemus,</em></span> <span class='ocrx_word' id='word_1_64' title='bbox 1933 775 2044 816; x_wconf 84' lang='lat' dir='ltr'><em>testi-</em></span> 
     </span>
     <span class='ocr_line' id='line_1_9' title="bbox 325 841 2045 898; baseline -0.002 -10"><span class='ocrx_word' id='word_1_65' title='bbox 325 847 467 889; x_wconf 86' lang='lat' dir='ltr'><em>monia</em></span> <span class='ocrx_word' id='word_1_66' title='bbox 487 847 845 886; x_wconf 72' lang='lat' dir='ltr'><em>monumentorum</em></span> <span class='ocrx_word' id='word_1_67' title='bbox 860 845 1191 898; x_wconf 76' lang='lat' dir='ltr'><em>scriptorumque</em></span> <span class='ocrx_word' id='word_1_68' title='bbox 1208 843 1265 884; x_wconf 88' lang='lat' dir='ltr'><em>ad</em></span> <span class='ocrx_word' id='word_1_69' title='bbox 1283 857 1411 884; x_wconf 90' lang='lat' dir='ltr'><em>unum</em></span> <span class='ocrx_word' id='word_1_70' title='bbox 1433 843 1575 884; x_wconf 86' lang='lat' dir='ltr'><em>omnia</em></span> <span class='ocrx_word' id='word_1_71' title='bbox 1595 843 1856 884; x_wconf 86' lang='lat' dir='ltr'><em>consentiunt</em></span> <span class='ocrx_word' id='word_1_72' title='bbox 1873 841 2045 884; x_wconf 82' lang='lat' dir='ltr'><em>Cossum</em></span> 
     </span>
     <span class='ocr_line' id='line_1_10' title="bbox 325 909 2046 968; baseline -0.002 -13"><span class='ocrx_word' id='word_1_73' title='bbox 325 916 456 968; x_wconf 77' lang='lat' dir='ltr'><em>fuisse</em></span> <span class='ocrx_word' id='word_1_74' title='bbox 479 917 575 955; x_wconf 90' lang='lat' dir='ltr'><em>tunc</em></span> <span class='ocrx_word' id='word_1_75' title='bbox 596 913 793 966; x_wconf 87' lang='lat' dir='ltr'><em>temporis</em></span> <span class='ocrx_word' id='word_1_76' title='bbox 815 926 1087 966; x_wconf 72' lang='lat' dir='ltr'><em>praenomen.</em></span> <span class='ocrx_word' id='word_1_77' title='bbox 1137 911 1189 953; x_wconf 88' lang='lat' dir='ltr'><em>Vt</em></span> <span class='ocrx_word' id='word_1_78' title='bbox 1209 912 1318 953; x_wconf 81' lang='lat' dir='ltr'><em>enim</em></span> <span class='ocrx_word' id='word_1_79' title='bbox 1339 914 1475 952; x_wconf 81' lang='lat' dir='ltr'><em>aetate</em></span> <span class='ocrx_word' id='word_1_80' title='bbox 1495 910 1680 964; x_wconf 73' lang='lat' dir='ltr'><em>Auyusti</em></span> <span class='ocrx_word' id='word_1_81' title='bbox 1698 909 1877 952; x_wconf 76' lang='lat' dir='ltr'><em>Aemilii</em></span> <span class='ocrx_word' id='word_1_82' title='bbox 1894 909 2046 953; x_wconf 87' lang='lat' dir='ltr'><em>Fabii-</em></span> 
     </span>
     <span class='ocr_line' id='line_1_11' title="bbox 323 978 2044 1036; baseline -0.002 -12"><span class='ocrx_word' id='word_1_83' title='bbox 323 997 400 1036; x_wconf 76' lang='lat' dir='ltr'><em>que</em></span> <span class='ocrx_word' id='word_1_84' title='bbox 421 981 698 1036; x_wconf 70' lang='lat' dir='ltr'><em>praenomine</em></span> <span class='ocrx_word' id='word_1_85' title='bbox 724 980 884 1030; x_wconf 79' lang='lat' dir='ltr'><em>Paulli,</em></span> <span class='ocrx_word' id='word_1_86' title='bbox 918 980 1077 1022; x_wconf 80' lang='lat' dir='ltr'><em>Scauri</em></span> <span class='ocrx_word' id='word_1_87' title='bbox 1107 979 1330 1029; x_wconf 85' lang='lat' dir='ltr'><em>Mamerci,</em></span> <span class='ocrx_word' id='word_1_88' title='bbox 1363 979 1547 1021; x_wconf 78' lang='lat' dir='ltr'><em>Antonii</em></span> <span class='ocrx_word' id='word_1_89' title='bbox 1574 978 1681 1020; x_wconf 83' lang='lat' dir='ltr'><em>Iulli</em></span> <span class='ocrx_word' id='word_1_90' title='bbox 1707 978 1947 1028; x_wconf 82' lang='lat' dir='ltr'><em>utebantur,</em></span> <span class='ocrx_word' id='word_1_91' title='bbox 1979 980 2044 1021; x_wconf 88' lang='lat' dir='ltr'><em>ita</em></span> 
     </span>
     <span class='ocr_line' id='line_1_12' title="bbox 326 1046 2048 1103; baseline -0.001 -12"><span class='ocrx_word' id='word_1_92' title='bbox 326 1050 600 1092; x_wconf 77' lang='lat' dir='ltr'><em>Lentulorum</em></span> <span class='ocrx_word' id='word_1_93' title='bbox 639 1050 768 1103; x_wconf 85' lang='lat' dir='ltr'><em>stirps</em></span> <span class='ocrx_word' id='word_1_94' title='bbox 803 1048 934 1091; x_wconf 83' lang='lat' dir='ltr'><em>Cossi.</em></span> <span class='ocrx_word' id='word_1_95' title='bbox 999 1048 1055 1090; x_wconf 93' lang='lat' dir='ltr'><em>Id</em></span> <span class='ocrx_word' id='word_1_96' title='bbox 1083 1048 1193 1102; x_wconf 75' lang='lat' dir='ltr'><em>quod</em></span> <span class='ocrx_word' id='word_1_97' title='bbox 1228 1061 1320 1089; x_wconf 90' lang='lat' dir='ltr'><em>cum</em></span> <span class='ocrx_word' id='word_1_98' title='bbox 1348 1048 1534 1089; x_wconf 83' lang='lat' dir='ltr'><em>virorum</em></span> <span class='ocrx_word' id='word_1_99' title='bbox 1566 1046 1778 1088; x_wconf 85' lang='lat' dir='ltr'><em>doctorum</em></span> <span class='ocrx_word' id='word_1_100' title='bbox 1807 1060 1891 1088; x_wconf 86' lang='lat' dir='ltr'><em>non</em></span> <span class='ocrx_word' id='word_1_101' title='bbox 1910 1049 2048 1100; x_wconf 86' lang='lat' dir='ltr'><em>pauci</em></span> 
     </span>
     <span class='ocr_line' id='line_1_13' title="bbox 324 1115 2046 1172; baseline -0.002 -11"><span class='ocrx_word' id='word_1_102' title='bbox 324 1133 408 1161; x_wconf 92' lang='lat' dir='ltr'><em>non</em></span> <span class='ocrx_word' id='word_1_103' title='bbox 439 1119 742 1172; x_wconf 72' lang='lat' dir='ltr'><em>009n0v2·ssent‚</em></span> <span class='ocrx_word' id='word_1_104' title='bbox 779 1117 995 1171; x_wconf 89' lang='lat' dir='ltr'><em>permulta</em></span> <span class='ocrx_word' id='word_1_105' title='bbox 1024 1117 1141 1171; x_wconf 80' lang='lat' dir='ltr'><em>falsa</em></span> <span class='ocrx_word' id='word_1_106' title='bbox 1182 1117 1230 1158; x_wconf 89' lang='lat' dir='ltr'><em>de</em></span> <span class='ocrx_word' id='word_1_107' title='bbox 1260 1115 1451 1158; x_wconf 80' lang='lat' dir='ltr'><em>Lentulis</em></span> <span class='ocrx_word' id='word_1_108' title='bbox 1482 1116 1634 1157; x_wconf 88' lang='lat' dir='ltr'><em>aetatis</em></span> <span class='ocrx_word' id='word_1_109' title='bbox 1669 1115 1971 1168; x_wconf 74' lang='lat' dir='ltr'><em>imperatoriae</em></span> <span class='ocrx_word' id='word_1_110' title='bbox 2001 1116 2046 1158; x_wconf 91' lang='lat' dir='ltr'><em>in</em></span> 
     </span>
     <span class='ocr_line' id='line_1_14' title="bbox 323 1183 1881 1239; baseline -0.003 -12"><span class='ocrx_word' id='word_1_111' title='bbox 323 1186 502 1227; x_wconf 87' lang='lat' dir='ltr'><em>medium</em></span> <span class='ocrx_word' id='word_1_112' title='bbox 531 1186 707 1239; x_wconf 89' lang='lat' dir='ltr'><em>prolata</em></span> <span class='ocrx_word' id='word_1_113' title='bbox 736 1189 843 1229; x_wconf 87' lang='lat' dir='ltr'><em>sunt.</em></span> <span class='ocrx_word' id='word_1_114' title='bbox 906 1185 992 1228; x_wconf 79' lang='lat' dir='ltr'><em>Sed</em></span> <span class='ocrx_word' id='word_1_115' title='bbox 1020 1200 1070 1227; x_wconf 86' lang='lat' dir='ltr'><em>ea</em></span> <span class='ocrx_word' id='word_1_116' title='bbox 1096 1185 1342 1239; x_wconf 80' lang='lat' dir='ltr'><em>plerumque</em></span> <span class='ocrx_word' id='word_1_117' title='bbox 1371 1184 1536 1226; x_wconf 88' lang='lat' dir='ltr'><em>silentio</em></span> <span class='ocrx_word' id='word_1_118' title='bbox 1566 1183 1634 1224; x_wconf 82' lang='lat' dir='ltr'><em>lz-ic</em></span> <span class='ocrx_word' id='word_1_119' title='bbox 1656 1183 1881 1237; x_wconf 89' lang='lat' dir='ltr'><em>praeterii.</em></span> 
     </span>
    </p>

    <p class='ocr_par' dir='ltr' id='par_1_5' title="bbox 319 1250 2105 2525">
     <span class='ocr_line' id='line_1_15' title="bbox 410 1250 2048 1304; baseline -0.001 -8"><span class='ocrx_word' id='word_1_120' title='bbox 410 1254 489 1296; x_wconf 88' lang='lat' dir='ltr'><em>Cn.</em></span> <span class='ocrx_word' id='word_1_121' title='bbox 511 1254 538 1296; x_wconf 87' lang='lat' dir='ltr'><em>f.</em></span> <span class='ocrx_word' id='word_1_122' title='bbox 560 1268 714 1298; x_wconf 82' lang='lat' dir='ltr'><em>numm.</em></span> <span class='ocrx_word' id='word_1_123' title='bbox 738 1269 776 1304; x_wconf 88' lang='lat' dir='ltr'><em>a,</em></span> <span class='ocrx_word' id='word_1_124' title='bbox 808 1254 895 1296; x_wconf 90' lang='lat' dir='ltr'><em>Dio</em></span> <span class='ocrx_word' id='word_1_125' title='bbox 922 1254 1009 1295; x_wconf 87' lang='lat' dir='ltr'><em>ind.</em></span> <span class='ocrx_word' id='word_1_126' title='bbox 1033 1254 1058 1295; x_wconf 86' lang='lat' dir='ltr'><em>l.</em></span> <span class='ocrx_word' id='word_1_127' title='bbox 1079 1256 1144 1297; x_wconf 86' lang='lat'><em>55.</em></span> <span class='ocrx_word' id='word_1_128' title='bbox 1196 1253 1339 1294; x_wconf 87' lang='lat' dir='ltr'><em>Filius</em></span> <span class='ocrx_word' id='word_1_129' title='bbox 1366 1252 1530 1294; x_wconf 83' lang='lat' dir='ltr'><em>videtur</em></span> <span class='ocrx_word' id='word_1_130' title='bbox 1557 1250 1633 1293; x_wconf 78' lang='lat' dir='ltr'><em>Cn.</em></span> <span class='ocrx_word' id='word_1_131' title='bbox 1663 1250 1850 1293; x_wconf 83' lang='lat' dir='ltr'><em>Cornelii</em></span> <span class='ocrx_word' id='word_1_132' title='bbox 1874 1251 2048 1294; x_wconf 87' lang='lat' dir='ltr'><em>Lentuli</em></span> 
     </span>
     <span class='ocr_line' id='line_1_16' title="bbox 325 1319 2046 1375; baseline -0.001 -11"><span class='ocrx_word' id='word_1_133' title='bbox 325 1322 506 1364; x_wconf 89' lang='lat' dir='ltr'><em>consulis</em></span> <span class='ocrx_word' id='word_1_134' title='bbox 528 1337 566 1366; x_wconf 89' lang='lat' dir='ltr'><em>a.</em></span> <span class='ocrx_word' id='word_1_135' title='bbox 590 1325 669 1364; x_wconf 78' lang='lat'><em>736</em></span> <span class='ocrx_word' id='word_1_136' title='bbox 688 1342 744 1356; x_wconf 85' lang='lat'><strong><em>=</em></strong></span> <span class='ocrx_word' id='word_1_137' title='bbox 764 1325 818 1364; x_wconf 94' lang='grc'><em>18</em></span> <span class='ocrx_word' id='word_1_138' title='bbox 841 1337 880 1364; x_wconf 92' lang='lat' dir='ltr'><em>a.</em></span> <span class='ocrx_word' id='word_1_139' title='bbox 906 1321 967 1372; x_wconf 68' lang='lat' dir='ltr'><em>O„</em></span> <span class='ocrx_word' id='word_1_140' title='bbox 989 1336 1242 1375; x_wconf 75' lang='lat' dir='ltr'><em>quamquam</em></span> <span class='ocrx_word' id='word_1_141' title='bbox 1262 1322 1300 1362; x_wconf 89' lang='lat' dir='ltr'><em>si</em></span> <span class='ocrx_word' id='word_1_142' title='bbox 1319 1321 1395 1362; x_wconf 77' lang='lat' dir='ltr'><em>hoc</em></span> <span class='ocrx_word' id='word_1_143' title='bbox 1414 1321 1620 1373; x_wconf 87' lang='lat' dir='ltr'><em>ponimus,</em></span> <span class='ocrx_word' id='word_1_144' title='bbox 1643 1319 1827 1373; x_wconf 90' lang='lat' dir='ltr'><em>spatium</em></span> <span class='ocrx_word' id='word_1_145' title='bbox 1849 1321 2046 1373; x_wconf 87' lang='lat' dir='ltr'><em>temporis</em></span> 
     </span>
     <span class='ocr_line' id='line_1_17' title="bbox 323 1386 2047 1445; baseline -0.001 -13"><span class='ocrx_word' id='word_1_146' title='bbox 323 1392 433 1432; x_wconf 78' lang='lat' dir='ltr'><em>inter</em></span> <span class='ocrx_word' id='word_1_147' title='bbox 464 1404 597 1433; x_wconf 87' lang='lat' dir='ltr'><em>annos</em></span> <span class='ocrx_word' id='word_1_148' title='bbox 627 1391 917 1433; x_wconf 89' lang='lat' dir='ltr'><em>consulatuum</em></span> <span class='ocrx_word' id='word_1_149' title='bbox 948 1391 1095 1445; x_wconf 83' lang='lat' dir='ltr'><em>patris</em></span> <span class='ocrx_word' id='word_1_150' title='bbox 1124 1390 1283 1445; x_wconf 66' lang='lat' dir='ltr'><em>filiique</em></span> <span class='ocrx_word' id='word_1_151' title='bbox 1315 1389 1450 1443; x_wconf 86' lang='lat' dir='ltr'><em>paulo</em></span> <span class='ocrx_word' id='word_1_152' title='bbox 1489 1389 1627 1430; x_wconf 87' lang='lat' dir='ltr'><em>minus</em></span> <span class='ocrx_word' id='word_1_153' title='bbox 1657 1401 1784 1440; x_wconf 76' lang='lat' dir='ltr'><em>quam</em></span> <span class='ocrx_word' id='word_1_154' title='bbox 1820 1386 1923 1429; x_wconf 87' lang='lat' dir='ltr'><em>solet</em></span> <span class='ocrx_word' id='word_1_155' title='bbox 1961 1401 2047 1430; x_wconf 90' lang='lat' dir='ltr'><em>esse</em></span> 
     </span>
     <span class='ocr_line' id='line_1_18' title="bbox 325 1454 2044 1513; baseline -0.002 -13"><span class='ocrx_word' id='word_1_156' title='bbox 325 1460 523 1513; x_wconf 69' lang='lat' dir='ltr'><em>efficitur.</em></span> <span class='ocrx_word' id='word_1_157' title='bbox 546 1484 600 1488; x_wconf 85' lang='lat'><em>——</em></span> <span class='ocrx_word' id='word_1_158' title='bbox 630 1460 770 1502; x_wconf 85' lang='lat' dir='ltr'><em>IIIvir</em></span> <span class='ocrx_word' id='word_1_159' title='bbox 800 1459 1026 1501; x_wconf 80' lang='lat' dir='ltr'><em>monetalis</em></span> <span class='ocrx_word' id='word_1_160' title='bbox 1058 1458 1137 1500; x_wconf 90' lang='lat' dir='ltr'><em>sub</em></span> <span class='ocrx_word' id='word_1_161' title='bbox 1162 1458 1359 1511; x_wconf 84' lang='lat' dir='ltr'><em>Augusto</em></span> <span class='ocrx_word' id='word_1_162' title='bbox 1382 1458 1515 1512; x_wconf 79' lang='lat' dir='ltr'><em>(circa</em></span> <span class='ocrx_word' id='word_1_163' title='bbox 1541 1471 1578 1498; x_wconf 91' lang='lat' dir='ltr'><em>a.</em></span> <span class='ocrx_word' id='word_1_164' title='bbox 1601 1459 1679 1498; x_wconf 78' lang='lat'><em>736</em></span> <span class='ocrx_word' id='word_1_165' title='bbox 1700 1475 1754 1489; x_wconf 68' lang='lat' dir='ltr'><em>z</em></span> <span class='ocrx_word' id='word_1_166' title='bbox 1776 1454 1844 1508; x_wconf 86' lang='lat'><em>18)</em></span> <span class='ocrx_word' id='word_1_167' title='bbox 1873 1457 2044 1501; x_wconf 87' lang='lat' dir='ltr'><em>nummi.</em></span> 
     </span>
     <span class='ocr_line' id='line_1_19' title="bbox 325 1522 2048 1581; baseline -0.002 -11"><span class='ocrx_word' id='word_1_168' title='bbox 325 1527 487 1570; x_wconf 90' lang='lat' dir='ltr'><em>Consul</em></span> <span class='ocrx_word' id='word_1_169' title='bbox 517 1543 555 1569; x_wconf 89' lang='lat' dir='ltr'><em>a.</em></span> <span class='ocrx_word' id='word_1_170' title='bbox 580 1528 660 1570; x_wconf 84' lang='lat'><em>753</em></span> <span class='ocrx_word' id='word_1_171' title='bbox 692 1548 747 1562; x_wconf 66' lang='lat' dir='ltr'><strong><em>z</em></strong></span> <span class='ocrx_word' id='word_1_172' title='bbox 781 1531 796 1569; x_wconf 87' lang='lat'>1</span> <span class='ocrx_word' id='word_1_173' title='bbox 826 1543 863 1569; x_wconf 90' lang='lat' dir='ltr'><em>a.</em></span> <span class='ocrx_word' id='word_1_174' title='bbox 886 1527 935 1571; x_wconf 89' lang='lat' dir='ltr'><em>C.</em></span> <span class='ocrx_word' id='word_1_175' title='bbox 967 1528 1086 1581; x_wconf 83' lang='lat' dir='ltr'><em>fasti.</em></span> <span class='ocrx_word' id='word_1_176' title='bbox 1142 1527 1268 1568; x_wconf 86' lang='lat' dir='ltr'><em>Anno</em></span> <span class='ocrx_word' id='word_1_177' title='bbox 1302 1527 1383 1568; x_wconf 84' lang='lat'><em>759</em></span> <span class='ocrx_word' id='word_1_178' title='bbox 1406 1546 1460 1560; x_wconf 67' lang='lat' dir='ltr'><em>z</em></span> <span class='ocrx_word' id='word_1_179' title='bbox 1482 1528 1507 1567; x_wconf 78' lang='lat'>6</span> <span class='ocrx_word' id='word_1_180' title='bbox 1538 1541 1577 1581; x_wconf 90' lang='lat' dir='ltr'><em>p.</em></span> <span class='ocrx_word' id='word_1_181' title='bbox 1612 1524 1660 1567; x_wconf 90' lang='lat' dir='ltr'><em>C.</em></span> <span class='ocrx_word' id='word_1_182' title='bbox 1693 1522 1974 1566; x_wconf 86' lang='lat' dir='ltr'><em>Musulamios</em></span> <span class='ocrx_word' id='word_1_183' title='bbox 2006 1532 2048 1567; x_wconf 91' lang='lat' dir='ltr'><em>et</em></span> 
     </span>
     <span class='ocr_line' id='line_1_20' title="bbox 327 1592 2105 1652; baseline -0.002 -13"><span class='ocrx_word' id='word_1_184' title='bbox 327 1595 532 1639; x_wconf 84' lang='lat' dir='ltr'><em>Gaetulos</em></span> <span class='ocrx_word' id='word_1_185' title='bbox 552 1597 657 1638; x_wconf 80' lang='lat' dir='ltr'><em>vicit</em></span> <span class='ocrx_word' id='word_1_186' title='bbox 680 1597 921 1652; x_wconf 86' lang='lat' dir='ltr'><em>meruitque</em></span> <span class='ocrx_word' id='word_1_187' title='bbox 943 1603 1195 1637; x_wconf 84' lang='lat' dir='ltr'><em>ornamenta</em></span> <span class='ocrx_word' id='word_1_188' title='bbox 1216 1594 1493 1650; x_wconf 73' lang='lat' dir='ltr'><em>triumphalia</em></span> <span class='ocrx_word' id='word_1_189' title='bbox 1515 1593 1690 1636; x_wconf 83' lang='lat' dir='ltr'><em>Velleius</em></span> <span class='ocrx_word' id='word_1_190' title='bbox 1711 1596 1752 1643; x_wconf 88' lang='grc'><em>2,</em></span> <span class='ocrx_word' id='word_1_191' title='bbox 1770 1595 1860 1642; x_wconf 88' lang='grc'><em>116,</em></span> <span class='ocrx_word' id='word_1_192' title='bbox 1882 1592 2047 1635; x_wconf 84' lang='lat' dir='ltr'><em>Florus</em></span> <span class='ocrx_word' id='word_1_193' title='bbox 2103 1594 2105 1596; x_wconf 64' lang='grc'><strong>’</strong></span> 
     </span>
     <span class='ocr_line' id='line_1_21' title="bbox 324 1661 2046 1717; baseline -0.003 -10"><span class='ocrx_word' id='word_1_194' title='bbox 324 1668 367 1714; x_wconf 90' lang='grc'><em>2,</em></span> <span class='ocrx_word' id='word_1_195' title='bbox 395 1667 461 1714; x_wconf 77' lang='lat'><em>31,</em></span> <span class='ocrx_word' id='word_1_196' title='bbox 496 1664 668 1707; x_wconf 86' lang='lat' dir='ltr'><em>Orosius</em></span> <span class='ocrx_word' id='word_1_197' title='bbox 699 1669 736 1715; x_wconf 87' lang='grc'><em>6,</em></span> <span class='ocrx_word' id='word_1_198' title='bbox 770 1668 839 1714; x_wconf 90' lang='grc'><em>21,</em></span> <span class='ocrx_word' id='word_1_199' title='bbox 873 1664 960 1706; x_wconf 87' lang='lat' dir='ltr'><em>Dio</em></span> <span class='ocrx_word' id='word_1_200' title='bbox 990 1668 1054 1714; x_wconf 85' lang='lat'><em>55,</em></span> <span class='ocrx_word' id='word_1_201' title='bbox 1085 1667 1157 1707; x_wconf 87' lang='grc'><em>28.</em></span> <span class='ocrx_word' id='word_1_202' title='bbox 1201 1664 1402 1706; x_wconf 83' lang='lat' dir='ltr'><em>Tiberius</em></span> <span class='ocrx_word' id='word_1_203' title='bbox 1431 1663 1611 1706; x_wconf 85' lang='lat' dir='ltr'><em>Cossum</em></span> <span class='ocrx_word' id='word_1_204' title='bbox 1643 1662 1748 1704; x_wconf 88' lang='lat' dir='ltr'><em>fecit</em></span> <span class='ocrx_word' id='word_1_205' title='bbox 1777 1661 1896 1704; x_wconf 89' lang='lat' dir='ltr'><em>urbis</em></span> <span class='ocrx_word' id='word_1_206' title='bbox 1926 1676 2046 1717; x_wconf 87' lang='lat' dir='ltr'><em>prae-</em></span> 
     </span>
     <span class='ocr_line' id='line_1_22' title="bbox 327 1731 2047 1787; baseline -0.002 -13"><span class='ocrx_word' id='word_1_207' title='bbox 327 1733 486 1774; x_wconf 87' lang='lat' dir='ltr'><em>fectum</em></span> <span class='ocrx_word' id='word_1_208' title='bbox 522 1733 695 1787; x_wconf 88' lang='lat' dir='ltr'><em>(scilicet</em></span> <span class='ocrx_word' id='word_1_209' title='bbox 725 1737 828 1787; x_wconf 88' lang='lat' dir='ltr'><em>post</em></span> <span class='ocrx_word' id='word_1_210' title='bbox 858 1734 909 1774; x_wconf 91' lang='lat' dir='ltr'><em>L.</em></span> <span class='ocrx_word' id='word_1_211' title='bbox 944 1733 1116 1774; x_wconf 88' lang='lat' dir='ltr'><em>Aelium</em></span> <span class='ocrx_word' id='word_1_212' title='bbox 1151 1733 1350 1774; x_wconf 83' lang='lat' dir='ltr'><em>Lamiam</em></span> <span class='ocrx_word' id='word_1_213' title='bbox 1388 1735 1597 1773; x_wconf 91' lang='lat' dir='ltr'><em>mortuum</em></span> <span class='ocrx_word' id='word_1_214' title='bbox 1638 1744 1749 1772; x_wconf 89' lang='lat' dir='ltr'><em>anno</em></span> <span class='ocrx_word' id='word_1_215' title='bbox 1786 1731 1854 1771; x_wconf 65' lang='lat'><em>33¹</em></span> <span class='ocrx_word' id='word_1_216' title='bbox 1877 1732 2047 1772; x_wconf 72' lang='lat' dir='ltr'><em>exeunte</em></span> 
     </span>
     <span class='ocr_line' id='line_1_23' title="bbox 325 1799 2046 1856; baseline -0.001 -15"><span class='ocrx_word' id='word_1_217' title='bbox 325 1800 416 1842; x_wconf 80' lang='lat' dir='ltr'><em>vide</em></span> <span class='ocrx_word' id='word_1_218' title='bbox 446 1814 579 1855; x_wconf 87' lang='lat' dir='ltr'><em>supra</em></span> <span class='ocrx_word' id='word_1_219' title='bbox 608 1801 651 1842; x_wconf 84' lang='lat' dir='ltr'><strong><em>A</em></strong></span> <span class='ocrx_word' id='word_1_220' title='bbox 680 1801 790 1855; x_wconf 78' lang='grc'><em>149),</em></span> <span class='ocrx_word' id='word_1_221' title='bbox 824 1802 966 1843; x_wconf 86' lang='lat' dir='ltr'><em>virum</em></span> <span class='ocrx_word' id='word_1_222' title='bbox 1007 1816 1186 1856; x_wconf 82' lang='lat' dir='ltr'><em>gravem</em></span> <span class='ocrx_word' id='word_1_223' title='bbox 1220 1800 1501 1853; x_wconf 78' lang='lat' dir='ltr'><em>moderatum,</em></span> <span class='ocrx_word' id='word_1_224' title='bbox 1535 1799 1610 1840; x_wconf 88' lang='lat' dir='ltr'><em>sed</em></span> <span class='ocrx_word' id='word_1_225' title='bbox 1644 1813 1833 1840; x_wconf 89' lang='lat' dir='ltr'><em>mersum</em></span> <span class='ocrx_word' id='word_1_226' title='bbox 1869 1804 1911 1839; x_wconf 90' lang='lat' dir='ltr'><em>et</em></span> <span class='ocrx_word' id='word_1_227' title='bbox 1944 1799 2046 1840; x_wconf 84' lang='lat' dir='ltr'><em>vino</em></span> 
     </span>
     <span class='ocr_line' id='line_1_24' title="bbox 325 1867 2044 1925; baseline -0.002 -15"><span class='ocrx_word' id='word_1_228' title='bbox 325 1868 582 1923; x_wconf 78' lang='lat' dir='ltr'><em>madentem,</em></span> <span class='ocrx_word' id='word_1_229' title='bbox 616 1869 723 1911; x_wconf 86' lang='lat' dir='ltr'><em>adeo</em></span> <span class='ocrx_word' id='word_1_230' title='bbox 746 1876 794 1911; x_wconf 91' lang='lat' dir='ltr'><em>ut</em></span> <span class='ocrx_word' id='word_1_231' title='bbox 816 1884 870 1911; x_wconf 83' lang='lat' dir='ltr'><em>ex</em></span> <span class='ocrx_word' id='word_1_232' title='bbox 901 1877 1051 1912; x_wconf 89' lang='lat' dir='ltr'><em>senatu</em></span> <span class='ocrx_word' id='word_1_233' title='bbox 1082 1869 1326 1925; x_wconf 85' lang='lat' dir='ltr'><em>aliquando,</em></span> <span class='ocrx_word' id='word_1_234' title='bbox 1359 1870 1404 1909; x_wconf 90' lang='lat' dir='ltr'><em>in</em></span> <span class='ocrx_word' id='word_1_235' title='bbox 1425 1882 1555 1924; x_wconf 86' lang='lat' dir='ltr'><em>quem</em></span> <span class='ocrx_word' id='word_1_236' title='bbox 1586 1883 1608 1909; x_wconf 92' lang='lat' dir='ltr'><em>e</em></span> <span class='ocrx_word' id='word_1_237' title='bbox 1635 1867 1835 1909; x_wconf 81' lang='lat' dir='ltr'><em>convivio</em></span> <span class='ocrx_word' id='word_1_238' title='bbox 1852 1872 2044 1920; x_wconf 85' lang='lat' dir='ltr'><em>venerat,</em></span> 
     </span>
     <span class='ocr_line' id='line_1_25' title="bbox 326 1933 2046 1993; baseline -0.002 -14"><span class='ocrx_word' id='word_1_239' title='bbox 326 1952 556 1993; x_wconf 82' lang='lat' dir='ltr'><em>oppressus</em></span> <span class='ocrx_word' id='word_1_240' title='bbox 593 1938 862 1980; x_wconf 76' lang='lat' dir='ltr'><em>inexcitabili</em></span> <span class='ocrx_word' id='word_1_241' title='bbox 896 1953 1042 1980; x_wconf 80' lang='lat' dir='ltr'><em>somno</em></span> <span class='ocrx_word' id='word_1_242' title='bbox 1079 1938 1324 1991; x_wconf 74' lang='lat' dir='ltr'><em>tolleretur3</em></span> <span class='ocrx_word' id='word_1_243' title='bbox 1361 1937 1461 1978; x_wconf 92' lang='lat' dir='ltr'><em>huic</em></span> <span class='ocrx_word' id='word_1_244' title='bbox 1498 1943 1639 1978; x_wconf 86' lang='lat' dir='ltr'><em>tamen</em></span> <span class='ocrx_word' id='word_1_245' title='bbox 1679 1935 1814 1977; x_wconf 90' lang='lat' dir='ltr'><em>multa</em></span> <span class='ocrx_word' id='word_1_246' title='bbox 1844 1933 2046 1976; x_wconf 87' lang='lat' dir='ltr'><em>Tiberius</em></span> 
     </span>
     <span class='ocr_line' id='line_1_26' title="bbox 319 2002 2047 2062; baseline -0.001 -16"><span class='ocrx_word' id='word_1_247' title='bbox 319 2020 451 2047; x_wconf 90' lang='lat' dir='ltr'><em>manu</em></span> <span class='ocrx_word' id='word_1_248' title='bbox 484 2021 561 2047; x_wconf 90' lang='lat' dir='ltr'><em>sua</em></span> <span class='ocrx_word' id='word_1_249' title='bbox 591 2007 762 2062; x_wconf 81' lang='lat' dir='ltr'><em>scripsit</em></span> <span class='ocrx_word' id='word_1_250' title='bbox 792 2021 932 2062; x_wconf 88' lang='lat' dir='ltr'><em>neque</em></span> <span class='ocrx_word' id='word_1_251' title='bbox 961 2006 1092 2049; x_wconf 83' lang='lat' dir='ltr'><em>Cosso</em></span> <span class='ocrx_word' id='word_1_252' title='bbox 1123 2013 1198 2048; x_wconf 85' lang='lat' dir='ltr'><em>aut</em></span> <span class='ocrx_word' id='word_1_253' title='bbox 1229 2007 1447 2061; x_wconf 85' lang='lat' dir='ltr'><em>privatum</em></span> <span class='ocrx_word' id='word_1_254' title='bbox 1477 2011 1689 2047; x_wconf 85' lang='lat' dir='ltr'><em>secretum</em></span> <span class='ocrx_word' id='word_1_255' title='bbox 1720 2010 1795 2046; x_wconf 88' lang='lat' dir='ltr'><em>aut</em></span> <span class='ocrx_word' id='word_1_256' title='bbox 1826 2002 2047 2060; x_wconf 89' lang='lat' dir='ltr'><em>publicum</em></span> 
     </span>
     <span class='ocr_line' id='line_1_27' title="bbox 324 2071 2047 2130; baseline -0.001 -16"><span class='ocrx_word' id='word_1_257' title='bbox 324 2073 518 2129; x_wconf 87' lang='lat' dir='ltr'><em>elapsum</em></span> <span class='ocrx_word' id='word_1_258' title='bbox 540 2081 604 2116; x_wconf 89' lang='lat' dir='ltr'><em>est</em></span> <span class='ocrx_word' id='word_1_259' title='bbox 625 2075 785 2117; x_wconf 83' lang='lat' dir='ltr'><em>Seneca</em></span> <span class='ocrx_word' id='word_1_260' title='bbox 805 2075 920 2129; x_wconf 88' lang='lat' dir='ltr'><em>epist.</em></span> <span class='ocrx_word' id='word_1_261' title='bbox 939 2078 1005 2125; x_wconf 80' lang='grc'><em>83,</em></span> <span class='ocrx_word' id='word_1_262' title='bbox 1024 2078 1088 2117; x_wconf 89' lang='grc'><em>15.</em></span> <span class='ocrx_word' id='word_1_263' title='bbox 1125 2075 1245 2116; x_wconf 89' lang='lat' dir='ltr'><em>Haec</em></span> <span class='ocrx_word' id='word_1_264' title='bbox 1268 2074 1325 2115; x_wconf 87' lang='lat' dir='ltr'><em>ad</em></span> <span class='ocrx_word' id='word_1_265' title='bbox 1341 2077 1512 2127; x_wconf 85' lang='lat' dir='ltr'><em>patrem</em></span> <span class='ocrx_word' id='word_1_266' title='bbox 1532 2073 1667 2127; x_wconf 68' lang='lat' dir='ltr'><em>mayis</em></span> <span class='ocrx_word' id='word_1_267' title='bbox 1689 2071 1814 2126; x_wconf 78' lang='lat' dir='ltr'><em>quam</em></span> <span class='ocrx_word' id='word_1_268' title='bbox 1835 2071 1893 2114; x_wconf 89' lang='lat' dir='ltr'><em>ad</em></span> <span class='ocrx_word' id='word_1_269' title='bbox 1911 2071 2047 2130; x_wconf 74' lang='lat' dir='ltr'><em>silium</em></span> 
     </span>
     <span class='ocr_line' id='line_1_28' title="bbox 327 2138 2046 2196; baseline -0.001 -13"><span class='ocrx_word' id='word_1_270' title='bbox 327 2142 531 2184; x_wconf 88' lang='lat' dir='ltr'><em>consulem</em></span> <span class='ocrx_word' id='word_1_271' title='bbox 562 2157 602 2184; x_wconf 88' lang='lat' dir='ltr'><em>a.</em></span> <span class='ocrx_word' id='word_1_272' title='bbox 634 2146 691 2185; x_wconf 91' lang='grc'><em>25</em></span> <span class='ocrx_word' id='word_1_273' title='bbox 722 2143 814 2184; x_wconf 89' lang='lat' dir='ltr'><em>ideo</em></span> <span class='ocrx_word' id='word_1_274' title='bbox 845 2143 1090 2193; x_wconf 85' lang='lat' dir='ltr'><em>rettulerim,</em></span> <span class='ocrx_word' id='word_1_275' title='bbox 1122 2142 1233 2196; x_wconf 79' lang='lat' dir='ltr'><em>quod</em></span> <span class='ocrx_word' id='word_1_276' title='bbox 1262 2145 1301 2184; x_wconf 89' lang='lat' dir='ltr'><em>et</em></span> <span class='ocrx_word' id='word_1_277' title='bbox 1326 2141 1428 2183; x_wconf 88' lang='lat' dir='ltr'><em>Piso</em></span> <span class='ocrx_word' id='word_1_278' title='bbox 1459 2140 1555 2192; x_wconf 86' lang='lat' dir='ltr'><em>(cos.</em></span> <span class='ocrx_word' id='word_1_279' title='bbox 1588 2156 1626 2183; x_wconf 92' lang='lat' dir='ltr'><em>a.</em></span> <span class='ocrx_word' id='word_1_280' title='bbox 1660 2144 1739 2183; x_wconf 78' lang='lat'><em>739</em></span> <span class='ocrx_word' id='word_1_281' title='bbox 1759 2161 1814 2175; x_wconf 74' lang='lat' dir='ltr'><strong><em>z</em></strong></span> <span class='ocrx_word' id='word_1_282' title='bbox 1834 2142 1886 2182; x_wconf 90' lang='grc'><em>15</em></span> <span class='ocrx_word' id='word_1_283' title='bbox 1912 2154 1952 2181; x_wconf 88' lang='lat' dir='ltr'><em>a.</em></span> <span class='ocrx_word' id='word_1_284' title='bbox 1982 2138 2046 2193; x_wconf 82' lang='lat' dir='ltr'><em>G.)</em></span> 
     </span>
     <span class='ocr_line' id='line_1_29' title="bbox 326 2208 2048 2265; baseline -0.001 -14"><span class='ocrx_word' id='word_1_285' title='bbox 326 2213 365 2252; x_wconf 92' lang='lat' dir='ltr'><em>et</em></span> <span class='ocrx_word' id='word_1_286' title='bbox 394 2211 551 2252; x_wconf 90' lang='lat' dir='ltr'><em>Lamia</em></span> <span class='ocrx_word' id='word_1_287' title='bbox 582 2215 679 2265; x_wconf 89' lang='lat' dir='ltr'><em>(cos.</em></span> <span class='ocrx_word' id='word_1_288' title='bbox 711 2225 750 2252; x_wconf 93' lang='lat' dir='ltr'><em>a.</em></span> <span class='ocrx_word' id='word_1_289' title='bbox 785 2213 863 2253; x_wconf 80' lang='lat'><em>756</em></span> <span class='ocrx_word' id='word_1_290' title='bbox 884 2231 938 2244; x_wconf 85' lang='lat'>=</span> <span class='ocrx_word' id='word_1_291' title='bbox 962 2214 989 2251; x_wconf 84' lang='lat'><em>3</em></span> <span class='ocrx_word' id='word_1_292' title='bbox 1011 2226 1059 2265; x_wconf 91' lang='lat' dir='ltr'><em>p.</em></span> <span class='ocrx_word' id='word_1_293' title='bbox 1089 2210 1165 2264; x_wconf 78' lang='grc'><em>0.),</em></span> <span class='ocrx_word' id='word_1_294' title='bbox 1199 2211 1271 2263; x_wconf 77' lang='lat' dir='ltr'><em>qui</em></span> <span class='ocrx_word' id='word_1_295' title='bbox 1300 2213 1396 2252; x_wconf 90' lang='lat' dir='ltr'><em>ante</em></span> <span class='ocrx_word' id='word_1_296' title='bbox 1425 2209 1598 2251; x_wconf 81' lang='lat' dir='ltr'><em>Cossum</em></span> <span class='ocrx_word' id='word_1_297' title='bbox 1626 2210 1746 2259; x_wconf 73' lang='lat' dir='ltr'><em>urbis</em></span> <span class='ocrx_word' id='word_1_298' title='bbox 1767 2208 2048 2262; x_wconf 76' lang='lat' dir='ltr'><em>praefectura</em></span> 
     </span>
     <span class='ocr_line' id='line_1_30' title="bbox 325 2275 2049 2333; baseline -0.002 -13"><span class='ocrx_word' id='word_1_299' title='bbox 325 2279 463 2331; x_wconf 83' lang='lat' dir='ltr'><em>functi</em></span> <span class='ocrx_word' id='word_1_300' title='bbox 480 2282 590 2328; x_wconf 86' lang='lat' dir='ltr'><em>sunt,</em></span> <span class='ocrx_word' id='word_1_301' title='bbox 623 2279 801 2333; x_wconf 73' lang='lat' dir='ltr'><em>triqinta</em></span> <span class='ocrx_word' id='word_1_302' title='bbox 821 2279 910 2332; x_wconf 80' lang='lat' dir='ltr'><em>fere</em></span> <span class='ocrx_word' id='word_1_303' title='bbox 932 2280 1056 2320; x_wconf 89' lang='lat' dir='ltr'><em>annis</em></span> <span class='ocrx_word' id='word_1_304' title='bbox 1077 2282 1178 2332; x_wconf 91' lang='lat' dir='ltr'><em>post</em></span> <span class='ocrx_word' id='word_1_305' title='bbox 1204 2278 1465 2320; x_wconf 88' lang='lat' dir='ltr'><em>consulatum</em></span> <span class='ocrx_word' id='word_1_306' title='bbox 1497 2277 1555 2319; x_wconf 92' lang='lat' dir='ltr'><em>ad</em></span> <span class='ocrx_word' id='word_1_307' title='bbox 1582 2277 1627 2319; x_wconf 91' lang='lat' dir='ltr'><em>id</em></span> <span class='ocrx_word' id='word_1_308' title='bbox 1657 2277 1817 2319; x_wconf 91' lang='lat' dir='ltr'><em>culmen</em></span> <span class='ocrx_word' id='word_1_309' title='bbox 1844 2275 2049 2318; x_wconf 77' lang='lat' dir='ltr'><em>honorum</em></span> 
     </span>
     <span class='ocr_line' id='line_1_31' title="bbox 327 2344 2046 2400; baseline -0.001 -12"><span class='ocrx_word' id='word_1_310' title='bbox 327 2347 488 2388; x_wconf 77' lang='lat' dir='ltr'><em>ordinis</em></span> <span class='ocrx_word' id='word_1_311' title='bbox 507 2348 714 2388; x_wconf 86' lang='lat' dir='ltr'><em>senatorii</em></span> <span class='ocrx_word' id='word_1_312' title='bbox 725 2350 1015 2400; x_wconf 82' lang='lat' dir='ltr'><em>pervenerunt.</em></span> <span class='ocrx_word' id='word_1_313' title='bbox 1047 2346 1280 2400; x_wconf 87' lang='lat' dir='ltr'><em>Perperam</em></span> <span class='ocrx_word' id='word_1_314' title='bbox 1303 2349 1442 2387; x_wconf 87' lang='lat' dir='ltr'><em>autem</em></span> <span class='ocrx_word' id='word_1_315' title='bbox 1460 2345 1672 2399; x_wconf 73' lang='lat' dir='ltr'><em>Boryhesi</em></span> <span class='ocrx_word' id='word_1_316' title='bbox 1686 2359 1778 2399; x_wconf 89' lang='lat' dir='ltr'><em>opp.</em></span> <span class='ocrx_word' id='word_1_317' title='bbox 1796 2344 1884 2387; x_wconf 89' lang='lat' dir='ltr'><em>III</em></span> <span class='ocrx_word' id='word_1_318' title='bbox 1888 2359 1937 2398; x_wconf 87' lang='lat' dir='ltr'><em>p.</em></span> <span class='ocrx_word' id='word_1_319' title='bbox 1949 2346 2046 2394; x_wconf 78' lang='grc'><em>324,</em></span> 
     </span>
     <span class='ocr_line' id='line_1_32' title="bbox 327 2411 2049 2469; baseline -0.001 -13"><span class='ocrx_word' id='word_1_320' title='bbox 327 2415 359 2456; x_wconf 88' lang='lat' dir='ltr'><em>I</em></span> <span class='ocrx_word' id='word_1_321' title='bbox 358 2414 407 2456; x_wconf 94' lang='lat' dir='ltr'><strong>X</strong></span> <span class='ocrx_word' id='word_1_322' title='bbox 413 2429 461 2468; x_wconf 90' lang='lat' dir='ltr'><em>p.</em></span> <span class='ocrx_word' id='word_1_323' title='bbox 478 2418 563 2457; x_wconf 86' lang='grc'><em>260</em></span> <span class='ocrx_word' id='word_1_324' title='bbox 581 2415 629 2457; x_wconf 84' lang='grc' dir='ltr'><em>0ῖο</em></span> <span class='ocrx_word' id='word_1_325' title='bbox 640 2418 770 2469; x_wconf 86' lang='lat' dir='ltr'><em>patre</em></span> <span class='ocrx_word' id='word_1_326' title='bbox 792 2416 973 2469; x_wconf 76' lang='lat' dir='ltr'><em>coyitari</em></span> <span class='ocrx_word' id='word_1_327' title='bbox 984 2428 1109 2469; x_wconf 86' lang='lat' dir='ltr'><em>posse</em></span> <span class='ocrx_word' id='word_1_328' title='bbox 1129 2415 1309 2468; x_wconf 73' lang='lat' dir='ltr'><em>neyavit,</em></span> <span class='ocrx_word' id='word_1_329' title='bbox 1332 2428 1425 2456; x_wconf 88' lang='lat' dir='ltr'><em>cum</em></span> <span class='ocrx_word' id='word_1_330' title='bbox 1435 2414 1569 2467; x_wconf 88' lang='lat' dir='ltr'><em>plane</em></span> <span class='ocrx_word' id='word_1_331' title='bbox 1591 2413 1862 2467; x_wconf 81' lang='lat' dir='ltr'><em>confunderet</em></span> <span class='ocrx_word' id='word_1_332' title='bbox 1878 2411 2049 2455; x_wconf 76' lang='lat' dir='ltr'><em>Gnaeos</em></span> 
     </span>
     <span class='ocr_line' id='line_1_33' title="bbox 326 2482 791 2525; baseline 0.002 -1"><span class='ocrx_word' id='word_1_333' title='bbox 326 2486 365 2524; x_wconf 88' lang='lat' dir='ltr'><em>et</em></span> <span class='ocrx_word' id='word_1_334' title='bbox 401 2482 549 2525; x_wconf 76' lang='grc'><em>003303</em></span> <span class='ocrx_word' id='word_1_335' title='bbox 578 2483 791 2525; x_wconf 86' lang='lat' dir='ltr'><em>Lentulos.</em></span> 
     </span>
    </p>

    <p class='ocr_par' dir='ltr' id='par_1_6' title="bbox 327 2547 2047 2671">
     <span class='ocr_line' id='line_1_34' title="bbox 386 2547 2047 2604; baseline -0.001 -13"><span class='ocrx_word' id='word_1_336' title='bbox 386 2579 388 2582; x_wconf 34' lang='lat' dir='ltr'>v</span> <span class='ocrx_word' id='word_1_337' title='bbox 412 2550 536 2592; x_wconf 86' lang='lat' dir='ltr'><em>Filii:</em></span> <span class='ocrx_word' id='word_1_338' title='bbox 559 2551 717 2593; x_wconf 83' lang='lat' dir='ltr'><em>Cossus</em></span> <span class='ocrx_word' id='word_1_339' title='bbox 741 2551 967 2594; x_wconf 87' lang='lat' dir='ltr'><em>Cornelius</em></span> <span class='ocrx_word' id='word_1_340' title='bbox 990 2551 1199 2593; x_wconf 87' lang='lat' dir='ltr'><em>Lentulus</em></span> <span class='ocrx_word' id='word_1_341' title='bbox 1221 2565 1305 2592; x_wconf 87' lang='lat' dir='ltr'><em>cos.</em></span> <span class='ocrx_word' id='word_1_342' title='bbox 1329 2566 1366 2594; x_wconf 84' lang='lat' dir='ltr'><em>a.</em></span> <span class='ocrx_word' id='word_1_343' title='bbox 1389 2551 1455 2604; x_wconf 81' lang='lat'><em>25,</em></span> <span class='ocrx_word' id='word_1_344' title='bbox 1489 2549 1567 2593; x_wconf 90' lang='lat' dir='ltr'><em>Cn.</em></span> <span class='ocrx_word' id='word_1_345' title='bbox 1591 2548 1815 2592; x_wconf 88' lang='lat' dir='ltr'><em>Cornelius</em></span> <span class='ocrx_word' id='word_1_346' title='bbox 1836 2547 2047 2590; x_wconf 85' lang='lat' dir='ltr'><em>Lentulus</em></span> 
     </span>
     <span class='ocr_line' id='line_1_35' title="bbox 327 2617 1849 2671; baseline -0.002 -10"><span class='ocrx_word' id='word_1_347' title='bbox 327 2619 579 2661; x_wconf 82' lang='lat' dir='ltr'><em>Gaetulicus</em></span> <span class='ocrx_word' id='word_1_348' title='bbox 609 2634 693 2663; x_wconf 89' lang='lat' dir='ltr'><em>cos.</em></span> <span class='ocrx_word' id='word_1_349' title='bbox 724 2635 762 2662; x_wconf 90' lang='lat' dir='ltr'><em>a.</em></span> <span class='ocrx_word' id='word_1_350' title='bbox 791 2622 859 2662; x_wconf 82' lang='lat'><em>26.</em></span> <span class='ocrx_word' id='word_1_351' title='bbox 890 2645 946 2648; x_wconf 97' lang='lat'><strong>—</strong></span> <span class='ocrx_word' id='word_1_352' title='bbox 978 2619 1149 2662; x_wconf 83' lang='lat' dir='ltr'><em>Subieci</em></span> <span class='ocrx_word' id='word_1_353' title='bbox 1178 2622 1352 2661; x_wconf 84' lang='lat' dir='ltr'><em>stemma</em></span> <span class='ocrx_word' id='word_1_354' title='bbox 1381 2618 1576 2671; x_wconf 80' lang='lat' dir='ltr'><em>familiae</em></span> <span class='ocrx_word' id='word_1_355' title='bbox 1604 2617 1849 2660; x_wconf 82' lang='lat' dir='ltr'><em>Cossorum:</em></span> 
     </span>
    </p>
   </div>
   <div class='ocr_carea' id='block_1_4' title="bbox 825 2707 1448 2790">
    <p class='ocr_par' dir='ltr' id='par_1_7' title="bbox 825 2707 1448 2790">
     <span class='ocr_line' id='line_1_36' title="bbox 825 2707 1448 2745; baseline -0.006 0"><span class='ocrx_word' id='word_1_356' title='bbox 825 2708 891 2745; x_wconf 87' lang='lat' dir='ltr'><em>Cn.</em></span> <span class='ocrx_word' id='word_1_357' title='bbox 916 2708 1115 2744; x_wconf 86' lang='lat' dir='ltr'><em>Cornelius</em></span> <span class='ocrx_word' id='word_1_358' title='bbox 1140 2708 1184 2743; x_wconf 92' lang='lat' dir='ltr'><em>L.</em></span> <span class='ocrx_word' id='word_1_359' title='bbox 1209 2707 1234 2743; x_wconf 88' lang='lat' dir='ltr'><em>f.</em></span> <span class='ocrx_word' id='word_1_360' title='bbox 1259 2707 1448 2742; x_wconf 86' lang='lat' dir='ltr'><em>Lentulus</em></span> 
     </span>
     <span class='ocr_line' id='line_1_37' title="bbox 977 2754 1307 2790; baseline -0.006 -1"><span class='ocrx_word' id='word_1_361' title='bbox 977 2766 1047 2789; x_wconf 86' lang='lat' dir='ltr'><em>cos.</em></span> <span class='ocrx_word' id='word_1_362' title='bbox 1072 2767 1106 2789; x_wconf 87' lang='lat' dir='ltr'><em>a.</em></span> <span class='ocrx_word' id='word_1_363' title='bbox 1135 2758 1183 2790; x_wconf 83' lang='lat'><em>18</em></span> <span class='ocrx_word' id='word_1_364' title='bbox 1207 2756 1240 2789; x_wconf 71' lang='grc' dir='ltr'><em>α.</em></span> <span class='ocrx_word' id='word_1_365' title='bbox 1271 2754 1307 2788; x_wconf 78' lang='lat' dir='ltr'><em>C.</em></span> 
     </span>
    </p>
   </div>
   <div class='ocr_carea' id='block_1_5' title="bbox 717 2832 1576 2876">
    <p class='ocr_par' dir='ltr' id='par_1_8' title="bbox 717 2832 1576 2876">
     <span class='ocr_line' id='line_1_38' title="bbox 717 2832 1576 2876; baseline -0.001 -8"><span class='ocrx_word' id='word_1_366' title='bbox 717 2833 855 2869; x_wconf 84' lang='lat' dir='ltr'><em>Cossus</em></span> <span class='ocrx_word' id='word_1_367' title='bbox 881 2833 1080 2869; x_wconf 81' lang='lat' dir='ltr'><em>Cornelius</em></span> <span class='ocrx_word' id='word_1_368' title='bbox 1106 2833 1294 2868; x_wconf 87' lang='lat' dir='ltr'><em>Lentulus</em></span> <span class='ocrx_word' id='word_1_369' title='bbox 1322 2832 1576 2876; x_wconf 83' lang='lat' dir='ltr'><em>(Gaetulicus)</em></span> 
     </span>
    </p>
   </div>
   <div class='ocr_carea' id='block_1_6' title="bbox 995 2879 1295 2957">
    <p class='ocr_par' dir='ltr' id='par_1_9' title="bbox 995 2879 1295 2957">
     <span class='ocr_line' id='line_1_39' title="bbox 995 2879 1295 2957; baseline -0.003 -43"><span class='ocrx_word' id='word_1_370' title='bbox 995 2891 1063 2915; x_wconf 78' lang='lat' dir='ltr'><em>eos,</em></span> <span class='ocrx_word' id='word_1_371' title='bbox 1089 2891 1120 2914; x_wconf 89' lang='lat' dir='ltr'><em>a.</em></span> <span class='ocrx_word' id='word_1_372' title='bbox 1139 2883 1166 2957; x_wconf 69' lang='grc'><em>11</em></span> <span class='ocrx_word' id='word_1_373' title='bbox 1196 2891 1228 2914; x_wconf 90' lang='lat' dir='ltr'><em>a.</em></span> <span class='ocrx_word' id='word_1_374' title='bbox 1256 2879 1295 2913; x_wconf 87' lang='lat' dir='ltr'><em>C.</em></span> 
     </span>
    </p>
   </div>
   <div class='ocr_carea' id='block_1_7' title="bbox 330 2966 1953 3082">
    <p class='ocr_par' dir='ltr' id='par_1_10' title="bbox 330 2966 1953 3082">
     <span class='ocr_line' id='line_1_40' title="bbox 330 2966 1953 3028; baseline -0.001 -1"><span class='ocrx_word' id='word_1_375' title='bbox 330 2966 467 3027; x_wconf 57' lang='lat' dir='ltr'><em>C-ossus</em></span> <span class='ocrx_word' id='word_1_376' title='bbox 495 2991 693 3028; x_wconf 85' lang='lat' dir='ltr'><em>Cornelius</em></span> <span class='ocrx_word' id='word_1_377' title='bbox 717 2992 905 3027; x_wconf 89' lang='lat' dir='ltr'><em>Lentulus</em></span> <span class='ocrx_word' id='word_1_378' title='bbox 1193 2991 1259 3027; x_wconf 90' lang='lat' dir='ltr'><em>Cn.</em></span> <span class='ocrx_word' id='word_1_379' title='bbox 1288 2991 1487 3026; x_wconf 85' lang='lat' dir='ltr'><em>Cornelius</em></span> <span class='ocrx_word' id='word_1_380' title='bbox 1512 2990 1701 3025; x_wconf 89' lang='lat' dir='ltr'><em>Lentulus</em></span> <span class='ocrx_word' id='word_1_381' title='bbox 1728 2989 1953 3026; x_wconf 83' lang='lat' dir='ltr'><em>Gaetulicus</em></span> 
     </span>
     <span class='ocr_line' id='line_1_41' title="bbox 461 3036 1728 3082; baseline -0.001 -9"><span class='ocrx_word' id='word_1_382' title='bbox 461 3049 531 3073; x_wconf 89' lang='grc'><em>003.</em></span> <span class='ocrx_word' id='word_1_383' title='bbox 557 3050 590 3072; x_wconf 91' lang='lat' dir='ltr'><em>a.</em></span> <span class='ocrx_word' id='word_1_384' title='bbox 614 3041 661 3074; x_wconf 87' lang='grc'><em>25</em></span> <span class='ocrx_word' id='word_1_385' title='bbox 681 3050 719 3082; x_wconf 81' lang='lat' dir='ltr'><em>p.</em></span> <span class='ocrx_word' id='word_1_386' title='bbox 745 3038 781 3073; x_wconf 81' lang='grc' dir='ltr'><em>Ο.</em></span> <span class='ocrx_word' id='word_1_387' title='bbox 1404 3048 1473 3072; x_wconf 86' lang='grc'><em>003.</em></span> <span class='ocrx_word' id='word_1_388' title='bbox 1500 3049 1533 3072; x_wconf 90' lang='lat' dir='ltr'><em>a.</em></span> <span class='ocrx_word' id='word_1_389' title='bbox 1557 3039 1604 3073; x_wconf 81' lang='lat'><em>26</em></span> <span class='ocrx_word' id='word_1_390' title='bbox 1624 3048 1663 3080; x_wconf 85' lang='lat' dir='ltr'><em>p.</em></span> <span class='ocrx_word' id='word_1_391' title='bbox 1693 3036 1728 3072; x_wconf 88' lang='lat' dir='ltr'><em>C.</em></span> 
     </span>
    </p>
   </div>
   <div class='ocr_carea' id='block_1_8' title="bbox 335 3083 1561 3141">
    <p class='ocr_par' dir='ltr' id='par_1_11' title="bbox 335 3083 1561 3150">
     <span class='ocr_line' id='line_1_42' title="bbox 335 3083 1561 3141; baseline 0 0"><span class='ocrx_word' id='word_1_392' title='bbox 335 3105 474 3141; x_wconf 88' lang='lat' dir='ltr'><em>Cossus</em></span> <span class='ocrx_word' id='word_1_393' title='bbox 499 3083 696 3140; x_wconf 65' lang='lat' dir='ltr'><em>Cornelius</em></span> <span class='ocrx_word' id='word_1_394' title='bbox 720 3105 909 3141; x_wconf 86' lang='lat' dir='ltr'><em>Lentulus</em></span> <span class='ocrx_word' id='word_1_395' title='bbox 1560 3087 1561 3140; x_wconf 65' lang='lat' dir='ltr'><em>l</em></span> 
     </span>
    </p>
   </div>
   <div class='ocr_carea' id='block_1_9' title="bbox 466 3151 1562 3203">
    <p class='ocr_par' dir='ltr' id='par_1_12' title="bbox 466 3151 1562 3203">
     <span class='ocr_line' id='line_1_43' title="bbox 466 3151 1562 3203; baseline -0.002 -17"><span class='ocrx_word' id='word_1_396' title='bbox 466 3163 535 3187; x_wconf 89' lang='grc'><em>003.</em></span> <span class='ocrx_word' id='word_1_397' title='bbox 561 3164 593 3186; x_wconf 91' lang='lat' dir='ltr'><em>a.</em></span> <span class='ocrx_word' id='word_1_398' title='bbox 619 3155 665 3187; x_wconf 89' lang='lat'><em>60</em></span> <span class='ocrx_word' id='word_1_399' title='bbox 689 3164 727 3196; x_wconf 82' lang='lat' dir='ltr'><em>p.</em></span> <span class='ocrx_word' id='word_1_400' title='bbox 759 3152 796 3186; x_wconf 83' lang='lat' dir='ltr'><em>G.</em></span> <span class='ocrx_word' id='word_1_401' title='bbox 1560 3151 1562 3203; x_wconf 70' lang='lat' dir='ltr'><em>i</em></span> 
     </span>
    </p>
   </div>
   <div class='ocr_carea' id='block_1_10' title="bbox 241 3227 2032 3424">
    <p class='ocr_par' dir='ltr' id='par_1_13' title="bbox 241 3227 2032 3424">
     <span class='ocr_line' id='line_1_44' title="bbox 241 3227 2020 3289; baseline -0.001 -1"><span class='ocrx_word' id='word_1_402' title='bbox 241 3227 306 3288; x_wconf 36' lang='lat' dir='ltr'><em>Caen.</em></span> <span class='ocrx_word' id='word_1_403' title='bbox 333 3251 530 3288; x_wconf 82' lang='lat' dir='ltr'><em>Cornelius</em></span> <span class='ocrx_word' id='word_1_404' title='bbox 554 3253 651 3288; x_wconf 89' lang='lat' dir='ltr'><em>Len-</em></span> <span class='ocrx_word' id='word_1_405' title='bbox 805 3252 944 3289; x_wconf 89' lang='lat' dir='ltr'><em>Cossus</em></span> <span class='ocrx_word' id='word_1_406' title='bbox 968 3251 1166 3288; x_wconf 89' lang='lat' dir='ltr'><em>Cornelius</em></span> <span class='ocrx_word' id='word_1_407' title='bbox 1317 3251 1364 3286; x_wconf 94' lang='lat' dir='ltr'><em>D.</em></span> <span class='ocrx_word' id='word_1_408' title='bbox 1389 3252 1520 3286; x_wconf 91' lang='lat' dir='ltr'><em>Iunius</em></span> <span class='ocrx_word' id='word_1_409' title='bbox 1547 3251 1699 3286; x_wconf 87' lang='lat' dir='ltr'><em>Silanus</em></span> <span class='ocrx_word' id='word_1_410' title='bbox 1840 3250 2020 3286; x_wconf 81' lang='lat' dir='ltr'><em>Cornelia</em></span> 
     </span>
     <span class='ocr_line' id='line_1_45' title="bbox 270 3294 2032 3333; baseline 0.001 -2"><span class='ocrx_word' id='word_1_411' title='bbox 270 3297 372 3332; x_wconf 89' lang='lat' dir='ltr'><em>tulus</em></span> <span class='ocrx_word' id='word_1_412' title='bbox 398 3298 622 3333; x_wconf 84' lang='lat' dir='ltr'><em>Gaetulicus</em></span> <span class='ocrx_word' id='word_1_413' title='bbox 764 3298 952 3333; x_wconf 90' lang='lat' dir='ltr'><em>Lentulus</em></span> <span class='ocrx_word' id='word_1_414' title='bbox 978 3297 1201 3333; x_wconf 85' lang='lat' dir='ltr'><em>Gaetulicus</em></span> <span class='ocrx_word' id='word_1_415' title='bbox 1397 3297 1620 3333; x_wconf 86' lang='lat' dir='ltr'><em>Gaetulicus</em></span> <span class='ocrx_word' id='word_1_416' title='bbox 1829 3294 2032 3332; x_wconf 84' lang='lat' dir='ltr'><em>Gaetulica</em></span> 
     </span>
     <span class='ocr_line' id='line_1_46' title="bbox 296 3345 1699 3424; baseline -0.003 1"><span class='ocrx_word' id='word_1_417' title='bbox 296 3355 365 3379; x_wconf 44' lang='lat' dir='ltr'><strong>cos·</strong></span> <span class='ocrx_word' id='word_1_418' title='bbox 391 3355 423 3378; x_wconf 43' lang='lat' dir='ltr'><em>a·</em></span> <span class='ocrx_word' id='word_1_419' title='bbox 442 3346 485 3379; x_wconf 76' lang='lat'><em>55</em></span> <span class='ocrx_word' id='word_1_420' title='bbox 505 3356 543 3388; x_wconf 47' lang='lat' dir='ltr'><em>p·</em></span> <span class='ocrx_word' id='word_1_421' title='bbox 562 3345 598 3378; x_wconf 50' lang='lat' dir='ltr'><em>C·</em></span> <span class='ocrx_word' id='word_1_422' title='bbox 889 3345 1064 3424; x_wconf 81' lang='lat' dir='ltr'><em>Conielia</em></span> <span class='ocrx_word' id='word_1_423' title='bbox 1314 3387 1363 3424; x_wconf 95' lang='lat' dir='ltr'><em>M.</em></span> <span class='ocrx_word' id='word_1_424' title='bbox 1389 3345 1520 3423; x_wconf 58' lang='lat' dir='ltr'><em>Iuniul</em></span> <span class='ocrx_word' id='word_1_425' title='bbox 1545 3387 1699 3424; x_wconf 85' lang='lat' dir='ltr'><em>Silanus</em></span> 
     </span>
    </p>
   </div>
   <div class='ocr_carea' id='block_1_11' title="bbox 833 3435 1108 3480">
    <p class='ocr_par' dir='ltr' id='par_1_14' title="bbox 833 3435 1108 3480">
     <span class='ocr_line' id='line_1_47' title="bbox 833 3435 1108 3480; baseline -0.004 -9"><span class='ocrx_word' id='word_1_426' title='bbox 833 3436 930 3480; x_wconf 73' lang='lat' dir='ltr'><em>viryo</em></span> <span class='ocrx_word' id='word_1_427' title='bbox 955 3435 1108 3470; x_wconf 82' lang='lat' dir='ltr'><em>Vestalis</em></span> 
     </span>
    </p>
   </div>
  </div>
 </body>
</html>
