2202 3730
147 306 427 343 CORNELIVS
1009 302 1088 344 461
1665 306 1945 342 CORNELIVS

231 438 420 493 ἀρχιερέα
450 440 514 480 καὶ
545 439 751 495 ἐπίτροπον
784 437 984 495 Καίσαρος
1018 439 1048 481 Γ
1051 457 1084 482 ν.
1117 437 1336 495 Κορνήλιος
1366 440 1556 484 Φιλίσκος
1584 440 1652 480 τὸν
1681 438 1799 480 αὑτοῦ
1831 438 1945 494 φίλον

230 507 451 562 ψηφίσματι
484 508 640 564 βουλῆς.

311 573 482 616 Boeckh
498 590 548 629 p.
563 578 649 618 592
671 575 901 617 Pulchrum
913 579 1014 629 post
1035 576 1297 617 tribunatum
1319 575 1613 617 ‘duumvirum'
1633 577 1765 630 fuisse
1784 577 1946 626 statuit,

227 657 480 696 quamquam
519 643 658 696 qualis
695 644 763 685 hic
804 644 996 685 duumvir
1033 644 1102 693 sit,
1142 657 1186 686 36
1213 644 1373 686 nescire
1391 644 1640 698 profitetur5
1670 648 1823 699 postea
1844 658 1948 698 pro-

224 715 469 764 praetorem
507 711 600 766 (sic)
634 712 840 762 Achaiae,
881 713 1043 766 factum
1083 725 1189 762 esse,
1231 726 1309 765 quo
1348 726 1517 754 munere
1557 726 1650 754 cum
1687 713 1947 766 funyeretur,

228 794 421 822 annonae
459 783 694 822 curatorem
738 782 784 822 in'
821 780 1015 833 Achaia,
1060 780 1254 822 ludorum
1296 781 1589 834 ayonothetam
1633 784 1673 823 ct
1695 835 1703 842 .
1705 784 1950 834 praetorem

226 849 488 902 scribamque
507 847 776 890 Achaeorum
795 849 938 901 fuisse.
983 848 1046 889 At
1064 851 1190 902 patet
1206 848 1315 890 hunc
1339 848 1545 890 hominem
1568 849 1728 890 ordinis
1749 849 1950 902 equestris

224 919 324 969 post
363 916 624 958 tribunatum
665 916 838 971 leq-ionis
879 917 936 962 ad
964 917 1310 970 procurationem
1346 917 1663 970 imperatoriam
1694 917 1947 970 pervenisse,

223 983 401 1026 honores
440 987 579 1026 autem
614 988 653 1026 et
691 999 868 1027 munera
909 986 1051 1026 omnia
1089 985 1254 1038 reliqua
1292 999 1399 1038 quae
1437 988 1723 1027 memorantur
1752 985 1798 1026 in
1827 983 1948 1026 titulo

226 1065 312 1094 esse
341 1052 622 1106 municipalia
650 1052 714 1095 vel
735 1053 1037 1106 provincialia.
1095 1052 1164 1095 Δύ’
1193 1055 1348 1109 ἀνδρῶν
1380 1055 1680 1110 ἀντιστράτηγος
1714 1053 1800 1094 nisi
1829 1052 1947 1094 intel-

226 1120 421 1174 leqendus
448 1122 507 1162 sit
535 1120 778 1176 praefectus
809 1121 1038 1163 duovirum
1071 1121 1280 1174 Corinthi,
1312 1136 1397 1174 qua
1433 1121 1525 1163 alia
1549 1122 1716 1164 ratione
1744 1121 1954 1175 explicari

223 1191 373 1242 possit,
395 1189 580 1242 equidem
600 1204 684 1231 non
704 1190 835 1231 video.
893 1190 1008 1231 Nam
1040 1189 1088 1231 de
1111 1190 1299 1231 ‘duoviro
1321 1204 1406 1243 pro
1427 1193 1643 1243 praetore‘
1670 1189 1853 1244 coqitari
1879 1189 1950 1229 vix

221 1260 386 1311 potest,·
418 1257 603 1300 ‘duoviri
631 1262 868 1312 praetores'
903 1259 1012 1300 enim
1052 1261 1090 1300 et
1121 1259 1421 1312 ‘quattuorviri
1448 1262 1687 1312 praetores‘
1721 1259 1951 1312 (nunquam

230 1333 322 1380 ‘pro
346 1326 582 1380 praetore‘)
602 1326 979 1381 praeter'Italiam
1007 1341 1091 1368 non
1122 1327 1392 1368 inveniuntur
1421 1328 1507 1368 nisi
1534 1328 1580 1368 in
1608 1326 1759 1369 Gallia
1781 1326 1952 1387 Narbo-

224 1395 421 1444 nonensi,
461 1396 508 1437 in
548 1409 632 1449 qua
670 1410 758 1437 una
791 1396 1017 1448 provincia
1047 1395 1237 1437 Romani
1273 1396 1594 1449 maqistratibus
1621 1394 1952 1448 municipalibus

226 1463 444 1516 antiquum
477 1465 716 1517 ‘praetoris’
755 1478 903 1505 nomen
945 1463 1207 1505 indulserunt
1246 1464 1300 1516 cf.
1344 1477 1450 1517 quae
1490 1465 1663 1517 exposui
1702 1463 1952 1517 Philoloqus

229 1531 379 1585 Suppl.
424 1531 491 1573 VI
523 1531 852 1583 (1891—1893)
884 1546 933 1586 p.
965 1535 1059 1575 6¹72.
1127 1531 1328 1574 Coloniae
1369 1535 1507 1574 autem
1550 1531 1799 1574 Corinthum
1840 1546 1951 1573 anno

226 1602 306 1640 710
337 1618 391 1633 =
420 1603 473 1641 44
505 1599 705 1641 deductae
743 1601 1021 1654 mayistratus
1062 1600 1135 1652 qui
1164 1603 1401 1653 praeerant
1426 1600 1524 1642 inde
1554 1601 1608 1642 ab
1640 1601 1762 1642 initio
1791 1613 1952 1654 semper

227 1666 453 1709 ‘duoviros'
479 1668 714 1722 appellatos
745 1681 829 1710 esse
860 1668 1113 1722 confirmant
1142 1669 1304 1709 nummi
1333 1669 1386 1721 cf.
1409 1669 1542 1710 Eckel
1563 1669 1624 1710 II
1629 1683 1676 1722 p.
1693 1671 1778 1711 238
1793 1681 1878 1722 sqq.
1900 1694 1948 1697 —

226 1735 411 1789 Propter
442 1736 561 1778 ludos
589 1740 839 1778 memoratos
866 1737 987 1778 homo
1018 1737 1076 1778 ad
1105 1740 1284 1778 aetatem
1316 1737 1499 1778 Traiani
1527 1737 1590 1778 vel
1610 1736 1835 1779 Hadriani
1851 1751 1951 1790 pcr-

227 1804 360 1846 tincre
388 1804 565 1846 videtur.

309 1870 428 1915 Idem
457 1873 622 1915 videtur
643 1872 870 1916 Cornelius
898 1873 1095 1925 Pulcher,
1130 1874 1199 1915 cui
1228 1873 1449 1915 dedicavit
1470 1872 1730 1915 Plutarchus
1760 1872 1951 1915 libellum

224 1942 479 1997 inscriptum
510 1946 596 1988 πῶς
626 1942 672 1984 ἄν
701 1959 757 1988 τις
786 1941 852 1984 ὑπ’
874 1943 1035 1999 ἐχθρῶν
1068 1943 1289 1998 ὠφέλοιτο;
1321 1957 1372 1984 eat
1393 1942 1603 1995 prooemio
1633 1942 1742 1983 enim
1774 1945 1954 1995 apparet

156 2005 165 2007 -
222 2008 458 2051 Pulchrum
486 2009 690 2052 hominem
722 2011 854 2064 fuisse
883 2011 928 2052 in
958 2011 1082 2053 rebus
1103 2010 1294 2064 publicis
1323 2010 1499 2052 multum
1527 2013 1752 2052 versatum.

141 2077 249 2119 1165
281 2084 324 2121 L.
350 2083 628 2127 CORNELIVS
651 2085 805 2133 PVSIO‚
839 2079 888 2121 L.
911 2079 953 2131 f.,
987 2079 1104 2121 tribu
1126 2078 1237 2128 Gal..
1265 2079 1427 2121 IIIIvir
1448 2081 1617 2120 viarum
1643 2079 1950 2132 curandarum,

226 2145 425 2188 tribunus
454 2146 639 2188 militum
669 2146 851 2201 legionis
879 2148 1017 2189 XIIII
1048 2148 1271 2201 Geminae,
1306 2155 1521 2203 quaestor,
1566 2147 1765 2189 tribunus
1797 2146 1948 2203 plebis,

224 2220 409 2270 praetor,
442 2214 610 2269 legatus
643 2215 831 2270 Augusti
863 2215 1044 2270 legionis
1067 2216 1176 2258 XVI
1209 2215 1322 2267 (ante
1354 2215 1673 2269 Vespasianum)
1703 2218 1729 2258 t.
1761 2216 1953 2257 urbanus

225 2282 449 2325 Ro‘mische
478 2283 806 2337 Mitthcilunyen
836 2287 950 2327 1892
970 2299 1018 2338 p.
1039 2288 1133 2326 199.

143 2351 252 2392 1166
285 2349 512 2393 Cornelius
535 2351 785 2404 Quadratus
814 2356 1071 2394 memoratur
1090 2353 1135 2394 in
1164 2352 1318 2407 fistulis
1337 2353 1516 2393 urbanis
1536 2352 1764 2402 Lamiani,
1797 2352 1951 2407 sylloyc

223 2420 406 2472 aquaria
445 2434 486 2463 n.
517 2424 570 2461 44
611 2418 942 2474 Cornelio(rum)
974 2421 1244 2473 Front(onis)
1276 2428 1319 2461 et
1350 2419 1594 2474 Quadra[ti]
1625 2423 1663 2462 et
1691 2434 1733 2461 n.
1765 2423 1819 2463 45
1847 2419 1951 2462 Cor-

223 2487 475 2542 neli(orum)
507 2489 776 2542 Fronto(nis)
809 2495 851 2530 et
872 2489 1099 2542 Quadrati.
1144 2489 1305 2530 Frater
1323 2488 1489 2530 videtur
1513 2488 1577 2530 M.
1607 2488 1796 2531 Cornelii
1812 2488 1951 2530 Fron-

225 2556 335 2598 tonis
362 2556 564 2607 rhetoris,
602 2558 675 2610 qui
703 2558 874 2611 scripsit
908 2557 957 2599 de
985 2561 1132 2611 nepote
1169 2558 1323 2599 amisso
1357 2571 1403 2610 p.
1433 2560 1518 2599 235
1547 2557 1608 2600 ed.
1643 2557 1815 2599 Naber:
1854 2572 1950 2598 cum

221 2624 357 2666 fratre
387 2626 548 2680 optimo
580 2625 914 2667 concordissime
944 2627 1048 2679 vixi,
1083 2641 1209 2682 quem
1240 2627 1374 2682 patris
1396 2626 1531 2666 vestri
1554 2628 1628 2679 (=
1651 2625 1736 2678 Pii)
1759 2624 1950 2667 bonitate

222 2707 409 2735 summos
427 2693 607 2735 honores
617 2694 937 2749 (consulatum.9)
948 2694 1149 2750 adeptum
1166 2694 1349 2749 gaudeo,
1363 2702 1510 2735 vestra
1521 2708 1625 2735 vero
1643 2694 1833 2736 amicitia
1849 2696 1951 2736 satis

221 2762 414 2817 quietum
428 2768 470 2803 et
485 2761 665 2803 multum
683 2777 883 2804 securum
898 2763 1020 2804 video
1036 2778 1046 2816 3
1055 2766 1284 2816 praeterea
1298 2762 1434 2804 frater
1448 2765 1707 2804 memoratur
1713 2777 1762 2816 p.
1773 2765 1950 2805 32.134.

94 2835 97 2838 “
139 2829 248 2872 1167
281 2835 562 2871 CORNELIVS
603 2836 943 2881 REPENTINVS,
989 2845 1125 2885 gener
1165 2831 1285 2873 Didii
1325 2830 1506 2877 Iuliani,
1545 2846 1675 2886 quem
1715 2832 1950 2886 imperium

225 2897 408 2953 adeptus
438 2899 483 2938 in
510 2897 651 2939 locum
673 2898 914 2955 Sulpiciani
946 2899 1211 2955 praefectum
1246 2899 1341 2941 urbi
1374 2914 1485 2940 anuo
1511 2900 1589 2941 193
1620 2899 1724 2941 fecit
1744 2901 1816 2941 vit.
1839 2899 1945 2942 Did.

221 2966 381 3011 Iulian.
400 2969 439 3015 3,
462 2969 488 3007 6
498 2979 511 3016 ;
540 2969 579 3015 8,
602 2969 640 3008 6.
703 2967 918 3009 Maritum
947 2981 1032 3009 esse
1062 2967 1222 3009 Didiae
1255 2966 1427 3017 Clarae,
1459 2982 1565 3021 quae
1587 2971 1717 3022 patre
1747 2970 1950 3022 reqnantc

218 3033 416 3087 Auqusta
453 3038 701 3088 nuncupata
739 3039 799 3078 est
839 3037 892 3088 cf.
923 3036 1084 3077 Eckhel
1123 3035 1218 3077 VII
1241 3051 1289 3089 p.
1321 3039 1412 3086 151,
1454 3039 1610 3078 certum
1638 3036 1828 3087 videtum
1869 3036 1950 3078 alii

221 3105 359 3144 autem
388 3103 580 3156 coniuqes
610 3103 877 3158 i'ntclleqcndi
904 3107 1002 3146 sunt
1028 3104 1100 3145 vit.
1121 3103 1285 3146 Pertin.
1305 3107 1370 3154 14,
1392 3108 1431 3154 4,
1462 3104 1538 3146 ubi
1556 3103 1719 3146 Didius
1749 3104 1948 3145 Iulianus

219 3170 357 3224 filiam
383 3170 474 3224 filio
502 3171 658 3223 fratris
688 3171 950 3225 despondisse
978 3175 1198 3214 narratur.

136 3238 246 3280 1168
279 3244 388 3280 SEX.
420 3244 701 3280 CORNELIVS
738 3246 1054 3281 REPENTINVS
1093 3241 1166 3293 qui
1205 3243 1243 3281 et
1274 3246 1579 3282 CONTVCGIVS
1613 3244 1872 3282 memoratur
1909 3241 1954 3282 in

218 3306 366 3360 fistula
396 3306 600 3360 plumbea
635 3308 806 3349 urbana
835 3309 1052 3350 Lanciani
1087 3308 1243 3363 sylloqe
1284 3310 1467 3362 aquaria
1496 3324 1538 3351 n.
1561 3313 1646 3351 172
1677 3307 1736 3365 (1)
1769 3313 1808 3351 et
1850 3310 1895 3351 in
1927 3313 1954 3351 t.

223 3374 423 3428 acephalo
455 3375 522 3417 VI
545 3378 652 3418 1564
682 3376 760 3431 (2).
