2176 3750
104 275 285 344 Anrivs
979 303 1032 345 51
1726 306 1908 343 Annrvs

103 438 189 481 390
218 445 260 481 P.
293 443 472 480 ALFIVS
501 444 749 490 MAXIMVS,
779 438 947 494 legatus
967 439 1308 496 (ἡγεμονεύοντος)
1336 437 1534 482 Galatiae
1553 437 1747 493 Auyusto
1771 439 1910 481 nescio

189 521 268 562 quo
288 513 493 564 quartum
523 507 700 550 consule
729 511 987 550 memoratur
1015 508 1062 550 in
1088 511 1115 550 t.
1135 521 1288 562 yraeeo
1308 507 1539 562 Aneyrano
1559 505 1910 562 Archaoloyiseh-

186 575 526 630 Epi'yraphische
559 575 888 630 Mittheilunqen
918 591 958 618 a.
989 576 1121 619 Oestr.
1154 575 1237 618 IX
1253 590 1301 630 p.
1324 579 1403 618 119
1432 589 1474 617 n.
1494 577 1562 619 81.

103 644 183 687 391
216 651 258 688 P.
297 650 477 685 ALFIVS
518 650 748 686 MAXIMVS
789 645 1088 699 NVMER(1vs)
1128 650 1439 698 LIGINIANVS,
1482 644 1532 686 P.
1562 643 1614 698 f.,
1647 643 1767 686 tribu
1796 642 1908 698 Gal„

187 712 303 754 Xvir
333 711 519 754 stlitibus
550 712 814 766 iudicandis,
847 720 1048 769 quaestor
1077 712 1286 766 urbanus,
1319 711 1520 755 tribunus
1551 711 1608 768 pl.
1639 711 1907 767 candidatus,

184 786 358 837 praetor
377 779 671 822 Parthicarius
693 781 793 835 (non
814 784 910 823 ante
925 780 1242 836 Hadrianum),·
1261 787 1385 837 pater
1404 781 1452 823 P.
1469 780 1573 823 Alfii
1587 780 1708 823 Aviti
1728 780 1906 823 Numer.

186 849 374 892 Materni
399 848 461 891 II
471 852 580 891 4110
606 852 634 891 t.
661 849 1002 892 Tarraconensis.
1058 849 1202 892 Potest
1228 849 1339 892 idem
1369 863 1454 892 esse
1478 850 1551 903 qui
1568 849 1803 904 praeeedit.

102 917 185 961 392
213 924 254 962 P.
284 923 464 959 ALFIVS
495 923 693 972 PRIMVS,
724 917 891 972 legatus
922 933 984 974 pr.
1017 933 1081 974 pr.
1109 917 1395 974 (proconsulis
1416 917 1620 970 Achaiae,
1650 922 1699 960 ut
1725 918 1908 974 videtur)

186 987 234 1029 in
263 990 290 1030 t.
313 1000 464 1040 qraeco
493 986 708 1040 Olympico
735 986 991 1041 Archaoloy.
1024 987 1205 1041 Zeituny
1235 989 1347 1029 1877
1365 1001 1414 1041 p.
1434 989 1492 1029 37
1517 1000 1559 1031 n.
1587 989 1657 1030 38.

101 1055 184 1097 393
214 1061 393 1097 ALFIVS
434 1060 689 1096 PROCVLVS
729 1054 900 1109 (ALEIO
938 1069 1023 1109 pro
1058 1061 1208 1097 ALFIO
1249 1054 1476 1110 traditur),
1524 1054 1786 1098 clarissimus
1826 1056 1906 1109 vir,

187 1129 390 1180 quaestor
418 1122 683 1165 kandidatus
715 1122 785 1169 VI
804 1126 920 1167 1335.

112 1218 171 1222 —
212 1201 259 1234 A.
291 1197 512 1234 CAECINA
539 1197 772 1236 ALIENVS.

102 1261 187 1304 394
217 1260 416 1304 Alledius
446 1261 695 1303 nominatur
725 1266 774 1302 ut
802 1260 929 1302 homo
960 1260 1082 1302 dives
1111 1260 1289 1315 gulosus
1318 1260 1508 1304 Juvenal.
1529 1263 1568 1311 5,
1591 1262 1687 1305 118.

102 1330 186 1373 395
215 1328 414 1372 Alledius
435 1327 637 1383 Severus,
669 1342 801 1384 eques
822 1329 1054 1383 Romanus,
1085 1345 1123 1372 a.
1155 1329 1210 1371 49
1240 1328 1386 1371 fratris
1416 1328 1547 1370 filiam
1576 1328 1748 1371 Claudii
1778 1329 1908 1385 impe-

186 1398 341 1439 ratoris
372 1396 618 1453 exemplum
644 1403 816 1438 secutus
836 1397 881 1438 in
902 1397 1219 1439 matrimonium
1241 1397 1368 1439 duxit
1393 1397 1490 1439 Tae.
1513 1411 1553 1439 a.
1573 1400 1642 1447 12,
1666 1400 1704 1448 7,
1736 1397 1908 1440 eandem

185 1480 272 1508 rem
299 1465 466 1508 nomine
496 1465 647 1507 omisso
671 1467 828 1507 narrat
858 1465 976 1507 Suet.
1006 1464 1160 1509 Claud.
1186 1468 1257 1515 27,
1288 1466 1364 1508 ubi
1392 1465 1670 1521 primipilaris
1701 1465 1867 1509 dieitur.

113 1559 167 1564 -—
211 1541 253 1576 P.
285 1539 548 1575 OAECILIVS
579 1538 830 1574 ALLENIVS
861 1539 1080 1574 FAVSTVS
1110 1539 1341 1575 MAXIMVS
1374 1539 1701 1576 SEVERIANVS.

110 1627 167 1633 —-
211 1609 319 1645 SEX.
349 1607 577 1643 PAPINIVS
607 1606 873 1645 ALLENIVS.

98 1672 183 1714 396
211 1676 466 1724 ALLIARIA,
500 1684 613 1711 uxor
643 1669 748 1723 (Ti.)
779 1669 1023 1726 Sempronii
1055 1669 1243 1713 Gracchi
1274 1686 1311 1713 a.
1346 1671 1401 1713 14
1429 1685 1456 1713 a
1485 1670 1659 1713 Tiberio
1691 1671 1906 1715 interfecti

187 1740 287 1783 Tae.
319 1753 358 1783 a.
389 1742 427 1788 1,
453 1740 518 1782 53.

96 1809 179 1852 397
210 1814 274 1851 TI.
303 1812 555 1849 ALLIENVS
589 1812 801 1849 smmws
834 1813 1162 1862 QVINTIANVS,
1194 1807 1397 1850 tribunus
1427 1807 1566 1865 plebis
1596 1823 1633 1852 a.
1665 1809 1719 1852 97
1751 1808 1820 1851 vel
1849 1810 1904 1853 98

183 1875 252 1918 VI
271 1878 352 1919 450
361 1889 375 1928 ,·
404 1876 470 1918 Ti.
504 1875 692 1919 Sicinius
719 1876 786 1918 Ti.
815 1876 843 1918 l.
874 1876 1090 1932 Receptus
1118 1876 1204 1919 ibd.

108 1969 167 1975 —
194 1944 391 2001 (Pontius
419 1943 704 1998 Allifan(ius).

97 2013 180 2056 398
211 2019 255 2064 Q.
290 2018 471 2055 ALLIVS
502 2018 699 2066 BASSVS,
740 2012 887 2055 consul
928 2013 1061 2068 (suff.)
1100 2029 1138 2055 a.
1179 2013 1255 2055 158
1297 2029 1336 2056 a.
1367 2013 1407 2055 d.
1439 2013 1551 2056 VIII
1590 2013 1648 2056 id.
1687 2013 1767 2056 Iul.
1809 2029 1907 2057 cum

183 2080 369 2125 Servilio
399 2080 593 2123 Fabiano
629 2080 730 2135 dipl.
760 2081 848 2125 mit.
879 2081 968 2123 III
991 2081 1037 2124 S.
1060 2080 1254 2123 LXVII.

97 2151 180 2194 399
212 2156 252 2194 C.
282 2155 462 2192 ALLIVS
491 2155 779 2204 FVSCIANVS,
813 2149 859 2192 O.
881 2149 923 2203 f.,
954 2151 1201 2192 nominatur
1227 2151 1338 2192 inter
1358 2153 1568 2204 patronos
1594 2151 1756 2193 ordinis
1786 2164 1905 2194 sena-

183 2218 285 2262 torii
304 2218 468 2273 eolleyii
487 2217 704 2260 cuiusdam
722 2217 927 2261 Ostiensis
942 2232 982 2260 a.
996 2222 1076 2260 140
1090 2218 1170 2260 XI
1175 2218 1306 2261 V246
1323 2222 1349 2260 t.
1371 2218 1587 2270 Ostiensis,
1602 2220 1701 2262 item
1720 2220 1767 2262 in
1786 2220 1906 2275 fray-

182 2289 318 2329 mento
346 2286 436 2328 albi
465 2286 629 2340 eolleyii
658 2286 875 2328 cuiusdam
899 2286 984 2330 ibd.
1006 2290 1092 2329 249
1113 2287 1207 2341 (ubi
1227 2286 1414 2329 traditur
1434 2286 1609 2330 Caelius
1630 2288 1902 2342 Fascianus),

181 2356 280 2398 item
308 2355 419 2396 inter
440 2357 652 2408 patronos
690 2354 853 2396 ordinis
894 2362 1219 2410 corporatorum
1248 2354 1644 2398 lenunculariorum
1674 2355 1904 2398 tabulario-

182 2438 279 2465 rum
307 2422 637 2464 auxiliariorum
657 2421 920 2465 Ostiensium
949 2422 1035 2465 ibd.
1057 2425 1154 2473 250,
1185 2423 1262 2465 ubi
1291 2422 1339 2466 C.
1362 2422 1512 2466 Aleius
1541 2423 1590 2467 C.
1612 2423 1640 2469 f.
1662 2424 1903 2467 Fuscianus

181 2492 228 2534 in
257 2490 399 2545 lapide
428 2493 554 2533 extat.

96 2561 181 2603 400
212 2565 254 2601 C.
284 2565 464 2601 ALLIVS
496 2564 785 2611 FVSCIANVS,
821 2558 989 2613 legatus
1018 2558 1132 2614 Aug.
1162 2575 1225 2616 pr.
1254 2574 1320 2616 pr.
1362 2559 1591 2615 (Arabiae,
1630 2564 1679 2603 ut
1705 2560 1901 2617 videtur),

129 2658 135 2662 -
181 2626 331 2670 consul
360 2627 611 2681 designatus
631 2626 720 2669 III
730 2629 812 2668 118
841 2630 867 2669 t.
897 2626 1156 2678 Gerasanus,
1189 2629 1243 2682 cf.
1266 2642 1347 2671 von
1365 2628 1555 2680 Rohden,
1583 2629 1632 2672 de
1652 2628 1904 2673 Palaestina

180 2700 220 2739 et
247 2695 420 2738 Arabia
441 2710 488 2750 p.
509 2698 575 2739 11.

95 2766 175 2808 401
210 2770 251 2808 C.
281 2770 461 2805 ALLIVS
501 2769 708 2817 FVSCVS,
751 2762 800 2806 O.
841 2763 893 2817 f.,
931 2764 1178 2806 nominatur
1223 2764 1311 2807 loeo
1353 2764 1504 2807 ultimo
1548 2765 1660 2808 inter
1693 2769 1903 2820 patronos

177 2832 339 2875 ordinis
368 2832 574 2874 senatorii
602 2831 768 2886 colleyii
796 2831 1014 2874 cuiusdam
1043 2832 1258 2883 Ostiensis,
1292 2834 1410 2875 euius
1439 2847 1692 2888 quamquam
1718 2837 1816 2876 aeta
1846 2834 1904 2877 ad

181 2916 221 2944 a.
233 2904 313 2942 140
333 2903 534 2954 spectant,
551 2899 758 2954 quaedam
768 2903 919 2953 postea
942 2900 1090 2942 addita
1110 2905 1208 2943 sunt
1221 2901 1348 2944 XIV
1356 2905 1443 2945 246
1463 2905 1491 2944 t.
1510 2902 1726 2947 Ostiensis.
1758 2902 1902 2945 Potest

179 2969 289 3012 idem
318 2981 404 3011 esse
428 2967 569 3010 Allius
599 2969 767 3010 Fuscus
797 2968 1035 3010 consularis
1066 2985 1092 3011 a
1122 2969 1357 3012 Commodo
1389 2971 1518 3026 (post.
1545 2985 1585 3013 a.
1605 2970 1704 3025 189)
1735 2971 1901 3012 occisus

178 3037 249 3079 vit.
276 3035 433 3079 Comm.
465 3040 500 3087 7,
532 3040 570 3079 6.
630 3036 920 3079 Probabiliter
950 3039 1125 3080 coniecit
1153 3038 1322 3081 Dessau
1357 3040 1404 3081 in
1434 3039 1531 3082 albo
1561 3039 1724 3081 ordinis
1754 3053 1902 3095 corpo-

179 3112 372 3147 ratorum
427 3103 823 3146 lenunculariorum
879 3105 1193 3148 tabulariorum
1251 3106 1580 3150 auxiliariorum
1636 3106 1900 3150 Ostiensium

178 3188 215 3216 a.
252 3173 351 3227 192,
393 3173 469 3215 ubi
504 3174 676 3215 nomina
706 3174 795 3215 eius
823 3174 897 3226 qui
919 3174 1106 3226 primum
1136 3174 1269 3217 locum
1297 3176 1409 3218 inter
1429 3179 1639 3230 patronos
1668 3176 1901 3219 senatorios

178 3242 427 3292 obtinuerat,
457 3254 582 3283 erasa
610 3244 719 3292 sunt,
750 3242 995 3283 memoriam
1021 3241 1146 3284 huius
1175 3243 1368 3286 damnati
1394 3244 1571 3287 deletam
1602 3257 1698 3287 esse.

92 3310 176 3352 402
205 3316 385 3352 ALLIVS
431 3316 685 3364 MAXIMVS,
732 3311 802 3351 vir
847 3309 1133 3364 clarissimus,
1178 3311 1343 3366 legatus
1395 3313 1602 3355 iuridicus
1652 3313 1899 3369 provinciae

174 3378 412 3435 Hispaniae
442 3378 779 3421 Tarraconensis
810 3392 923 3421 anno
955 3379 1037 3421 280
1067 3379 1130 3422 ΙΙ
1149 3382 1260 3422 3738
1286 3384 1314 3425 t.
1347 3381 1604 3425 Valentinus.

1575 3449 1621 3483 4*
