2202 3730
287 294 531 331 CLAVDIVS
1138 284 1221 327 384
1832 291 2079 328 CLAVDIVS

370 426 491 467 homo
534 424 711 480 Epicuri
751 429 891 465 sectae
929 422 1180 464 Alexandro
1219 420 1542 464 Abonitichitae
1580 422 1766 464 maxime
1804 410 2090 465 adversarius⁴

368 494 547 535 Ducian.
577 491 699 534 Alex.
726 493 795 534 25.
825 494 890 533 43.

286 562 367 604 734
395 562 459 605 Ti.
484 560 689 603 Claudius
710 560 932 614 Livianus,
966 559 1031 600 Ti.
1055 559 1098 613 f.‚
1131 557 1247 600 tribu
1268 558 1454 611 Quirina
1483 558 1730 613 imperatori
1757 558 1934 601 Claudio
1964 559 2081 601 dedi-

367 629 482 670 cavit
513 631 540 670 t.
572 627 859 681 Sidymensem
885 641 1034 681 yraece
1063 627 1265 681 scriptum
1285 625 1520 680 Benndorf,
1550 626 1707 668 Reisen
1734 627 1781 669 in
1804 627 1966 681 Isykien
1993 627 2082 670 wnd

368 697 537 738 Karien
557 710 604 750 p.
626 698 678 738 64
706 710 745 739 n.
763 699 822 738 32
842 696 897 749 cf.
910 710 957 750 p.
979 698 1031 738 63
1057 709 1098 737 n.
1118 698 1185 736 30.
1211 719 1261 724 -
1283 693 1416 737 Pater
1434 694 1498 736 vel
1519 708 1621 737 avus
1640 694 1803 737 videtur
1822 695 1885 739 Ti.
1903 694 2083 738 Claudii

366 764 541 805 Liviani
565 764 638 818 qui
664 764 861 817 sequitur.

283 833 363 875 735
395 833 461 874 Ti.
484 831 692 875 Claudius
713 833 937 876 Livianus.
989 831 1146 874 Tituli:
1176 832 1215 873 ei
1234 831 1402 885 positus
1427 834 1488 873 est
1517 831 1585 873 VI
1596 834 1704 873 1604
1724 829 1795 885 (1),
1825 833 2082 873 memoratur

365 901 411 942 in
441 904 469 946 t.
499 901 608 942 servi
637 900 705 943 VI
724 904 806 943 718
836 899 913 957 (2),
954 901 999 942 in
1029 899 1174 955 fistula
1196 899 1399 954 plumbea
1425 899 1505 942 XI
1509 899 1667 942 V3439
1696 898 1778 954 (3);
1815 898 1873 940 ad
1910 898 2082 941 eumdem

364 969 520 1021 referri
553 972 734 1022 possunt
777 969 939 1023 teyulae
983 967 1286 1010 Praenestinae
1329 967 1455 1010 XIV
1474 970 1595 1018 4090,
1624 970 1678 1008 30
1708 966 1766 1022 (4)
1809 970 1849 1009 et
1890 966 2081 1009 urbanae

363 1036 461 1078 XV
476 1040 565 1079 932
595 1036 668 1091 (5).

450 1105 515 1146 Ti.
549 1104 757 1147 Claudius
798 1105 1007 1147 Livianus
1039 1107 1077 1148 t..
1098 1108 1137 1147 1.
1167 1108 1211 1149 2.
1242 1107 1281 1155 3,
1323 1103 1387 1148 Cl.
1418 1104 1629 1146 Livianus
1666 1106 1695 1146 t.
1724 1106 1763 1145 4.
1793 1105 1832 1154 5,
1874 1102 2081 1146 Claudius

364 1173 574 1215 Livianus
613 1173 701 1215 Dio
732 1176 796 1224 68,
828 1177 877 1225 9;
918 1174 988 1217 vit.
1020 1173 1244 1216 Hadriani
1278 1176 1317 1223 4,
1353 1177 1384 1216 2
1424 1172 1611 1214 traditur
1638 1172 1811 1215 Liviani
1850 1171 2079 1227 Turbonis,

364 1242 546 1283 correxit
578 1242 750 1284 Liviani
780 1248 820 1284 et
850 1241 1067 1284 Turbonis
1096 1241 1144 1285 Ο.
1175 1241 1435 1295 Hirschfeld.

451 1309 702 1352 Praefectus
733 1311 947 1366 praetorio
979 1313 1006 1354 t.
1038 1313 1075 1353 1.
1105 1313 1144 1360 3,
1176 1309 1265 1352 Dio
1296 1309 1322 1352 l.
1352 1309 1404 1361 l.,·
1444 1309 1536 1351 dux
1565 1309 1743 1352 Traiani
1774 1307 1885 1351 bello
1916 1307 2079 1350 Dacico

365 1379 503 1434 primo
533 1377 621 1420 Dio
653 1378 680 1420 l.
712 1378 764 1430 l.,·
802 1386 1066 1420 memoratur
1095 1379 1138 1420 in
1170 1379 1275 1420 viris
1307 1377 1468 1420 ordinis
1500 1377 1724 1434 equestris,
1766 1391 1948 1433 quorum
1978 1377 2080 1418 ami-

363 1447 465 1488 citia
495 1446 744 1489 Hadrianus
785 1453 976 1503 tempore
1014 1446 1114 1489 belli
1145 1446 1336 1489 Parthici
1377 1462 1480 1489 usus
1512 1452 1576 1488 est
1604 1446 1676 1488 vit.
1707 1445 1932 1488 Hadriani
1958 1447 1997 1495 4,
2028 1446 2082 1495 2,·

363 1514 505 1567 itaque
527 1518 623 1557 tunc
644 1530 801 1570 quoque
827 1516 1062 1558 Traianum
1090 1516 1311 1558 comitatus
1340 1529 1426 1557 esse
1451 1514 1627 1557 videtur.
1686 1514 1739 1556 Vt
1765 1516 1874 1556 recte
1905 1513 1963 1556 ad
1990 1527 2082 1556 eum

361 1582 576 1636 referatur
614 1586 641 1626 t.
673 1586 712 1635 5,
754 1583 837 1626 fuit
876 1585 919 1626 in
962 1585 1075 1626 vivis
1115 1599 1227 1626 anno
1262 1585 1356 1627 123.
1395 1609 1450 1612 —
1491 1582 1563 1625 Ex
1597 1582 1779 1637 posteris
1816 1581 1981 1624 videtur
2015 1581 2079 1641 Ti.

363 1649 540 1692 Claudii
568 1651 745 1694 Liviani
770 1653 845 1706 qui
861 1652 1093 1707 praecedit.

278 1718 360 1760 736
391 1726 635 1762 CLAVDIVS
676 1726 923 1776 LVCANVS,
966 1720 1203 1763 consularis
1243 1721 1297 1764 ab
1337 1721 1595 1778 imperatore
1635 1718 1869 1763 Commodo
1913 1718 2080 1760 occisus

361 1787 428 1830 vit.
461 1788 678 1831 Commodi
708 1792 744 1840 7,
777 1793 813 1832 7.

276 1854 356 1897 737
387 1861 440 1897 M.
482 1856 764 1911 CL(AVD1VS)
802 1864 1075 1900 MAGRINIVS
1115 1865 1310 1900 VINDEX
1349 1863 1783 1899 HERMOGENIANVS
1823 1858 2081 1898 memoratur

362 1923 408 1965 in
436 1927 464 1966 t.
498 1924 754 1978 Venafranis
782 1927 928 1968 uxoris
954 1926 1002 1969 X
1027 1929 1135 1969 4861
1165 1926 1222 1982 (1)
1254 1930 1292 1969 et
1323 1926 1533 1968 consoceri
1559 1928 1669 1968 4860
1698 1923 1772 1980 (2).
1804 1950 1853 1953 -
1885 1924 1944 1967 M.
1981 1923 2079 1979 [CL]

362 1991 543 2034 Macrini
574 1993 770 2036 Vindicis
806 1995 1141 2050 Hermogeniani
1174 1998 1202 2038 t.
1233 1998 1271 2046 1,
1314 1994 1378 2038 Cl.
1411 2027 1421 2037 .
1440 2027 1448 2037 .
1468 2027 1477 2037 .
1496 2027 1506 2037 .
1539 1992 1946 2050 [Her]mogenianus
1977 1994 2005 2034 t.
2035 1995 2079 2043 2,

363 2060 426 2102 ita
453 2063 501 2103 ut
528 2075 613 2104 non
642 2066 798 2105 constet
824 2066 968 2106 utrum
998 2063 1233 2106 Macrinius
1265 2078 1322 2106 an
1351 2064 1572 2105 Macrinus
1593 2062 1735 2116 fuerit.
1785 2061 1867 2103 Vir
1896 2059 2079 2122 clarissi-

361 2143 454 2170 mus
485 2131 512 2173 t.
548 2133 581 2172 1.
611 2133 654 2174 2.

446 2196 695 2240 Consularis
733 2202 762 2242 t.
797 2202 836 2250 1,
877 2200 1138 2256 p1·0[consul]
1180 2200 1355 2242 Africae
1395 2202 1423 2244 t.
1450 2203 1494 2243 2.
1542 2224 1592 2229 -
1638 2198 1822 2240 Maritus
1865 2196 2079 2239 Laberiae

362 2265 647 2321 Pompeianae
688 2270 716 2310 t.
749 2271 787 2318 1,
831 2283 1035 2311 consocer
1064 2268 1115 2311 L.
1148 2268 1323 2313 Gabinii
1355 2267 1574 2311 Cosmiani
1611 2270 1639 2309 t.
1669 2269 1708 2308 1.
1739 2269 1771 2309 2
1809 2264 1967 2308 scilicet
1996 2278 2079 2320 per

362 2333 509 2388 filiam,
552 2349 657 2388 quae
694 2337 837 2390 nupsit
873 2336 1060 2379 Gabinio
1091 2337 1232 2392 Aspro
1273 2325 1363 2392 filio
1396 2335 1624 2379 Cosmiani.
1656 2360 1708 2365 —
1739 2334 1812 2377 Ex
1839 2333 2078 2391 nominibus

361 2405 540 2455 apparet
578 2417 670 2445 eum
698 2405 927 2458 parentela
965 2405 1150 2459 quadam
1188 2405 1453 2448 coniunctum
1492 2417 1576 2446 esse
1616 2417 1709 2446 cum
1749 2402 1814 2446 M.
1858 2401 2078 2444 Macrinio

365 2469 536 2513 Vindice
557 2473 777 2526 praefecto
799 2475 1021 2528 praetorio
1051 2475 1127 2516 sub
1150 2474 1214 2516 M.
1236 2473 1415 2516 Aurelio
1441 2476 1481 2516 et
1505 2486 1598 2515 cum
1620 2471 1686 2514 M.
1710 2470 1928 2514 Macrinio
1948 2469 2076 2512 Avito

364 2536 539 2581 Catonio
571 2539 743 2583 Vindice
772 2542 826 2595 cf.
858 2542 976 2595 infra
1008 2542 1068 2584 M
1091 2545 1155 2586 16.
1187 2545 1254 2586 19.

277 2605 358 2647 738
391 2612 633 2649 CLAVDIVS
664 2615 1019 2652 MARCELLINVS
1063 2610 1256 2652 defendit
1295 2611 1340 2652 in
1378 2607 1529 2665 senatu
1567 2607 1767 2651 Flavium
1807 2607 2077 2650 Marcianum

360 2688 394 2715 a.
423 2675 504 2716 100
531 2674 648 2719 Plin.
681 2678 796 2731 epist.
827 2682 869 2728 2,
901 2682 966 2729 11,
995 2682 1059 2721 16.

277 2739 359 2782 739
389 2747 439 2783 M.
473 2749 718 2786 CLAVDIVS
758 2753 1071 2789 MARCELLVS.
1146 2747 1310 2789 Titulus
1347 2747 1436 2789 eius
1474 2745 1759 2800 Pompeianus
1799 2743 1847 2786 X
1878 2746 1965 2787 832
1993 2742 2052 2799 (1)
2062 2755 2077 2794 ,-

359 2814 614 2853 memoratur
632 2813 823 2856 Monum.
841 2815 1000 2870 Anoyr.
1023 2815 1097 2858 lat.
1117 2819 1157 2866 4,
1178 2819 1236 2859 23
1253 2835 1308 2850 2-
1325 2830 1389 2870 9r.
1411 2818 1477 2865 11,
1499 2817 1552 2857 13
1572 2813 1649 2870 (2),
1679 2814 1860 2868 fortasse
1881 2812 2009 2854 etiam
2029 2812 2076 2854 in

362 2879 390 2918 t.
423 2877 564 2920 liberti
596 2879 665 2922 VI
684 2885 833 2925 15038.

446 2946 504 2988 Μ.
528 2946 733 2991 Claudius
759 2950 990 2994 Marcellus
1012 2956 1040 2994 t.
1062 2955 1100 3003 1,
1126 2953 1186 2997 Μ.
1209 2951 1440 2994 Marcellus
1468 2954 1496 2993 t.
1516 2954 1549 2995 2
1569 2951 1657 3001 lat„
1693 2949 1872 2992 Velleius
1891 2952 1934 2999 2,
1954 2951 2018 2998 93,
2034 2950 2073 2997 1,

363 3013 532 3056 Sueton.
559 3016 694 3059 Tiber.
717 3022 782 3069 10,
813 3019 900 3062 Dio
920 3024 986 3071 48,
1006 3024 1074 3071 38,
1106 3024 1284 3064 ceterum
1309 3019 1516 3063 Claudius
1546 3018 1775 3061 Marcellus
1803 3017 1867 3060 vel
1886 3016 2075 3072 plerum-

361 3095 437 3134 que
465 3082 708 3127 Marcellus

446 3150 583 3193 Filius
614 3152 662 3196 C.
694 3153 866 3196 Claudii
894 3157 1084 3199 Marcelli
1118 3161 1146 3200 t.
1175 3161 1213 3208 1,
1253 3157 1474 3199 Plutarch.
1506 3156 1662 3200 Antan.
1690 3158 1758 3206 87,
1794 3154 1990 3198 Marcell.
2019 3156 2074 3195 30

363 3218 434 3271 (cf.
466 3218 623 3262 Anton.
644 3224 709 3271 31,
742 3223 911 3266 Sueton.
935 3225 1053 3270 Caes.
1075 3230 1146 3277 27,
1178 3226 1317 3269 Nicol.
1339 3226 1540 3270 Damaso.
1567 3226 1680 3279 fray.
1702 3227 1782 3266 100
1811 3222 1961 3266 FHG.
1983 3222 2072 3265 III

359 3299 406 3339 p.
427 3286 522 3340 433)
554 3294 596 3329 et
626 3287 832 3332 Octaviae
865 3295 1021 3335 sororis
1053 3294 1242 3349 Augusti
1272 3293 1515 3344 Plutarch„
1554 3292 1731 3335 Velleius
1760 3291 1787 3334 l.
1819 3291 1869 3342 l.,
1901 3290 2073 3334 Sueton.

361 3353 539 3407 Auyust.
569 3360 632 3407 63,
669 3358 758 3401 Dio
784 3361 851 3410 53,
883 3365 954 3412 27,
986 3362 1145 3405 Strabo
1173 3366 1238 3414 14,
1266 3367 1305 3414 5,
1337 3365 1389 3405 14
1419 3378 1469 3418 p.
1501 3365 1592 3412 675,
1634 3361 1795 3406 Seneca
1833 3358 1983 3402 consol.
2015 3356 2074 3400 ad
