2202 3730
95 256 353 298 AVRELIVS
951 254 1034 298 197
1644 260 1896 297 AVRELIVS

97 389 202 434 1211
237 391 487 434 AVRELIVS
515 397 893 434 ARISTOBVLVS..
944 390 1079 434 Tituli
1114 390 1205 434 eius
1231 390 1438 445 Africani
1466 391 1514 433 in
1544 389 1773 446 provincia
1796 406 1901 446 pro-

181 459 398 502 consulari
423 460 582 514 reperti
611 460 733 502 VIII
755 462 847 502 608.
878 463 975 503 624.
1004 462 1123 503 4645.
1152 462 1278 504 5290.
1340 459 1480 503 Plena
1507 460 1680 502 nomina
1709 460 1902 503 exhibent

179 527 243 571 vel
269 527 522 570 exhibebant
546 527 672 578 tituli,
702 531 882 570 ceterum
911 527 1202 571 Aristobulus.
1230 552 1289 558 —
1322 528 1401 571 Vir
1430 527 1694 570 clarissimus
1725 531 1753 572 t.

266 597 348 639 Vir
386 597 588 652 insignis,
630 596 876 652 praefectus
917 599 1134 653 praetorio
1172 596 1274 640 Cari
1304 612 1331 639 a
1358 596 1632 639 Diocletiano
1673 597 1717 639 in
1758 596 1900 639 officio

180 672 373 708 retentus
398 665 553 710 Victor.
578 665 697 708 Caes.
717 668 786 716 39,
807 669 874 708 14.
920 665 1083 709 Consul
1103 681 1142 708 a.
1162 666 1245 708 285
1268 680 1368 708 cum
1390 665 1661 708 Diocletiano
1681 665 1901 708 Ammian.

181 734 427 777 Marcellin.
457 737 528 785 23,
563 737 602 784 1,
639 737 690 786 1,·
728 733 961 791 proconsul
1003 733 1177 776 Africae
1219 735 1333 776 intra
1375 749 1414 777 a.
1454 735 1637 777 294l305
1679 735 1768 786 tit.;
1809 748 1902 777 cum

179 806 339 858 reqeret
367 803 638 857 provinciam
674 803 814 845 nescio
854 817 1001 856 quam,
1039 803 1221 856 fortasse
1260 802 1478 856 Africam,
1522 804 1561 844 ei
1590 803 1904 860 rescripserunt

182 872 463 927 imperatores
494 886 533 913 a.
564 871 647 914 293
678 870 806 913 codex
834 871 1104 913 lastinianus
1130 874 1175 921 2,
1205 874 1270 921 14,
1301 874 1340 913 1.

99 951 208 994 1212
237 950 521 1006 AV[REL]IVS
541 956 916 1000 ARTEMIDORVS,
939 949 1202 992 clarissimus
1229 951 1310 1004 vir,
1332 957 1506 993 curator
1532 949 1644 992 alvei
1666 950 1840 992 Tiberis
1861 956 1905 992 et

182 1019 422 1061 cloacarum
449 1018 568 1061 urbis
598 1033 637 1060 a.
668 1019 752 1060 244
782 1017 850 1060 VI
871 1020 953 1060 863
982 1018 1036 1071 cf.
1068 1018 1183 1062 Add.
1206 1032 1256 1072 p.
1276 1021 1371 1062 839.

98 1093 208 1137 1213
238 1093 297 1136 Μ.
318 1093 522 1135 Aurelius
542 1092 657 1135 Atho
678 1091 921 1147 Marcellus,
944 1093 1013 1133 vir
1033 1093 1246 1147 egregius,
1269 1099 1525 1148 procurator
1543 1091 1686 1147 Augg.
1709 1092 1784 1146 (=
1802 1091 1903 1135 Phi-

180 1161 436 1218 lipporum),
481 1176 655 1217 praeses
696 1160 1012 1211 (Mauretaniae
1050 1159 1384 1214 Caesariensis);
1428 1167 1636 1217 patronus
1680 1160 1903 1217 municipii

182 1229 596 1284 (Lemellefensium)
628 1228 751 1271 VIII
771 1231 883 1271 8809
914 1232 943 1270 t.
974 1228 1300 1282 Lemellefensis.

97 1303 209 1346 1214
238 1303 288 1348 C.
318 1303 525 1346 Aurelius
553 1302 785 1357 Atilianus,
818 1309 1074 1358 procurator
1099 1301 1214 1356 Aug.
1246 1302 1446 1357 (Daciae)
1477 1302 1567 1345 III
1588 1305 1671 1345 853
1700 1305 1729 1345 t.
1757 1302 1906 1358 Napo-

173 1373 326 1421 censis.
387 1371 507 1414 Idem
543 1370 709 1414 videtur
745 1370 951 1413 Aurelius
990 1369 1231 1424 Atilia-nus,
1272 1371 1343 1412 cui
1384 1371 1620 1426 imperator
1658 1370 1905 1413 Antoninus

181 1440 424 1496 rescripsit:
468 1446 657 1496 ‘praeses
702 1438 818 1481 ultra
860 1438 1245 1480 administrationis
1287 1453 1391 1480 suae
1434 1445 1605 1494 tempus
1648 1438 1906 1482 interdicere

180 1508 310 1551 alicui
339 1515 433 1551 arte
462 1523 541 1550 sua
571 1509 634 1550 uti
664 1522 751 1550 non
779 1513 935 1564 potest'
970 1506 1136 1549 Paulus
1163 1505 1329 1561 Diyest.
1356 1508 1424 1557 48,
1455 1509 1523 1558 19,
1553 1508 1620 1549 43.

121 1613 181 1620 ——
208 1595 373 1631 IVLIVS
403 1588 694 1642 AVROELIVS)
722 1593 897 1629 AVXON
927 1592 1198 1629 LEONIDAS.

99 1668 208 1712 1215
237 1667 298 1711 M.
322 1666 526 1710 Aurelius
545 1666 754 1718 Basileus,
785 1668 857 1708 vir
880 1666 1153 1720 ducenarius,
1185 1672 1443 1723 procurator
1470 1668 1650 1709 rationis
1675 1668 1907 1710 castrensis

173 1735 347 1791 publice
375 1735 605 1778 honoratus
629 1750 658 1778 a
688 1735 983 1778 decurionibus
1011 1734 1288 1777 Interamnae
1318 1734 1555 1778 Sucasinac
1579 1735 1628 1778 X
1643 1738 1754 1779 5336
1783 1739 1811 1780 t.
1833 1736 1905 1778 In-

181 1808 408 1847 terwmnas.

99 1885 210 1928 1216
239 1884 444 1927 Aurelius
465 1884 639 1937 Bassus,
661 1883 716 1926 ad
736 1897 865 1940 quem
887 1882 1015 1925 divus
1035 1883 1140 1925 Pius
1159 1882 1424 1938 generaliter
1454 1884 1677 1940 rescripsit
1696 1884 1752 1926 de
1781 1886 1908 1939 tergi-

107 1971 119 1974 ·
179 1954 424 1995 versatione
464 1967 634 2007 eorum,
675 1953 750 2009 qui
789 1951 1043 1994 subvertere
1073 1951 1450 1994 fideicommissam
1488 1951 1738 1995 libertatem
1767 1952 1908 1996 velint

185 2020 395 2076 leianus
437 2020 601 2076 Diqest.
641 2024 722 2071 26,
761 2024 810 2071 4,
847 2023 895 2070 1,
936 2023 980 2062 3.
1059 2019 1267 2062 Fortasse
1314 2020 1592 2074 mayistratus
1642 2020 1799 2075 aliquis
1847 2021 1908 2064 vel

172 2102 363 2145 praeses.

126 2194 183 2201 -—
209 2169 290 2214 Cn.
319 2168 542 2212 Munatius
572 2168 776 2212 Aurelius
806 2169 981 2211 Bassus.

99 2250 208 2293 1217
238 2255 490 2292 AVRELIVS
513 2255 540 2291 C
559 2281 710 2292 ......
722 2281 732 2303 ,
749 2254 924 2290 curator
936 2247 1109 2289 aedium
1125 2246 1415 2302 sac[r(arum)]
1436 2245 1746 2303 [locorumque]
1768 2247 1907 2304 publi-

182 2332 331 2361 corum
352 2318 636 2372 fraymentum
658 2316 774 2359 tituli
790 2316 950 2358 urbani
968 2315 1202 2358 Bullettino
1226 2314 1443 2358 comunale
1463 2317 1572 2357 1880
1591 2330 1641 2369 p.
1662 2318 1721 2358 21
1749 2330 1790 2358 n.
1812 2319 1906 2359 178.

100 2399 209 2442 1218
238 2397 444 2441 Aurelius
466 2396 783 2452 Oa[e]cilianus,
809 2396 1078 2452 praepositus
1097 2394 1373 2450 vectigalium
1394 2393 1604 2445 Boissieu,
1626 2395 1910 2450 Inscriptions

183 2466 234 2509 de
259 2467 382 2521 Iastm
402 2481 449 2521 p.
473 2469 566 2509 272
592 2480 634 2508 n.
654 2467 726 2509 25.

99 2546 209 2589 1219
238 2546 508 2591 P.Aurelius
529 2545 849 2602 Calpurnianus
864 2543 1157 2601 Apollonides.
1194 2543 1360 2586 Titulus
1385 2544 1475 2586 eius
1493 2542 1743 2597 sepulcralis
1760 2557 1910 2598 yracce

182 2616 365 2670 seripms
403 2616 449 2657 in
483 2614 675 2669 Aeyypto
704 2616 895 2668 repertus
924 2612 1064 2655 Revue
1100 2612 1418 2666 archcoloyique
1447 2614 1557 2654 1883
1585 2611 1620 2654 Ι
1634 2626 1682 2666 p.
1709 2615 1799 2655 207
1826 2613 1910 2667 (1);

184 2683 243 2726 ad
279 2683 452 2726 eundem
489 2682 734 2737 referendus
769 2684 830 2724 est
867 2680 1013 2723 titulus
1054 2679 1244 2723 Nicaeae
1282 2679 1515 2734 Bithyniae
1551 2679 1621 2722 01
1622 2679 1663 2722 G
1700 2682 1808 2723 3751
1845 2679 1909 2735 (2)

184 2751 424 2806 acephalus,
453 2751 530 2794 ubi
555 2751 731 2793 nomina
752 2750 987 2804 perierunt.

269 2830 492 2874 Tribunus
527 2830 709 2885 legionis
749 2835 929 2886 quartae
967 2828 1162 2871 decimae
1205 2828 1437 2882 Geminae,
1483 2827 1682 2870 tribunus
1726 2827 1911 2883 legionis

184 2901 337 2943 tertiae
376 2899 569 2941 decimae
610 2898 819 2942 Geminae
859 2897 937 2951 (sic
967 2900 994 2939 t.
1026 2900 1065 2947 1,
1100 2896 1211 2939 male
1240 2897 1287 2938 in
1316 2899 1344 2938 t.
1374 2899 1407 2939 2
1436 2895 1623 2938 traditur
1653 2900 1696 2937 ΙΕ
1718 2910 1806 2950 pro
1835 2897 1908 2951 ΙΓ),

186 2974 440 3026 procurator
470 2967 767 3022 Augustorum
809 2965 904 3019 (τῶν
937 2965 1032 3024 Σεβ.
1063 2964 1187 3007 addit
1225 2967 1253 3007 t.
1282 2965 1332 3019 2)
1369 2963 1538 3008 Galliae
1566 2964 1856 3020 Aquitanicae
1885 2980 1912 3006 a

185 3035 407 3090 censibus,
447 3042 700 3092 procurator
740 3034 931 3076 Moesiae
971 3033 1208 3087 inferioris,
1248 3039 1503 3089 procurator
1541 3032 1773 3087 Thraciae,
1815 3047 1910 3089 pro·

187 3111 361 3147 curator
397 3104 654 3146 ducenarius
685 3104 730 3158 (t.
761 3103 808 3157 2)
838 3101 1084 3144 Dalmatiae
1122 3102 1169 3156 (t.
1199 3105 1237 3144 1.
1268 3100 1316 3156 2)
1348 3107 1391 3143 et
1419 3101 1614 3143 Histriae
1647 3100 1692 3156 (t.
1723 3100 1784 3154 2),
1815 3115 1911 3156 pro-

185 3179 358 3216 curator
382 3172 641 3215 ducenarius
660 3170 949 3227 Ἀλεξανδρείας
966 3174 1035 3213 τοῦ
1056 3171 1153 3212 ἰδίου
1173 3170 1293 3226 λόγου
1324 3172 1352 3212 t.
1377 3172 1409 3212 2
1429 3169 1691 3226 (ἐπί(τροπος)
1714 3168 1910 3226 Αἰγύπτου

187 3242 286 3284 ἰδίου
315 3240 435 3298 λόγου
470 3243 499 3283 t.
530 3241 588 3295 1).
647 3240 772 3283 Vixit
811 3238 1128 3295 quinquaginta
1165 3243 1253 3280 tres
1292 3251 1428 3279 annos
1466 3240 1497 3279 t.
1527 3240 1566 3279 1.
1596 3261 1652 3267 --
1682 3236 1791 3279 Fuit
1827 3250 1908 3278 non

188 3311 285 3352 ante
314 3308 430 3352 divos
455 3308 628 3363 fratres.
