2202 3730
124 285 387 321 ANTISTIVS
1000 276 1056 318 89
1666 278 1737 314 AN
1738 278 1930 314 TISTIVS

208 414 382 466 Arval.,
424 413 574 457 consul
612 430 650 457 a.
677 415 732 457 23
766 428 804 458 v.
833 427 990 468 supra,
1030 412 1269 456 consularis
1308 418 1438 469 atque
1477 409 1717 453 sacerdotio
1757 414 1933 451 ornatus

210 483 390 527 Velleius
411 487 456 534 2,
475 486 546 534 43,
564 486 604 527 3.

125 552 209 595 609
240 558 282 594 G.
312 558 574 594 ANTISTIVS
605 557 788 606 VETVS,
829 551 979 594 consul
1018 567 1056 594 a.
1090 552 1145 595 50
1175 566 1274 593 eum
1303 550 1364 593 M.
1396 548 1549 594 Suillio
1578 547 1817 591 Nerullino.
1878 547 1935 589 In

210 621 451 663 consulatu:
481 619 529 665 C.
561 619 776 662 Antistius
805 620 945 663 Vetus
974 621 1083 674 fasti
1100 619 1320 662 Antiatini
1347 619 1396 661 X
1422 621 1542 668 6638,
1572 617 1680 660 XII
1698 619 1814 660 2234
1845 615 1936 670 (ubi

211 688 399 731 traditur
419 703 649 743 perperam
679 689 840 732 Vetere
871 689 916 731 II
954 689 1137 743 fortasse
1175 687 1286 730 male
1317 688 1466 730 lectum
1487 701 1573 741 pro
1601 686 1699 740 ET),
1735 684 1804 728 VI
1825 687 1933 727 8639

210 759 309 800 115
338 777 394 792 =
422 757 472 799 X
497 760 606 800 6637
641 755 711 810 (ex
737 756 1030 812 restitutione),
1072 756 1122 800 G.
1152 756 1367 799 Antistius
1413 755 1512 799 Tac.
1544 769 1585 797 a.
1616 757 1685 804 12,
1717 756 1786 803 25,
1828 752 1936 795 alibi

210 826 349 869 Vetus
379 826 498 880 fasti.
530 851 583 855 ——
613 825 760 868 Filius
787 825 952 867 violetur
978 824 1026 868 0.
1050 824 1234 867 Antistii
1262 824 1421 867 Veteris
1450 823 1633 866 consulis
1662 837 1702 866 a.
1723 825 1782 866 23
1798 837 1848 876 p.
1871 820 1933 871 G„

206 898 338 949 pater
367 894 551 937 consulis
581 909 621 938 a.
651 898 718 944 96,
746 895 821 948 qui
848 894 1047 948 sequitur.

125 963 210 1006 610
241 969 282 1005 C.
322 969 585 1005 ANTISTIVS
626 969 809 1017 VETVS,
849 961 999 1004 consul
1040 978 1079 1004 a.
1105 963 1161 1004 96
1202 976 1301 1004 eum
1342 963 1393 1004 Τ.
1429 960 1593 1003 Manlio
1623 959 1820 1003 Valente.
1880 959 1936 1001 In

211 1031 458 1074 consulatu:
488 1031 537 1076 O.
559 1031 778 1075 Antistius
799 1031 939 1074 Vetus
966 1032 1034 1074 VI
1046 1034 1196 1081 17707,
1228 1032 1292 1073 tit.
1324 1032 1370 1072 in
1400 1045 1504 1085 ayro
1524 1030 1719 1072 Romano
1748 1030 1939 1082 repertus

211 1100 435 1143 Romische
465 1100 794 1155 Mittheilunyen
819 1102 930 1142 1886
960 1115 1008 1154 p.
1039 1102 1126 1143 128
1135 1113 1148 1151 ;
1187 1099 1237 1142 O.
1269 1098 1484 1141 Antistius
1514 1098 1602 1141 Dio
1633 1101 1699 1147 67,
1733 1099 1798 1146 14,
1831 1095 1939 1137 alibi

211 1169 348 1212 Vetus
378 1169 496 1222 fasti.
519 1193 571 1198 —-
593 1168 738 1210 Filius
766 1168 932 1211 videtur
960 1168 1142 1211 consulis
1166 1167 1424 1223 coynominis
1452 1182 1492 1211 a.
1512 1170 1582 1217 50,
1610 1167 1685 1220 qui
1701 1163 1935 1220 praecedit.

126 1237 206 1280 611
240 1244 286 1279 L.
317 1243 581 1279 ANTISTIVS
612 1243 796 1291 VETVS,
836 1236 986 1279 consul
1023 1236 1270 1290 (suffectus)
1311 1236 1393 1278 sub
1433 1235 1623 1277 Tiberio.
1698 1232 1861 1276 Titulus
1899 1233 1939 1274 ei

210 1305 383 1360 publice
412 1305 582 1359 positus
612 1320 640 1347 a
672 1304 858 1347 Gabinis
886 1304 1014 1347 XIV
1030 1307 1151 1348 2802
1180 1307 1262 1361 (1);
1301 1304 1543 1346 consulatus
1580 1305 1839 1345 memoratur
1868 1300 1938 1343 VI

211 1377 353 1418 10293
374 1372 451 1428 (2).
475 1399 526 1403 -
550 1373 693 1416 Plena
709 1374 886 1416 nomina
905 1373 1100 1416 exhibent
1120 1377 1148 1417 t.
1168 1376 1207 1416 1.
1228 1377 1272 1415 2.
1314 1372 1364 1415 C.
1387 1372 1414 1416 f.
1438 1376 1467 1414 t.
1488 1376 1527 1422 1,
1555 1372 1670 1426 filius
1692 1369 1735 1414 G.
1757 1369 1940 1411 Antistii

213 1442 372 1485 Veteris
391 1442 575 1485 consulis
605 1456 644 1486 a.
671 1444 752 1484 748
771 1461 827 1476 =
848 1445 874 1484 6
905 1456 944 1484 a.
974 1441 1021 1486 O.
1055 1443 1110 1495 cf.
1141 1456 1182 1484 n.
1205 1444 1300 1483 607.
1333 1440 1448 1482 Xvir
1478 1439 1665 1482 stlitibus
1696 1437 1939 1480 iudicandis

213 1509 402 1563 (turbato
438 1510 586 1554 ordine
624 1511 670 1553 in
708 1513 737 1552 t.
767 1514 794 1552 1
826 1511 1008 1565 ponitur
1028 1513 1130 1564 post
1156 1513 1413 1564 praeturam
1442 1512 1482 1551 et
1512 1511 1609 1551 ante
1637 1508 1937 1562 quaesturam),

213 1585 417 1635 quaestor
444 1577 611 1621 Tiberii
643 1577 841 1621 Caesaris
871 1577 1085 1633 Augusti,
1126 1583 1302 1634 praetor
1340 1581 1368 1619 t.
1400 1580 1440 1621 1.
1501 1575 1666 1620 Consul
1698 1575 1938 1630 (suffectus)

212 1648 258 1690 X
287 1647 331 1689 k.
360 1648 453 1690 Ian.
486 1661 526 1691 a.
547 1649 608 1690 28
635 1650 683 1689 ut
711 1646 877 1689 videtur
907 1647 962 1700 cf.
983 1646 1195 1701 Borghesi
1224 1660 1318 1701 opp.
1340 1646 1375 1688 Ι
1379 1645 1472 1700 Vp.
1494 1647 1576 1688 450
1602 1659 1700 1686 cum
1731 1643 1786 1697 Q.
1814 1643 1939 1686 Iunio

214 1716 370 1759 Blaeso
402 1720 430 1760 t.
460 1720 517 1767 2;
557 1715 798 1758 consulatus
838 1730 982 1758 eorum
1018 1716 1250 1758 memorari
1285 1715 1452 1758 videtur
1484 1713 1601 1769 apim
1629 1712 1811 1757 Suidam
1840 1725 1873 1754 s.
1905 1725 1940 1752 v.

216 1784 388 1832 Ἀπίκιος
425 1785 590 1843 Μάρκος
628 1805 685 1820 =
714 1785 886 1829 Aelian.
918 1786 974 1839 fr.
1007 1788 1088 1827 110
1125 1784 1317 1827 Hercher
1355 1785 1493 1827 ὑπάτω
1537 1785 1581 1826 δὲ
1621 1783 1742 1839 ἤστην
1784 1780 1942 1826 Ἰούνιος

212 1853 386 1901 Βλαῖσος
433 1855 499 1898 καὶ
542 1854 718 1901 Λεύκιος.
794 1853 1045 1897 Consularis
1089 1859 1220 1909 atque
1269 1852 1510 1895 sacerdotio
1560 1857 1738 1893 ornatus
1787 1849 1943 1891 dicitur

180 1971 191 1973 „
213 1923 453 1965 nominibus
483 1923 647 1965 omissis
673 1937 713 1966 a.
734 1926 788 1965 30
820 1937 848 1964 a
883 1922 1038 1965 Velleio
1065 1926 1109 1972 2,
1141 1925 1206 1972 43,
1237 1925 1289 1973 3,·
1318 1921 1516 1978 pontifex
1546 1924 1575 1962 t.
1605 1923 1643 1963 1.

131 1992 215 2034 612
243 1998 289 2034 L.
320 1997 584 2034 ANTISTIVS
614 1997 798 2046 VETVS,
832 1990 984 2033 consul
1014 2006 1052 2033 a.
1083 1992 1136 2033 55
1172 2005 1272 2033 cum
1301 1990 1474 2033 Nerone
1504 1989 1717 2043 Augusto.
1779 1986 1940 2029 Memo-

213 2062 339 2102 ratur
371 2060 419 2102 in
457 2059 579 2102 titulo
619 2059 963 2114 Moyontiacensi
991 2058 1453 2113 Korrespondenzblatt
1493 2057 1567 2100 cler
1606 2054 1942 2100 Westdeutschen

215 2128 464 2182 Zeitschrift
500 2128 590 2171 III
621 2127 764 2183 (1884)
800 2143 848 2182 p.
880 2131 941 2171 32
979 2127 1038 2170 acl
1073 2126 1380 2171 Westdeutsche
1418 2125 1667 2179 Zeitschrift
1703 2124 1764 2166 II
1796 2122 1940 2178 (1883)

214 2212 262 2252 p.
291 2199 384 2239 431.
443 2196 501 2239 In
537 2196 778 2239 consulatu:
816 2197 868 2241 L.
904 2196 1121 2239 Antistius
1148 2196 1288 2238 Vetus
1327 2195 1451 2238 VIII
1471 2197 1594 2245 8837,
1635 2194 1687 2236 L.
1727 2192 1942 2235 Antistius

218 2264 367 2307 tabula
396 2267 542 2307 cerata
571 2264 837 2319 Pompeiana
864 2267 905 2306 8.
933 2268 971 2307 9.
998 2267 1066 2308 10.
1093 2268 1164 2314 12,
1202 2264 1300 2306 Tac.
1322 2278 1362 2307 a.
1384 2267 1448 2314 13,
1470 2266 1535 2313 11,
1567 2261 1783 2304 AntiStius
1802 2260 1941 2302 Vetus

220 2333 368 2376 tabula
387 2335 453 2383 11,
475 2333 564 2375 ΙΙΙ
577 2332 624 2376 S.
649 2335 768 2382 7380,
791 2332 900 2375 alibi
913 2333 1052 2375 Vetus
1072 2333 1190 2386 fasti.
1206 2357 1265 2362 —
1285 2332 1351 2387 [L.
1373 2331 1606 2386 Athistius
1620 2331 1760 2373 Vetus
1782 2328 1940 2378 titulus,

218 2402 270 2444 L.
301 2401 440 2444 Vetus
470 2401 568 2445 Tac.
591 2415 634 2443 a.
654 2404 720 2452 13,
740 2404 817 2453 53;
844 2404 910 2452 16,
932 2404 1000 2452 10,
1030 2401 1082 2444 L.
1114 2399 1328 2443 Antistius
1358 2399 1445 2442 ibd.
1476 2403 1541 2450 14,
1562 2401 1629 2443 58.

302 2468 371 2512 De
392 2471 522 2524 patre
547 2482 634 2511 non
663 2471 827 2511 constat
835 2482 849 2520 ;
877 2469 964 2522 fuit
988 2468 1052 2510 vel
1081 2468 1198 2523 filius
1225 2466 1272 2510 0.
1305 2466 1464 2510 Veteris
1504 2466 1686 2509 consulis
1724 2480 1764 2509 a.
1795 2468 1854 2508 23
1881 2464 1945 2507 vel

217 2539 268 2582 L.
299 2537 458 2589 Veteris
484 2551 527 2579 n.
557 2540 652 2581 611.
686 2563 738 2568 —
768 2535 933 2580 Consul
962 2552 999 2579 a.
1032 2537 1086 2579 55
1116 2550 1153 2578 v.
1182 2549 1337 2591 supra‚·
1370 2550 1468 2578 cum
1498 2534 1604 2589 (kal.
1634 2534 1867 2587 Ianuariis)
1899 2534 1945 2574 in

218 2613 315 2649 acta
343 2606 589 2662 principum
619 2606 814 2648 iurarent
841 2605 1132 2660 magistratus,
1163 2604 1280 2646 Nero
1310 2605 1355 2646 in
1385 2610 1483 2646 acta
1512 2619 1590 2646 sua
1620 2602 1829 2658 collegam
1856 2601 1943 2643 An-

219 2676 383 2717 tistium
410 2675 556 2716 iurare
575 2675 714 2716 vetuit
737 2674 835 2718 Tac.
859 2688 899 2718 a.
919 2677 986 2724 13,
1007 2677 1073 2716 11.
1119 2674 1225 2715 Post
1254 2672 1528 2715 consulatum
1557 2688 1596 2715 a.
1618 2672 1746 2714 55l58
1775 2670 1944 2725 legatus

220 2743 335 2798 Aug.
365 2758 430 2799 pr.
461 2758 526 2799 pr.
559 2742 820 2786 Germaniae
859 2743 1093 2799 superioris
1129 2742 1228 2785 Tac.
1259 2756 1299 2783 a.
1337 2744 1397 2792 13,
1426 2744 1503 2792 53,
1545 2755 1658 2782 anno
1689 2740 1744 2783 56
1784 2740 1942 2782 titulus.

219 2811 273 2855 A.
305 2812 359 2854 62
399 2810 483 2853 fuit
511 2812 697 2865 Romae,
739 2810 856 2853 unde
896 2810 1100 2853 mandata
1138 2809 1194 2852 ad
1223 2809 1473 2852 Rubellium
1503 2808 1707 2851 Plautum
1735 2821 1945 2863 generum

220 2881 337 2922 misit
362 2879 460 2922 Tac.
482 2893 523 2924 a.
551 2882 617 2930 14,
638 2882 705 2923 58.
751 2878 991 2922 Proconsul
1019 2878 1152 2921 Asiae
1180 2877 1268 2921 ibd.
1298 2881 1364 2929 16,
1395 2881 1450 2920 10
1481 2892 1520 2920 a.
1542 2876 1664 2920 63l64
1692 2880 1740 2918 ut
1767 2875 1943 2926 videtur,

217 2962 311 2991 cum
339 2947 477 3002 paulo
503 2950 606 3002 post
633 2947 984 3002 proconsulatum
1015 2947 1240 2989 damnatus
1269 2947 1338 2989 sit.
1396 2945 1450 2989 A.
1483 2946 1537 2988 65
1578 2946 1671 3001 ipse
1711 2958 1945 3000 socrusque

221 3017 312 3058 eius
343 3016 495 3059 Sextia
521 3022 564 3058 et
592 3015 785 3058 Antistia
815 3015 990 3058 Pollitta
1018 3014 1120 3069 filia,
1153 3015 1283 3056 invisi
1312 3014 1476 3056 Neroni
1507 3020 1726 3070 tamquam
1755 3012 1943 3055 vivendo

221 3083 535 3140 exprobrarent
563 3084 835 3127 interfectum
858 3099 951 3126 esse
970 3083 1220 3126 Rubellium
1240 3082 1442 3125 Plautum
1461 3096 1668 3137 generum
1688 3082 1740 3124 L.
1759 3082 1943 3134 Veteris,

221 3168 249 3195 a
268 3153 507 3195 Fortunato
537 3152 692 3196 liberto
723 3152 889 3195 adscito
911 3152 1092 3195 Claudio
1113 3152 1328 3194 Demiano
1359 3151 1549 3193 accusati
1579 3160 1680 3193 sunt
1710 3157 1752 3192 et
1771 3149 1944 3191 damna-

220 3221 381 3263 tionem
403 3221 650 3264 anteierunt
669 3235 805 3264 venas
827 3220 955 3263 simul
974 3219 1193 3263 solventes
1213 3220 1297 3263 ibd.
1315 3223 1381 3270 16,
1398 3222 1554 3263 10-11.
1573 3244 1624 3248 —
1642 3218 1763 3261 Iclem
1781 3217 1946 3260 videtur

222 3288 274 3332 L.
305 3289 444 3331 Vetus
473 3295 625 3331 auctor
654 3288 785 3332 Plinii
812 3288 932 3333 Plin.
963 3303 1004 3331 n.
1032 3288 1073 3330 h.
1104 3287 1192 3331 ind.
1220 3287 1246 3330 l.
1267 3290 1368 3331 3-6.
1391 3312 1444 3317 -
1477 3287 1739 3330 Nominatur
1773 3287 1870 3330 Tac.
1903 3300 1943 3327 a.

220 3359 286 3407 16,
317 3359 388 3400 12.
417 3359 494 3400 22.
