2202 3730
106 295 1915 380 Q——AE-—ff-fflvs

107 441 193 482 840
222 444 474 481 ARELLIVS
505 443 706 492 FVSCVS,
738 434 979 479 consularis
999 435 1164 490 primae
1185 433 1435 485 sententiae,
1467 432 1542 487 qui
1564 431 1608 471 in
1628 429 1771 471 locum
1791 428 1922 471 Vale-

194 509 304 550 riani
333 512 604 549 successerat
631 506 678 548 in
706 507 877 547 senatus
898 503 1083 546 consulto
1105 503 1202 557 triq.
1226 505 1305 557 tyr.
1326 504 1396 552 21,
1416 503 1456 551 3,
1488 498 1600 554 quod
1616 499 1693 540 sub
1722 497 1921 540 Gallieno

193 575 405 619 conditum
433 588 519 617 esse
547 575 736 629 finyitur.

108 646 188 687 841
222 650 472 686 ARELLIVS
503 649 702 698 FVSCVS,
734 641 965 699 proconsul
994 640 1138 695 Asiae,
1170 642 1241 682 cui
1271 656 1310 683 a.
1341 643 1424 685 275
1454 647 1664 688 successit
1691 645 1923 688 Falconius

194 712 364 755 Probus
387 713 459 756 vit.
481 711 714 753 Aureliani
737 714 804 761 40,
824 714 864 752 4.
914 709 989 751 Ad
1007 724 1099 752 eum
1129 709 1416 764 Waddinyton
1436 712 1568 765 sastes
1595 728 1638 756 n.
1659 717 1743 758 178
1761 714 1923 757 rettulit

195 785 223 824 t.
239 782 452 823 urbanum
476 779 587 823 GIG
600 782 714 822 5993
735 799 789 813 =
810 779 844 820 I
846 778 922 821 GI
934 781 1058 828 1025,
1079 792 1198 832 quem
1219 778 1471 822 dedicarunt
1487 779 1672 837 Ἀρέλλιοι
1689 771 1923 840 [Σε]ουῆρος

193 852 258 893 καὶ
282 850 475 899 (bosom,
508 849 748 890 coniectura
778 848 965 898 incerta,·
1004 860 1106 888 nam
1135 860 1241 900 quac
1272 847 1321 889 de
1346 847 1514 891 Arellio
1545 850 1746 904 Vopiscus
1774 853 1919 906 refert,

197 919 364 961 omnino
393 918 628 972 suspicione
648 930 733 958 non
754 919 910 966 carent,
941 916 1094 970 quippe
1114 929 1221 969 quae
1238 916 1485 959 inserantur
1503 919 1550 960 in
1568 919 1775 962 relatione
1793 921 1923 962 inter-

193 987 315 1041 reyni
351 986 468 1028 illius
505 985 616 1039 quocl
653 985 809 1026 (licitur
846 997 920 1026 sea:
956 984 1160 1026 mensium
1190 988 1292 1038 post
1320 999 1458 1028 necem
1484 987 1732 1038 Aureliani,
1765 989 1815 1031 de
1844 1003 1923 1042 quo

193 1055 286 1097 vide
315 1055 390 1097 sub
423 1054 489 1096 M.
519 1053 704 1096 Claudio
741 1053 900 1096 Tacito.

109 1125 193 1166 842
223 1123 415 1166 Arellius
426 1123 486 1177 (P)
517 1123 685 1164 Fuscus
713 1123 871 1164 citatur
897 1122 970 1163 vit.
1000 1122 1096 1175 triq.
1130 1125 1208 1176 tyr.
1236 1125 1306 1172 25,
1327 1126 1359 1165 2
1387 1124 1611 1166 secundum
1642 1125 1925 1167 coniecturam

197 1192 426 1242 Salmasii,
469 1191 658 1233 traditur
695 1189 946 1244 Dagellius3
986 1193 1033 1231 at
1069 1190 1182 1240 vide,
1222 1204 1275 1237 ne
1310 1191 1543 1234 Trebellius
1572 1193 1712 1235 Pollio
1754 1194 1923 1236 omnino

192 1261 364 1315 finxerit
404 1263 628 1310 auctorem,
667 1273 787 1313 quem
827 1259 876 1301 dc
923 1259 1086 1300 Tetrico
1124 1259 1290 1301 iuniore
1330 1259 1502 1311 laudat,
1547 1265 1586 1303 et
1627 1262 1803 1303 nomina
1838 1276 1924 1316 pro

197 1329 373 1372 libidine
402 1328 694 1383 composuerit.

112 1399 195 1441 843
225 1397 415 1441 Arellius
446 1396 682 1453 [Se]verus,
724 1395 878 1438 Arellii
914 1395 1137 1450 [SeJVerus
1168 1402 1211 1437 et
1239 1396 1406 1439 Fuscus
1438 1397 1695 1441 dedicarunt
1726 1398 1924 1455 Serapidi

198 1466 367 1509 titulum
394 1466 608 1508 urbanum
643 1463 754 1507 CIG
783 1467 894 1507 5993
913 1484 969 1498 -—-
989 1465 1022 1506 I
1023 1463 1101 1506 GI
1121 1468 1246 1508 1025.

111 1535 195 1577 844
220 1534 389 1589 Aretas,
422 1533 599 1589 regulus
629 1532 807 1589 quidam
832 1531 1039 1587 Arabum,
1066 1533 1339 1589 propinquus
1365 1533 1547 1576 Obodae
1572 1536 1688 1590 regis
1710 1536 1925 1579 Nabatae-

198 1618 334 1658 orum,
370 1601 545 1645 Aelium
576 1601 764 1655 Gallum,
806 1616 905 1643 cum
944 1616 982 1643 a.
1016 1601 1099 1643 730
1119 1621 1175 1635 =
1193 1603 1249 1644 24
1279 1602 1324 1643 in
1355 1602 1521 1645 Arabia
1550 1603 1713 1646 bellum
1743 1611 1927 1660 gereret,

198 1673 335 1715 amice
365 1672 538 1727 excepit
567 1671 727 1714 Strabo
758 1673 825 1720 16,
846 1673 886 1720 4,
908 1673 966 1713 24
982 1685 1032 1724 p.
1065 1673 1156 1713 781.

113 1741 196 1784 845
223 1740 392 1795 Aretas,
415 1755 494 1782 rex
510 1738 844 1781 Nabataeorum.
875 1738 944 1780 De
965 1738 1102 1780 titulis
1120 1739 1381 1793 numinisque
1401 1740 1491 1782 eius
1506 1741 1561 1794 cf.
1579 1754 1658 1783 von
1681 1741 1932 1784 Gutsclzmid

199 1810 316 1865 apud
352 1809 538 1863 Eutiny,
581 1807 874 1850 Nabatc‘iiselzc
913 1807 1176 1861 Inscliristen
1207 1823 1254 1862 p.
1286 1811 1352 1852 85.
1419 1809 1475 1850 In
1517 1810 1652 1851 titulis
1691 1811 1930 1852 aramaeice

198 1879 370 1934 scriptis
405 1878 562 1920 (licitur
596 1875 853 1919 Charithath
884 1876 1045 1931 (nnat-1)
1076 1875 1452 1919 rachem-‘ammeh
1482 1878 1531 1919 id
1564 1881 1624 1919 est
1660 1879 1749 1932 ‘qui
1789 1879 1931 1933 clv‘liyit

191 1947 421 2002 ,populum‘
447 1966 503 1981 Ξ
532 1945 774 2002 φιλόπατρις.
827 1944 1075 2002 Antequam
1102 1959 1284 2000 regnum
1315 1946 1456 2000 iniret,
1481 1945 1652 1989 Aeneas
1683 1948 1930 1989 nominatus

200 2023 265 2058 est
293 2015 460 2070 Ioseph.
492 2017 579 2056 ant.
608 2017 674 2064 16,
705 2017 744 2064 9,
775 2017 815 2057 4.

285 2085 390 2126 Post
412 2083 591 2127 Obodae
610 2088 791 2124 mortem
812 2095 994 2136 regnum
1014 2081 1338 2124 Nabataeorum
1365 2083 1599 2139 capessivit
1619 2083 1752 2138 (circa
1774 2098 1931 2127 annum

198 2153 288 2207 fere
316 2155 342 2195 9
372 2166 412 2194 a.
451 2151 497 2194 G.
529 2152 582 2205 cf.
622 2150 874 2194 Gutschmicl
899 2150 925 2192 l.
958 2150 1002 2207 l.)
1044 2150 1208 2204 Ioseph.
1245 2154 1332 2192 ant.
1364 2154 1418 2193 16
1427 2184 1437 2201 ,
1470 2154 1520 2202 9,
1550 2155 1595 2202 4,
1637 2152 1692 2193 ab
1731 2139 1930 2207 Augusto

198 2235 381 2276 regnum
412 2221 450 2262 ei
482 2220 761 2262 confirmatur
788 2219 846 2263 id.
879 2222 968 2260 ant.
998 2222 1064 2269 16,
1095 2222 1162 2269 10,
1191 2221 1231 2262 8.
1263 2222 1312 2270 9;
1343 2230 1439 2261 Ἶϋηῦ
1461 2219 1546 2278 7572
1578 2220 1652 2273 (=
1672 2235 1748 2262 rex
1778 2221 1929 2263 Naba-

201 2289 409 2344 taeorum)
440 2289 486 2330 in
517 2288 653 2330 titulis
684 2288 967 2341 nummisque;
1007 2286 1230 2342 Syllaeum
1269 2287 1386 2343 apud
1421 2286 1672 2342 Augustum
1711 2290 1933 2331 accusavit

200 2358 258 2402 id.
290 2361 378 2400 ant.
409 2360 475 2407 17,
501 2360 541 2407 3,
563 2360 606 2407 2,
640 2356 732 2398 bell.
764 2359 802 2406 1,
835 2359 907 2405 29,
928 2359 967 2398 3.
1038 2354 1276 2408 Quinctilio
1312 2355 1430 2397 Varo
1466 2355 1608 2410 legato
1645 2356 1799 2413 Syriae
1833 2372 1929 2399 cum

201 2433 351 2469 contra
385 2425 570 2467 Iudaeos
605 2431 702 2481 post
736 2423 924 2466 Herodis
960 2430 1139 2465 mortem
1178 2422 1437 2466 rebellantes
1467 2426 1707 2467 exercitum
1737 2425 1927 2480 duceret,

199 2494 364 2537 auxilia
402 2494 517 2536 misit
555 2493 614 2535 id.
653 2496 740 2536 ant.
772 2496 838 2543 17,
869 2495 936 2542 10,
967 2495 1006 2542 9,
1044 2491 1137 2534 bell.
1167 2495 1211 2542 2,
1239 2495 1278 2542 5,
1310 2495 1348 2536 1.
1417 2492 1554 2542 Filia,
1594 2508 1724 2550 quam
1763 2494 1929 2535 Herodi

201 2564 388 2619 Antipae
428 2561 670 2604 tetrarchae
710 2562 755 2602 in
793 2561 1114 2603 matrimonium
1155 2560 1344 2614 dederat,
1386 2575 1413 2602 a
1446 2562 1599 2603 marito
1630 2562 1859 2618 repudiata
1889 2568 1931 2603 et

200 2633 337 2673 eiecta
375 2631 531 2673 Aretas
570 2629 731 2673 bellum
771 2629 961 2685 Antipae
995 2628 1163 2683 intulit3
1204 2629 1277 2684 qui
1316 2628 1478 2684 proelio
1518 2629 1573 2671 ab
1612 2629 1750 2672 Areta
1787 2632 1930 2672 victus

201 2701 292 2755 (sub
324 2700 449 2755 finem
477 2699 648 2753 imperii
682 2698 858 2754 Tiberii)
890 2712 916 2739 a
945 2696 1122 2739 Tiberio
1153 2696 1363 2739 auxilium
1394 2698 1518 2753 petiit
1546 2697 1605 2740 iol.
1628 2702 1715 2740 ant.
1738 2701 1804 2748 18,
1830 2702 1869 2749 5,
1891 2703 1929 2743 1.

202 2767 404 2811 Vitellius
448 2783 474 2809 a
518 2767 693 2809 Tiberio
740 2772 891 2808 contra
931 2765 1110 2808 Aretam
1154 2767 1394 2808 exercitum
1438 2766 1598 2808 ducere
1642 2768 1785 2809 iussus
1832 2783 1931 2810 cum

202 2837 428 2880 Tiberium
482 2842 700 2878 mortuum
759 2850 851 2877 esse
899 2836 943 2876 in
992 2834 1156 2877 Iudaea
1204 2836 1498 2890 cognovisset,
1560 2837 1706 2892 copias
1756 2836 1931 2878 reduxit

202 2905 260 2948 icl.
283 2908 350 2956 18,
370 2908 410 2955 5,
431 2908 470 2949 3.
510 2906 771 2947 Procurator
803 2902 1202 2960 (ἐθνάρχης)Αι·θῐὶιθ
1232 2904 1451 2946 civitatem
1480 2904 1745 2946 Damascum
1777 2906 1928 2959 tenuit,

202 2989 288 3030 quo
318 2980 510 3030 tempore
540 2972 705 3016 Paulus
740 2971 961 3031 apostolus
992 2972 1093 3013 inde
1125 2971 1238 3027 fugit
1268 2971 1433 3014 Paulus
1470 2972 1528 3014 ad
1563 2972 1661 3015 Cor.
1692 2977 1734 3023 2,
1766 2977 1831 3023 11,
1858 2976 1929 3023 32,

201 3043 250 3085 iel
285 3045 346 3084 est
384 3043 500 3084 circa
540 3056 699 3084 annum
738 3042 826 3095 fere
863 3044 928 3084 39.
997 3040 1152 3082 Annus
1193 3039 1550 3096 quadragesimus
1590 3047 1767 3083 octavus
1808 3043 1931 3095 regni

201 3111 363 3154 Aretae
396 3114 655 3153 memoratur
683 3111 729 3152 in
759 3109 895 3151 titulis
923 3109 1087 3163 Eutiny
1114 3123 1182 3151 nr.
1212 3112 1266 3153 16
1295 3112 1334 3151 et
1361 3112 1427 3160 17,
1466 3110 1553 3152 ubi.
1580 3110 1747 3152 numeri
1780 3110 1933 3152 litteris

203 3180 438 3234 perscripti
463 3182 574 3221 sunt.

118 3249 202 3290 846
231 3247 374 3290 Areus
394 3245 586 3305 (Ἄρειος),
619 3245 913 3303 philosophus,
946 3247 1053 3287 civis
1074 3245 1412 3301 Alexandrinus,
1434 3247 1557 3289 cuius
1577 3248 1720 3302 gratia
1740 3246 1929 3289 Alexan-

205 3316 325 3358 driae
353 3317 520 3372 patriae
550 3322 702 3372 captae
733 3331 770 3359 a.
794 3316 877 3358 724
897 3335 953 3350 -Ξ
974 3315 1030 3356 30
1061 3314 1223 3357 Caesar
1252 3330 1299 3356 se
1327 3330 1506 3371 parcere
1536 3315 1648 3357 dixit
1667 3315 1755 3358 Dio
1775 3319 1840 3365 51,
1863 3319 1929 3366 16,

205 3384 428 3427 Plutarch.
449 3384 607 3427 Anton.
623 3387 691 3434 80,
706 3387 940 3439 praectpta
958 3384 1024 3426 rei
1034 3398 1082 3438 p.
1100 3383 1308 3438 yerenclae
1322 3387 1389 3435 18,
1409 3387 1448 3434 3,
1472 3384 1826 3438 apophtheymata
1843 3398 1929 3438 req.

186 3457 468 3492 Prosopographia
484 3457 566 3492 Imp.
586 3457 678 3484 Rom.
714 3457 740 3484 1.
1636 3452 1658 3486 9
