2202 3730
286 271 534 307 AVRELIVS
1150 262 1234 305 200
1836 271 2087 309 AVRELrvs

371 404 435 452 11,
469 402 506 444 9.
574 400 721 442 tHunc
760 399 958 455 plerique
998 404 1154 454 putant
1183 398 1405 441 Gordiano
1445 406 1606 456 satum,
1647 400 1751 443 dum
1785 399 2036 444 adulescens
2065 417 2091 444 a

371 469 553 510 muliere
592 474 762 510 matura
802 468 1098 509 institueretur
1127 467 1182 509 ad
1212 474 1407 510 uxorem’
1440 468 1637 523 Epitome
1666 472 1733 519 34,
1763 473 1801 511 1.
1859 469 1997 511 Natus
2014 476 2092 512 *est

375 536 444 578 die
477 537 529 578 10
571 537 729 577 mensis
769 535 858 577 Mai
898 535 954 587 (a.
985 536 1151 591 incerti)
1191 536 1299 590 fasti
1333 535 1552 579 Philocali
1588 540 1628 579 et
1665 537 1845 579 Polemii
1880 536 2006 580 Silcii
2033 537 2068 580 I
2071 537 2089 562 2

371 619 418 658 p.
440 607 536 647 264.
558 606 655 647 265.
700 604 837 645 Decio
869 605 1126 660 imperatore
1154 603 1364 658 tribunus,
1397 619 1423 646 a
1443 603 1675 648 Valeriano
1697 605 1894 647 tribunus
1916 605 2091 661 quintae

373 672 554 726 legionis
585 671 767 713 Martiae
798 670 905 728 (sic),
950 671 1048 713 dein
1079 671 1171 714 dux
1210 673 1340 714 totius
1380 671 1544 728 Illyrici
1585 672 1723 714 factus
1758 673 1848 715 vita
1877 676 2018 715 14-16
2045 674 2092 715 in

374 740 562 794 epistulis
591 741 729 793 inepte
757 740 880 794 fictis.
934 740 991 782 In
1022 739 1405 782 adclamationibus
1433 743 1603 782 senatus
1627 741 1699 782 vit.
1720 743 1787 791 18,
1807 743 1835 783 3
1858 740 2092 784 ‘consulem

374 814 425 862 te,
468 807 733 864 praefectum
775 813 848 860 te',
889 807 999 850 unde
1039 811 1186 850 auctor
1223 809 1333 850 vitae
1361 807 1592 850 Claudium
1622 811 1719 850 ante
1747 809 1970 863 imperiwm
1998 822 2092 852 con-

371 876 501 917 sulem
542 879 581 917 et
610 876 877 930 praefectum
907 876 1130 930 praetorio
1174 876 1306 929 fuisse
1351 877 1522 931 opinari
1560 876 1737 919 videtur.
1806 876 2092 920 Heraclianus

374 948 614 1000 praefectus
654 945 869 1000 praetorio
902 943 1089 988 Gallieni
1132 959 1230 986 cum
1262 959 1411 986 necem
1449 939 1719 1001 imperatoris
1758 944 2002 1000 moliretur,
2048 946 2093 986 in

360 1003 621 1054 *societatem
661 1012 828 1055 consilii
870 1012 1099 1056 Claudium
1139 1014 1302 1069 recepit
1341 1015 1384 1060 ὃς
1423 1014 1521 1070 μετὰ
1557 1015 1625 1057 τὸν
1668 1014 1831 1071 βασιλέα
1868 1018 1946 1058 τῶν
1985 1015 2092 1058 ὅλων

374 1081 639 1137 ἐπιτροπεύειν
671 1081 798 1124 ἐδόκει
829 1081 984 1124 Zosim.
1006 1085 1044 1132 1,
1065 1085 1120 1136 40
1151 1079 1266 1133 (item
1294 1082 1599 1124 coniurationis
1628 1082 1765 1124 socius
1795 1081 1950 1124 dicitur
1980 1082 2096 1137 apud

375 1149 593 1191 Zonaram
613 1153 681 1200 12,
704 1152 762 1192 25
783 1164 831 1203 p.
858 1152 951 1199 148,
975 1152 1035 1192 32
1065 1149 1125 1193 ed.
1152 1148 1353 1203 Dindorf
1369 1164 1419 1191 ex
1439 1149 1578 1191 eodem
1597 1150 1753 1205 fante);
1783 1149 1948 1192 consilii
1979 1149 2093 1192 illius

374 1218 550 1272 ignarus
580 1219 652 1260 vit.
682 1217 873 1260 Gallieni
900 1221 953 1260 14
983 1218 1036 1271 cf.
1068 1218 1198 1260 vitam
1224 1216 1404 1260 Claudii
1431 1221 1470 1268 1,
1500 1221 1538 1260 3.
1600 1217 1847 1262 Gallienum
1876 1218 2092 1262 moribun-

375 1286 479 1328 dum
510 1286 695 1341 insignia
718 1287 885 1343 imperii
906 1286 961 1328 ad
983 1285 1214 1329 Claudium
1235 1285 1471 1328 destinasse
1498 1286 1660 1328 honore
1689 1285 1932 1328 tribunatus
1952 1286 2093 1328 Ticini

375 1356 631 1396 retinentem
652 1354 979 1411 praesidiariam
999 1368 1172 1396 manum
1206 1354 1348 1397 Victor
1374 1353 1492 1398 Caes.
1513 1357 1579 1404 33,
1601 1357 1661 1398 28
1689 1358 1728 1397 et
1754 1354 1951 1409 Epitome
1972 1357 2038 1406 34,
2063 1357 2095 1398 2

374 1422 546 1464 eundem
589 1426 800 1465 auctorem
836 1423 969 1465 secuti
1005 1423 1183 1478 finyunt.
1244 1421 1372 1464 Certe
1401 1422 1492 1464 dux
1522 1422 1709 1467 Gallieni
1749 1421 2010 1465 clarissimus
2037 1425 2092 1478 cf.

376 1492 531 1535 Zosim.
562 1495 599 1542 1,
631 1494 685 1533 44
723 1493 791 1548 τὴν
832 1494 910 1534 τῶν
953 1491 1060 1534 ὅλων
1102 1492 1314 1548 ἡγεμονίαν
1355 1492 1655 1549 παραλαμβάνει
1694 1492 1759 1534 καὶ
1799 1490 1985 1548 πρότερον
2026 1496 2123 1548 τῆς,

376 1565 508 1615 κοινῆς
538 1562 675 1617 ψήφου
705 1560 847 1614 ταύτην
881 1559 1023 1616 δούσης
1052 1561 1171 1617 αὐτῷ.
1232 1558 1430 1602 Gallieno
1467 1560 1605 1601 occiso
1636 1560 1870 1616 imperator
1898 1574 1924 1601 a
1952 1558 2093 1602 militi-

375 1627 478 1682 bus,
519 1627 674 1669 deinde
715 1629 757 1668 a'
780 1627 930 1669 senatu
971 1633 1248 1683 nuncupatus
1281 1628 1370 1669 vita
1403 1631 1451 1678 4,
1492 1628 1564 1669 vit.
1594 1627 1785 1670 Gallieni
1814 1630 1879 1677 15,
1923 1627 2092 1678 Zosim„

376 1697 535 1739 Zonar.
568 1696 595 1738 l.
627 1696 653 1738 l.
723 1695 982 1738 Nuntiatum
1026 1702 1091 1737 est
1134 1696 1315 1738 Romam
1354 1696 1487 1738 VIIII
1530 1695 1617 1740 kal.
1657 1695 1821 1751 Aprilis
1862 1694 2095 1738 Claudium

377 1766 679 1820 imperatorem
719 1764 879 1806 factum
921 1778 1013 1806 esse
1051 1765 1140 1806 vita
1168 1768 1206 1815 4,
1237 1767 1282 1814 2,
1325 1765 1393 1806 cui
1430 1778 1481 1806 ne
1511 1765 1557 1806 in
1585 1764 1664 1806 hac
1694 1763 1858 1818 quidem
1886 1778 1933 1806 re
1960 1762 2094 1805 ullam

376 1832 501 1887 fidem
521 1832 675 1875 habere
697 1833 802 1875 licet.
853 1831 1015 1874 Consul
1045 1847 1083 1875 a.
1107 1833 1189 1875 269
1218 1833 1327 1887 fasti
1355 1832 1523 1886 (consul
1544 1833 1590 1875 II
1610 1832 1719 1885 falso
1739 1833 1786 1874 in
1806 1832 2095 1886 inscriptioni-

379 1901 454 1943 bus
493 1900 742 1955 quibusdam
770 1901 831 1943 II
861 1903 981 1943 3619.
1021 1903 1141 1943 3834.
1181 1902 1300 1950 4505,
1343 1900 1466 1943 VIII
1483 1900 1624 1954 4876).
1678 1899 1930 1942 Pestilentia
1967 1901 2097 1956 periit

376 1971 465 2012 vita
484 1973 554 2021 12,
578 1973 621 2021 2,
654 1969 849 2012 Zosimus
877 1973 915 2020 1,
945 1972 1011 2020 46,
1042 1969 1224 2023 Eutrop.
1252 1972 1290 2019 9,
1314 1972 1379 2019 11,
1413 1968 1560 2011 Sirmii
1591 1967 1836 2022 Hieronym.
1868 1968 2010 2011 chron.
2041 1968 2099 2011 ad

379 2053 406 2080 a
435 2038 543 2080 Abr.
564 2041 683 2082 2287
711 2036 824 2090 (inde
853 2037 1028 2080 Orosius
1058 2041 1096 2087 7,
1118 2039 1205 2093 23),
1239 2037 1399 2079 Zonar.
1427 2039 1495 2087 12,
1527 2039 1597 2079 26.
1655 2037 1741 2078 Pro
1771 2051 1819 2077 re
1848 2035 2023 2092 publica
2051 2051 2103 2079 se.

378 2105 554 2148 devovit
587 2106 726 2149 Victor
752 2105 871 2148 Caes.
899 2109 973 2155 34,
1015 2106 1213 2160 Epitome
1241 2108 1319 2156 34,·
1360 2104 1419 2147 ad
1455 2105 1628 2147 eandem
1661 2104 1856 2158 fabulam
1893 2106 2098 2160 respicere

376 2174 540 2216 videtur
569 2173 786 2218 Ammian.
815 2177 881 2224 31,
913 2176 951 2224 5,
983 2177 1040 2216 17
1067 2174 1122 2227 cf.
1153 2177 1217 2223 16,
1249 2177 1314 2223 10,
1345 2176 1383 2217 3.
1418 2197 1477 2203 —
1514 2173 1712 2215 Mortuus
1742 2179 1807 2214 est
1837 2173 1951 2215 intra
1979 2172 2098 2216 bien-

377 2243 494 2284 nium
516 2242 701 2296 Eutrop.
724 2242 750 2284 l.
773 2242 799 2286 l.
822 2240 948 2294 (unde
966 2241 1076 2284 idem
1094 2241 1299 2295 Orosius),
1322 2242 1520 2296 regnavit
1540 2255 1674 2283 annos
1695 2242 1740 2283 H
1759 2241 1956 2295 Epitome
1973 2243 2040 2291 34,
2056 2244 2095 2291 1,

375 2325 538 2364 annum
564 2311 585 2352 Ι
615 2325 781 2352 menses
811 2310 878 2352 IX
898 2309 1423 2364 Eusebius-Hieronymus,
1456 2324 1616 2351 annum
1636 2309 1660 2352 Ι
1688 2324 1855 2351 menses
1883 2309 1975 2352 ΠΙΙ
2003 2308 2096 2352 dies

375 2378 511 2420 XIIII
539 2377 911 2433 ChronoyraphuS.

468 2445 574 2488 Cum
614 2447 774 2488 nummi
816 2446 1104 2488 Alexandrini
1149 2444 1342 2488 Gallieni
1387 2459 1515 2500 usque
1559 2446 1619 2488 ad
1660 2446 1851 2500 quintum
1894 2445 2097 2488 decimwm

376 2528 534 2556 annum
554 2512 625 2568 (cf.
646 2529 725 2556 von
747 2514 895 2565 Sallet,
914 2514 1059 2562 Daten
1079 2514 1152 2556 der
1172 2514 1582 2557 Alexandrinischen
1604 2514 1940 2557 Kaisermunzen
1957 2528 2007 2568 p.
2027 2513 2096 2568 73)

375 2582 621 2636 procedant,
651 2582 830 2625 Claudii
857 2596 983 2636 usque
1023 2582 1081 2625 ad
1122 2596 1279 2625 annum
1314 2583 1494 2633 tertium,
1534 2581 1744 2625 Claudius
1783 2585 1880 2625 ante
1918 2595 2096 2625 mensem

377 2650 659 2704 Septembrem
697 2665 736 2693 a.
767 2653 856 2694 268
885 2665 1058 2705 reynum
1087 2651 1231 2693 iniisse
1262 2654 1301 2693 et
1321 2651 1467 2705 primo
1497 2651 1686 2693 semestri
1714 2665 1754 2693 a.
1783 2653 1871 2694 270
1907 2653 2096 2693 mortuus

377 2731 462 2761 esse
491 2719 667 2761 videtur.

462 2786 636 2828 Fratres
669 2788 707 2829 ei
738 2787 914 2830 fuerunt
935 2786 1172 2840 Quintillus
1197 2793 1240 2829 et
1259 2787 1451 2843 Crispus,
1480 2802 1601 2829 soror
1621 2786 1904 2831 Constantina
1922 2787 2011 2829 vita
2033 2790 2095 2838 13,

375 2853 449 2896 sed
467 2858 644 2908 praeter
667 2855 917 2908 Quintillum
944 2855 1118 2898 nomina
1146 2855 1248 2910 ficta
1276 2855 1480 2898 viden-tur.

298 2921 404 2963 1228
435 2921 494 2963 M.
518 2922 757 2977 Aur(elius)
786 2923 1037 2978 [Cl]audius,
1071 2930 1323 2979 procurator
1343 2923 1640 2978 Augustorum
1671 2921 1958 2979 (Phrygiae?)
1985 2921 2096 2965 CIG

375 2992 483 3032 3950
527 2994 554 3033 t.
587 2990 848 3033 Attudensis.
889 3016 946 3021 -
991 2991 1050 3035 M.
1093 2990 1330 3046 Aur(elius)
1377 2991 1583 3034 Claudius
1626 2990 1800 3045 quidam
1839 2993 2097 3033 memoratur

377 3058 503 3100 etiam
531 3059 575 3100 in
606 3058 726 3101 titulo
756 3059 1082 3113 Aphrodisiensi
1109 3059 1178 3102 CI
1181 3058 1221 3102 G
1252 3062 1379 3103 2840.

296 3126 404 3168 1229
435 3133 535 3169 IMP.
579 3133 773 3169 CAESAR
816 3134 867 3171 M.
907 3134 1156 3170 AVRELIVS
1197 3133 1446 3170 CLAVDIVS
1488 3133 1786 3178 QVINTILLVS
1825 3133 2094 3170 AVGVSTVS.

377 3193 518 3236 Plena
555 3195 728 3237 nomina
768 3195 960 3238 exhibent
997 3197 1157 3238 nummi
1197 3194 1333 3239 Cohen
1372 3195 1439 3238 VI
1446 3195 1462 3220 ²
1496 3210 1544 3250 p.
1576 3199 1654 3238 163
1681 3209 1765 3250 sqq.
1803 3198 1843 3238 et
1875 3195 2096 3250 inscriptio

377 3261 559 3304 miliarii
586 3262 890 3306 Mauretaniae
918 3263 1094 3318 Ephem.
1122 3278 1183 3318 ep.
1219 3267 1255 3314 7,
1287 3267 1380 3314 670,
1419 3265 1495 3307 ubi
1525 3262 1744 3316 Quintilus
1783 3263 1985 3318 scriptum
2024 3265 2095 3306 est.

381 3329 514 3386 Apud
542 3331 767 3385 scriptores
798 3330 1047 3384 Quintillus.
