2202 3730
277 304 461 340 ANNIVS
1151 296 1206 339 74
1917 301 2079 338 ΑΝΝΙΑ

448 433 587 475 Natus
619 439 683 474 est
713 447 750 474 a.
787 433 867 474 163
896 430 987 484 (qui
1014 444 1152 473 annus
1181 445 1231 473 ex
1261 434 1442 486 tempore
1470 433 1617 474 mortis
1638 432 1852 488 effic-itur).
1904 433 2083 476 Petente

363 502 415 544 L.
445 501 561 543 Vero
593 515 648 542 ex
677 500 842 541 oriente
882 513 1077 552 reverso,
1122 505 1170 541 ut
1208 499 1285 540 filii
1315 499 1453 541 Marci
1484 498 1691 542 Caesares
1731 500 2083 556 nuncuparentur

362 570 433 613 vit.
466 569 615 611 Marci
642 571 712 618 12,
743 569 783 618 8,
816 566 1078 610 Commodus
1115 573 1157 608 et
1184 567 1327 609 Verus
1359 566 1484 609 simul
1515 567 1720 610 Caesares
1750 568 1954 624 appellati
1985 576 2084 611 sunt

366 637 435 678 die
469 638 520 678 12
549 650 606 677 m.
638 635 839 678 Octobris
867 650 905 677 a.
939 635 1020 677 166
1043 635 1116 676 vit.
1144 634 1299 679 Comm.
1321 638 1359 685 1,
1391 638 1468 686 10;
1497 639 1561 686 11,
1592 638 1645 678 13
1674 636 1728 690 cf.
1758 636 1914 678 numm.
1963 637 2083 679 Dum

365 705 539 747 Marcus
579 703 635 745 ad
674 702 833 745 bellum
874 703 1242 745 Marcomanicum
1280 703 1494 759 proficisci
1534 710 1679 760 parat,
1722 704 1805 747 sub
1844 705 1948 760 ipsis
1987 719 2082 761 pro-

366 773 564 815 fectionis
595 771 748 814 diebus
780 772 836 826 (a.
870 772 969 826 169)
1010 773 1055 814 in
1086 787 1255 814 secessu
1285 772 1565 814 Praenestino
1595 773 1727 827 agens
1756 772 1892 815 filium
1921 772 2085 816 Verum

367 841 595 884 Caesarem
627 846 799 882 exsecto
829 840 910 882 sub
936 854 1040 882 aure
1070 840 1222 883 tubere
1250 846 1497 896 septennem
1527 841 1682 895 amisit,
1715 854 1841 897 quem
1871 854 1958 883 non
1988 840 2084 897 plus

367 911 560 965 quinque
588 908 740 951 diebus
770 907 883 950 luxit
913 909 1133 964 iussitque,
1166 914 1214 950 ut
1245 914 1411 951 statuae
1433 908 1520 950 filio
1551 915 1719 951 mortuo
1750 908 2085 951 decernerentur

366 985 408 1019 et
437 978 578 1031 imago
605 991 736 1019 aurea
766 976 1030 1019 circensibus
1061 991 1137 1032 per
1167 991 1366 1033 pompam
1387 976 1578 1032 ferenda,
1610 983 1652 1020 et
1671 983 1720 1019 ut
1738 976 1883 1019 saliari
1905 977 2083 1018 carmini

364 1060 520 1087 nomen
550 1046 642 1087 eius
673 1046 935 1087 insereretur
963 1045 1035 1089 vit.
1068 1045 1218 1087 Marci
1245 1048 1315 1095 21,
1344 1048 1446 1087 3-5.
1555 1047 1558 1050 ’

283 1115 366 1158 539
398 1114 499 1158 Sex,
531 1113 701 1156 Annius
730 1114 886 1168 Verus,
919 1113 967 1156 C.
999 1113 1027 1155 f.
1052 1113 1160 1156 XII
1180 1116 1262 1156 506
1292 1117 1319 1158 t.
1349 1113 1487 1168 Aquis
1518 1113 1679 1157 Seoetiis
1699 1113 1879 1167 positus.

281 1183 365 1225 540
394 1188 582 1223 ANNIVS
605 1188 894 1224 VINICIANVS
918 1182 1152 1236 (Vinianus
1173 1181 1345 1224 Annius
1371 1181 1499 1224 codem
1520 1181 1738 1223 Mediceus
1763 1181 1912 1231 Taciti,
1931 1178 2086 1226 Ἀννιος

365 1250 484 1303 Dio),
516 1250 633 1304 filius
663 1253 712 1292 ut
738 1249 904 1292 videtur
934 1250 986 1292 L.
1018 1249 1156 1292 Annii
1186 1249 1418 1301 Viniciani,
1449 1263 1584 1305 gener
1616 1250 1799 1292 Domitii
1830 1247 2086 1292 Corbulonis

365 1318 556 1360 nondum
585 1319 802 1361 senatoria
836 1324 988 1373 aetate,
1031 1317 1105 1359 sed
1148 1332 1226 1374 pro
1266 1317 1408 1372 legato
1443 1318 1620 1374 quintae
1659 1316 1819 1372 legioni
1860 1317 2086 1373 impositus

366 1402 404 1430 a.
436 1388 490 1429 63
527 1387 626 1429 Tac.
658 1401 697 1429 a.
729 1389 794 1437 15,
826 1389 905 1437 28,
935 1385 1023 1430 Dio
1052 1390 1120 1437 62,
1152 1389 1222 1430 23.
1292 1386 1420 1428 Anno
1452 1386 1505 1428 65
1547 1385 1737 1428 Corbulo
1780 1400 1877 1427 eum
1906 1386 2087 1428 Romam

366 1455 482 1496 misit
511 1455 675 1511 specie,
708 1461 757 1497 ut
787 1454 1026 1497 Tiridatem
1056 1455 1100 1496 in
1131 1454 1283 1497 urbem
1310 1453 1554 1508 deduceret,
1586 1469 1634 1495 re
1664 1467 1770 1496 vera
1809 1459 1859 1495 ut
1893 1452 2086 1495 obsidem

367 1523 467 1565 fidei
489 1537 615 1578 suae3
646 1523 761 1564 Nero
785 1537 881 1565 eum
912 1529 1010 1565 ante
1041 1529 1289 1579 praeturam
1319 1521 1536 1564 consulem
1568 1522 1671 1564 fecit
1695 1521 1784 1564 Dio
1803 1521 1830 1563 l.
1854 1521 1880 1564 l.
1933 1520 2089 1564 Consul

367 1590 567 1643 suffectus
597 1605 637 1633 a.
660 1594 713 1633 66
739 1590 803 1633 vel
829 1594 894 1634 67.
944 1590 1018 1632 Ad
1047 1605 1139 1633 eum
1160 1591 1375 1645 pertinere
1403 1589 1567 1632 videtur
1597 1590 1838 1631 coniuratio
1858 1589 2090 1632 Viniciana

367 1660 580 1715 posterior
610 1659 843 1701 Pisoniana
869 1660 1104 1701 Beneventi
1138 1659 1321 1701 conflata
1351 1665 1481 1715 atque
1511 1658 1682 1700 detecta
1702 1657 1874 1701 Sueton.
1898 1657 2016 1700 Nero
2035 1659 2089 1699 36

368 1728 422 1781 cf.
454 1727 638 1777 Heneen,
669 1726 784 1769 Acta
815 1727 1026 1770 arvalium
1046 1742 1095 1782 p.
1117 1730 1209 1771 115.

283 1797 362 1839 541
397 1803 440 1838 L.
472 1802 659 1838 ANNIVS
689 1801 980 1837 VINICIANVS
1010 1799 1268 1838 memoratur
1306 1796 1352 1838 in
1392 1796 1497 1837 actis
1526 1794 1753 1837 Arvalium
1793 1794 1900 1836 anni
1924 1796 1980 1836 38
2020 1793 2087 1836 VI

367 1866 487 1908 2028
512 1864 571 1919 (1)
609 1867 647 1906 et
682 1864 786 1906 anni
813 1867 868 1906 40
905 1863 973 1906 VI
993 1866 1106 1907 2030
1136 1863 1198 1919 (2)
1235 1877 1342 1906 corr.
1373 1862 1551 1917 quheni.
1583 1877 1645 1917 ep.
1675 1865 1704 1904 8
1724 1877 1773 1917 p.
1793 1865 1890 1906 324.
1950 1861 2090 1904 Plena

367 1932 540 1975 nomina
566 1935 709 1974 extant
738 1932 783 1974 in
815 1935 842 1974 t.
866 1935 905 1982 1,
936 1933 984 1974 in
1014 1932 1163 1974 tabula
1181 1935 1213 1976 2
1241 1935 1386 1974 extant
1417 1964 1426 1974 .
1444 1964 1453 1973 .
1470 1964 1480 1974 .
1499 1964 1508 1974 .
1524 1932 1652 1973 nnius
1679 1930 1935 1973 Vinicianus
1964 1943 2001 1974 v.
2023 1933 2090 1980 17,

372 2034 381 2043 .
401 2034 410 2043 .
430 2033 439 2042 .
456 2001 652 2042 nicianus
672 2014 709 2042 v.
738 2004 763 2042 1
766 2033 895 2051 .....
914 2001 1064 2042 cianus
1084 2014 1121 2042 v.
1142 2003 1201 2044 26
1209 2013 1222 2052 ;
1246 2000 1416 2042 Annius
1437 2000 1694 2042 Vinicianus
1714 1998 1815 2049 Dio,
1837 1999 2091 2041 Vinicianus

378 2069 561 2119 Tacitus,
588 2066 743 2114 Ἄννιος
772 2067 1031 2115 Μινουκιανός
1058 2083 1200 2111 errore
1230 2067 1445 2122 Iosephus.

452 2135 590 2178 Filius
612 2136 748 2178 Annii
775 2136 1004 2191 Pollionis3
1035 2151 1147 2179 anno
1175 2138 1228 2178 32
1260 2143 1382 2192 pater
1411 2135 1612 2192 filiusque
1645 2135 1762 2177 ‘clari
1793 2139 1930 2190 genus
1960 2141 2090 2192 atque

368 2205 481 2247 idem
509 2206 684 2246 summis
709 2204 962 2247 honoribus'
988 2205 1062 2258 (=
1083 2204 1340 2259 consulares)
1371 2204 1607 2246 maiestatis
1637 2202 1840 2259 postulati
1872 2210 1982 2258 sunt,
2015 2202 2091 2245 sed

368 2272 570 2315 Tiberius
606 2272 773 2315 distulit
803 2288 975 2316 causam
1011 2273 1108 2317 Tac.
1141 2287 1180 2315 a.
1213 2276 1250 2324 6,
1285 2277 1323 2316 9.
1394 2272 1551 2315 Consul
1579 2273 1712 2327 i9itur
1744 2270 1944 2324 suffectus
1979 2285 2090 2314 anno

368 2342 527 2384 incerto
557 2344 653 2383 ante
683 2356 723 2383 a.
754 2345 824 2385 32.
885 2341 1013 2384 Anno
1043 2342 1098 2384 39
1138 2341 1272 2384 frater
1306 2341 1481 2384 Arvalis
1520 2347 1743 2397 cooptatus
1784 2343 1812 2382 t.
1844 2343 1870 2382 1
1910 2338 2089 2394 collegio

369 2409 508 2452 adfuit
526 2424 564 2451 a.
581 2410 636 2452 40
658 2413 685 2451 t.
705 2413 750 2453 2.
781 2409 893 2452 Cum
914 2409 1063 2453 Cassio
1085 2409 1280 2453 Chaerea
1300 2409 1483 2466 aliisque
1504 2409 1845 2452 coniurationem
1864 2409 1910 2450 in
1931 2408 2091 2453 Gaium

369 2478 673 2533 imperatorem
702 2479 800 2520 iniit
828 2478 993 2533 Ioseph.
1022 2481 1109 2520 ant.
1130 2481 1196 2529 19,
1227 2481 1266 2529 1,
1297 2481 1336 2520 3.
1368 2481 1407 2521 9.
1438 2480 1505 2520 13.
1535 2480 1613 2529 19,·
1652 2480 1719 2528 19,
1753 2480 1792 2528 4,
1823 2479 1863 2518 3.
1913 2476 2016 2518 Fuit
2045 2476 2087 2516 in

369 2561 547 2588 numero
569 2561 717 2588 eorum
739 2547 813 2603 qui
833 2553 930 2602 post
950 2561 1100 2588 necem
1122 2546 1206 2590 Gai
1227 2546 1405 2603 imperio
1427 2546 1547 2600 digni
1570 2544 1705 2587 habiti
1728 2551 1828 2588 sunt
1842 2543 1931 2587 Dio
1945 2545 2088 2594 60,15.

370 2613 496 2656 Anno
518 2615 573 2656 42
595 2613 826 2657 Camillum
847 2614 1180 2658 Scribonianum
1201 2614 1257 2656 ad
1279 2614 1563 2656 defectionem
1585 2613 1765 2670 impulit,
1799 2619 1842 2655 ct
1861 2618 2089 2669 postquam

370 2697 438 2723 res
469 2697 591 2724 secus
619 2684 758 2737 cessit,
789 2684 882 2739 ipse
913 2698 957 2725 se
988 2685 1205 2726 interemit
1234 2682 1322 2725 Dio
1353 2682 1380 2725 l.
1413 2682 1438 2725 l.
1472 2682 1648 2737 (Zonar.
1670 2685 1733 2736 11,
1756 2684 1813 2737 9).

299 2775 355 2780 —
401 2750 479 2792 Cn.
510 2751 729 2793 Domitius
759 2750 929 2793 Annius
958 2750 1186 2807 leianus.

287 2819 369 2861 542
399 2818 546 2860 Annia
594 2818 814 2872 (incertum
862 2818 979 2860 cuius
1031 2817 1199 2872 aetatis)
1243 2817 1377 2860 vidua
1429 2816 1552 2860 alteri
1603 2818 1698 2859 viro
1744 2815 1907 2858 nubere
1953 2814 2091 2858 noluit

373 2886 534 2929 Seneca
564 2886 621 2939 fr.
654 2889 706 2928 75
726 2886 784 2928 H.

287 2955 370 2996 543
401 2954 557 3007 Annia,
592 2953 791 3007 edictum,
815 2953 931 3010 quod
952 2953 1178 2996 dicebatur
1197 2953 1386 3009 Augusti
1412 2953 1468 2995 ad
1490 2953 1679 2996 Anniam
1699 2953 1921 3009 pertinens
1940 2965 2089 2994 memo-

370 3025 496 3064 ratur
526 3021 643 3065 Ptin.
676 3022 734 3063 ad
767 3022 945 3064 Traian.
978 3024 1041 3072 65,
1072 3025 1111 3064 3.

287 3090 371 3131 544
399 3094 559 3130 ANNIA
580 3095 922 3142 ALEXANDRIA,
957 3089 1208 3143 [clarissima
1230 3088 1415 3143 femina],
1448 3088 1637 3130 coniunx
1657 3087 1708 3129 L.
1731 3087 1836 3129 Steii
1855 3087 2088 3130 Aemiliani

371 3157 454 3198 viri
486 3155 711 3197 clarissimi
743 3156 942 3200 V11341.
1355 3160 1359 3164 ’

287 3225 369 3267 545
400 3229 548 3265 ΑΡΡῙΑ
576 3229 736 3265 ΑΝΝΙΑ
756 3231 927 3265 ATILIA
949 3230 1170 3266 REGILLA
1188 3231 1426 3266 ELPINICE
1446 3228 1718 3265 AGRIPPINA
1738 3228 1892 3264 ATRIA
1912 3215 2087 3264 POLLA.

378 3292 530 3334 Tituli:
551 3291 722 3346 publice
753 3293 804 3334 ab
827 3291 951 3334 Eleis
981 3293 1020 3334 ei
1038 3293 1207 3347 positus
1240 3296 1268 3335 t.
1299 3292 1537 3347 Olympicus
1562 3291 1609 3333 in
1640 3290 1795 3333 exedra
1821 3290 1884 3333 Ti.
1913 3289 2091 3332 Claudii

374 3360 559 3402 Herodis
577 3359 931 3414 Archaoloyische
953 3360 1131 3415 Zcituny
1155 3362 1265 3402 1878
1286 3374 1334 3414 p.
1355 3362 1410 3402 95
1437 3373 1479 3402 n.
1501 3361 1585 3402 152
1605 3358 1677 3414 (1),
1708 3358 1957 3413 sepulcralis
1983 3357 2088 3401 OIA
