2202 3730
125 295 373 334 cLAvmvs
982 293 1066 338 373
1679 301 1931 340 cLAvnlvs

210 427 436 471 Niceratos
466 432 494 473 t.
525 434 564 472 1.
596 434 648 482 3;
687 445 820 487 nepos
860 431 930 474 Ti.
963 431 1170 474 Claudius
1212 432 1418 475 Saethida
1446 432 1664 488 Cethegus
1696 435 1932 477 Frontinus

210 499 239 539 t.
267 500 308 539 4.
341 522 392 526 —
424 497 569 540 Potest
596 499 707 541 idem
735 512 821 541 esse
851 498 1060 542 Claudius
1086 501 1334 556 Frontinus,
1367 502 1438 543 cui
1467 502 1703 558 imperator
1723 502 1774 545 T.
1796 503 1932 545 Anto-

209 565 336 607 ninus
366 567 587 622 rescripsit
615 567 814 609 Iulianus
840 566 1003 621 Diyest.
1022 571 1062 618 4,
1084 571 1127 618 2,
1149 571 1205 610 18
1223 583 1296 623 pr.

122 632 205 674 698
237 638 300 678 ΤΙ.
313 639 558 676 CLAVDIVS
574 641 858 677 FRONTINVS
875 642 1170 680 NICERATVS.
1198 637 1238 679 T
1234 637 1335 679 itali
1341 651 1355 680 .·
1374 639 1416 680 ei
1424 638 1562 692 positi
1574 641 1672 681 sunt
1686 638 1860 682 X1122
1874 638 1934 695 (1)

208 701 454 753 Abellinas,
494 702 563 746 CI
564 702 605 746 G
634 706 750 747 1327
776 707 839 760 (2)
870 704 1110 758 Spartanus
1148 709 1187 747 et
1217 704 1283 748 01
1284 705 1325 748 G
1353 709 1462 749 1130
1492 707 1554 762 (3)
1583 707 1771 762 Aryivus
1801 707 1935 762 plane

207 770 361 813 similis
375 770 604 825 Spartano,
625 772 699 814 sed
715 773 854 814 minus
873 773 1053 827 inteyer,·
1073 787 1165 815 cum
1179 774 1318 827 fratre
1335 788 1374 817 a.
1391 778 1471 817 164
1489 776 1741 830 imperatori
1754 776 1805 818 L.
1829 775 1934 819 Vero

209 837 419 881 dedicavit
449 843 476 882 t.
504 840 821 882 >Messeniacum
847 841 936 883 III
956 844 1038 884 495
1069 841 1142 896 (4),
1172 845 1430 884 memoratur
1457 844 1504 886 in
1533 847 1560 886 t.
1590 844 1676 899 filii
1693 844 1936 887 Abellinate

206 905 256 948 X
283 910 395 950 1124
425 906 498 963 (5).

294 974 436 1018 Plena
472 976 648 1018 nomina
686 976 881 1019 exhibent
916 980 944 1022 t.
978 981 1016 1020 1.
1047 981 1090 1021 2.
1121 981 1171 1029 4,
1213 979 1279 1021 Ti.
1311 977 1521 1021 Claudius
1560 980 1796 1024 Frontinus
1837 985 1864 1025 t.
1894 984 1934 1032 5,

211 1075 394 1087 .......
433 1044 663 1087 Niceratus
706 1048 735 1088 t.
763 1048 803 1087 3.
840 1069 899 1075 -
928 1046 1065 1088 Filius
1096 1046 1164 1089 Ti.
1195 1046 1369 1089 Claudii
1400 1047 1598 1090 Frontini
1639 1063 1724 1091 cos.
1756 1052 1785 1093 t.
1821 1053 1860 1093 1.
1890 1053 1933 1104 2,

205 1111 322 1154 tribu
352 1111 538 1165 Quirina
567 1115 595 1155 t.
618 1116 657 1155 1.
679 1116 724 1156 2.
1687 1114 1695 1125 ’

292 1179 408 1222 Xvir
433 1180 620 1223 stlitibus
651 1181 907 1236 iudicandis,
940 1182 1140 1224 tribunus
1170 1181 1416 1225 laticlavius
1446 1183 1626 1238 legionis
1648 1185 1738 1227 1111
1758 1185 1936 1227 Flaviae

208 1250 236 1289 t.
268 1252 306 1290 1.
339 1252 382 1293 2.
414 1253 443 1291 3
473 1249 573 1304 (leg.
603 1249 684 1304 leg.
717 1253 746 1293 t.
775 1251 832 1305 5),
875 1257 1078 1306 quaestor
1118 1266 1194 1307 pro
1232 1258 1432 1307 praetore
1462 1253 1714 1307 provinciae
1744 1253 1936 1296 Achaiae

208 1319 236 1358 t.
267 1320 305 1361 1.
337 1320 381 1360 2.
411 1321 450 1372 3,
493 1318 548 1360 ab
588 1320 697 1360 actis
738 1326 911 1361 senatus
952 1322 980 1363 t.
1011 1323 1037 1362 1
1066 1321 1147 1374 (ἐπὶ
1177 1324 1257 1363 τῶν
1289 1322 1586 1377 ὑπομνημάτων
1616 1325 1688 1377 τῆς
1717 1324 1935 1379 συνκλήτου

209 1384 265 1427 Μ.
298 1383 497 1443 Αὐρηλίου
530 1385 779 1431 Ἀντωνείνου
822 1388 1064 1445 Γερμανικοῦ
1105 1391 1133 1433 t.
1164 1392 1206 1432 2.
1237 1391 1265 1431 3
1303 1389 1359 1443 cf.
1396 1389 1644 1439 Mommsen,
1675 1389 1937 1433 Staatsrecht

207 1453 270 1496 II
272 1454 290 1478 ⁸
314 1469 362 1508 p.
385 1458 466 1497 901
487 1455 585 1498 adn.
605 1457 661 1510 5),
685 1455 836 1498 aedilis
857 1456 1032 1511 curulis,
1054 1463 1228 1513 praetor
1255 1459 1283 1501 t.
1305 1460 1343 1501 1.
1364 1460 1408 1501 2.
1429 1460 1468 1499 3.
1486 1482 1538 1486 —
1557 1457 1726 1501 sodalis
1748 1458 1936 1501 Hadria-

207 1521 317 1563 nalis
349 1525 377 1566 t.
407 1527 447 1565 1.
477 1526 518 1567 2.
547 1527 598 1575 3,·
627 1530 835 1580 patronus
866 1523 1060 1567 coloniae
1088 1523 1280 1567 Abellini
1312 1528 1340 1569 t.
1371 1528 1411 1567 1.

291 1590 447 1633 Frater
475 1590 631 1644 (minor
649 1596 697 1635 ut
719 1592 895 1643 videtur,
920 1606 1013 1635 oum
1032 1607 1182 1635 nomen
1202 1593 1326 1635 huius
1347 1596 1650 1650 postponatur)
1671 1593 1738 1637 Ti.
1762 1591 1935 1636 Claudii

209 1659 440 1702 Saethidae
459 1660 654 1703 Caeliani
673 1664 701 1703 t.
718 1665 758 1712 4,
776 1667 898 1717 pater
912 1661 977 1705 Ti.
991 1660 1161 1704 Claudii
1184 1661 1415 1704 Saethidae
1432 1661 1613 1716 Cethegi
1634 1662 1833 1704 Frontini
1852 1664 1879 1705 t.
1895 1665 1934 1705 5.

121 1726 205 1769 699
236 1734 287 1770 M.
321 1734 567 1771 CLAVDIVS
598 1735 811 1772 FRONTO.
877 1730 1032 1772 Tituli:
1073 1731 1113 1772 ei
1141 1731 1311 1784 positus
1341 1733 1412 1780 est,
1446 1744 1539 1772 eum
1568 1729 1740 1772 Dacias
1767 1731 1939 1785 reyebat

208 1796 297 1839 III
327 1801 434 1840 1457
463 1795 522 1853 (1)
561 1798 1003 1853 Sarmizeqetusensis,
1041 1801 1143 1852 post
1184 1802 1359 1841 mortem
1403 1799 1596 1841 urbanus
1634 1798 1704 1842 VI
1735 1802 1843 1841 1377
1873 1799 1937 1854 (2)

206 1869 396 1908 servatus
426 1866 480 1908 ab
509 1880 593 1909 uno
623 1866 798 1921 Diyorio
827 1880 913 1908 non
931 1866 1033 1921 ,sine
1062 1866 1461 1921 interpolationibus
1490 1866 1761 1922 quibusdam,·
1789 1882 1937 1910 merno-

124 1977 130 1979 Δ
207 1937 333 1976 ratur
371 1935 418 1977 in
458 1937 486 1979 t.
524 1935 715 1977 veterani
751 1934 841 1977 III
872 1934 916 1978 S.
949 1937 1054 1978 7505
1083 1934 1168 1990 (3);
1208 1934 1266 1977 ad
1304 1934 1477 1977 eundem
1517 1939 1707 1990 spectare
1745 1935 1938 1979 videntur

208 2002 397 2056 frustula
426 2006 455 2045 t.
485 2002 644 2046 Dacici
671 2003 759 2046 III
782 2005 907 2047 6250.

292 2071 352 2114 M.
385 2071 595 2114 Claudius
624 2071 786 2114 Fronto
815 2075 841 2113 t.
874 2075 911 2114 1.
942 2075 986 2122 2,
1019 2071 1084 2117 Cl.
1115 2072 1279 2114 Fronto
1309 2075 1336 2116 t.
1362 2075 1402 2123 3,
1433 2072 1596 2114 Fronto
1627 2073 1807 2115 Lucian.
1839 2087 1937 2127 quo-

206 2139 328 2182 modo
347 2139 444 2183 hist.
469 2140 671 2183 conscrib.
692 2140 749 2181 sit
769 2142 841 2184 21.
857 2165 915 2169 —
934 2139 1002 2182 Ti.
1024 2139 1139 2182 filius
1161 2143 1188 2182 t.
1207 2144 1232 2181 1
1248 2140 1333 2195 [2],
1357 2140 1477 2183 tribu
1497 2140 1683 2193 Quirina
1703 2143 1731 2185 t.
1752 2145 1790 2183 1.
1812 2144 1857 2184 2.
1884 2166 1934 2171 —-

209 2206 482 2251 Clarissimus
513 2209 582 2250 vir
611 2211 640 2252 t.
665 2211 706 2250 3.

291 2276 526 2319 Decemvir
556 2276 742 2319 stlitibus
772 2276 1029 2331 iudicandis,
1063 2283 1266 2332 quaestor
1296 2276 1500 2331 urbanus,
1527 2276 1581 2318 ab
1610 2278 1718 2319 actis
1747 2283 1932 2332 senatus,

206 2344 356 2387 aedilis
387 2345 564 2401 curulis,
595 2352 779 2401 praetor,
810 2345 980 2400 legatus
1002 2344 1094 2386 divi
1114 2344 1326 2387 Antonini
1347 2345 1536 2399 Augusti
1560 2344 1619 2399 (d.
1647 2344 1698 2389 A.
1721 2345 1774 2387 A.
1797 2346 1936 2387 omisit

211 2417 238 2456 t.
268 2416 312 2467 1)
343 2413 525 2469 legionis
555 2414 623 2456 XI
655 2413 862 2456 Claudiae
893 2416 920 2456 t.
941 2417 980 2456 1.
1011 2416 1068 2465 2,·
1097 2412 1266 2467 legatus
1295 2412 1595 2468 Augustorum
1627 2417 1699 2468 (τ-
1718 2413 1868 2455 Marci
1894 2416 1934 2456 et

214 2481 326 2536 Vera)
368 2481 525 2536 legioni
566 2483 588 2524 I
627 2482 869 2524 Minerviae
909 2482 953 2523 in
999 2481 1320 2537 expeditionem
1360 2481 1608 2523 Parthicam
1653 2481 1933 2523 deducendae

207 2553 235 2594 t.
266 2553 298 2593 2
337 2549 437 2605 (leg.
468 2550 551 2605 leg.
582 2551 604 2592 I
643 2550 749 2593 Min.
781 2553 808 2592 t.
840 2551 908 2605 1)3
948 2549 1114 2604 legatus
1158 2549 1455 2604 Augustorum
1494 2564 1572 2606 pro
1613 2565 1677 2606 pr.
1717 2551 1934 2592 exercitus

204 2618 429 2674 legionarii
462 2626 504 2661 et
531 2618 792 2661 auxiliorum
823 2634 900 2675 per
932 2619 1140 2661 orientem
1171 2619 1216 2659 in
1236 2618 1487 2660 Armeniam
1520 2624 1562 2660 et
1592 2617 1862 2661 Osrhoenam
1892 2625 1934 2660 et

205 2687 535 2731 Anthemusiam
564 2688 803 2742 ductorum,
837 2689 991 2730 missus
1022 2687 1078 2730 ad
1109 2688 1378 2730 iuventutem
1403 2702 1482 2744 per
1501 2686 1673 2729 Italiam
1703 2686 1932 2742 legendam

208 2760 235 2801 t.
266 2759 309 2807 2,
351 2764 524 2799 curator
552 2772 732 2814 operum
762 2756 1043 2813 locorumque
1071 2755 1357 2812 publicorum,
1393 2754 1543 2798 consul
1574 2754 1790 2811 (suffectus
1820 2768 1932 2797 anno

206 2827 294 2880 fere
333 2829 414 2868 166
451 2825 514 2868 vel
545 2825 682 2880 paulo
725 2824 867 2880 antea)
910 2828 937 2867 t.
968 2829 1007 2867 1.
1038 2828 1071 2867 2
1081 2838 1094 2876 ;
1135 2824 1319 2866 donatus
1357 2823 1482 2866 donis
1523 2823 1779 2866 militaribus
1818 2822 1931 2866 bello

205 2893 463 2936 Armeniaeo
485 2899 528 2936 et
547 2893 750 2936 Parthico
772 2893 826 2935 ab
847 2893 1105 2948 imperatore
1125 2891 1345 2933 Antonino
1366 2891 1566 2947 Augusto
1589 2898 1632 2933 et
1652 2907 1678 2933 a
1698 2890 1798 2932 divo
1815 2891 1931 2933 Vero

205 2962 402 3017 Augusto
443 2976 602 3003 corona
639 2960 794 3003 murali
834 2961 937 3003 item
967 2959 1119 3002 vallari
1162 2960 1262 3002 item
1295 2958 1475 3002 classica
1504 2961 1609 3002 item
1645 2974 1787 3013 aurea,
1830 2959 1932 3001 item

205 3030 339 3072 hastis
361 3030 481 3086 puris
502 3035 718 3085 quattuor,
750 3031 853 3071 item
872 3027 1045 3070 vexillis
1066 3034 1270 3084 quattuor
1290 3030 1318 3072 t.
1341 3031 1378 3072 1.
1398 3031 1444 3071 2.
1488 3028 1595 3070 Dux
1615 3027 1717 3070 belli
1739 3027 1931 3069 Parthici

205 3098 286 3141 sub
309 3098 424 3141 Vero
445 3104 711 3140 memoratur
730 3098 911 3141 Isuoian.
935 3097 962 3141 l.
981 3096 1030 3148 l.‚·
1054 3096 1166 3138 dona
1184 3096 1397 3138 militaria
1425 3097 1472 3138 in
1495 3096 1706 3151 triumpho
1726 3095 1930 3138 Parthico

205 3167 365 3222 accepit
394 3181 434 3209 a.
465 3169 546 3208 166
576 3166 825 3217 consularis,
856 3168 904 3207 ut
933 3168 1141 3219 quaterna
1173 3164 1285 3207 dona
1315 3164 1473 3208 docent.
1527 3165 1682 3208 Comes
1712 3165 1804 3207 divi
1824 3165 1931 3208 Veri

204 3235 391 3290 Augusti
422 3237 452 3279 t.
481 3237 521 3276 1.
549 3237 581 3277 2
619 3234 694 3276 sub
733 3234 905 3276 initiwm
946 3233 1046 3275 belli
1081 3233 1399 3275 Marcomanioi
1426 3236 1474 3276 ut
1500 3233 1678 3276 videtur.
1737 3232 1931 3287 Legatus

203 3303 318 3358 Aug.
359 3318 423 3359 pr.
461 3317 526 3359 pr.
568 3302 698 3344 trium
737 3302 974 3344 Daciarum
1014 3308 1056 3344 et
1094 3301 1286 3344 Moesiae
1325 3303 1560 3358 superioris
1600 3305 1629 3344 t.
1660 3305 1709 3353 1,-
1756 3301 1802 3343 in
1842 3303 1871 3343 t.
1900 3303 1932 3344 2

206 3371 394 3414 traditur
422 3369 505 3425 leg.
536 3370 651 3425 Aug.
682 3385 746 3426 pr.
775 3385 841 3426 pr.
871 3370 1195 3426 provinciarum
1224 3369 1399 3414 Daciar.
1432 3376 1475 3412 et
1514 3384 1655 3426 super.
1687 3367 1814 3411 simul
1844 3368 1927 3423 leg.
