2202 3730
79 281 331 320 AVRELIVS
943 277 1027 319 213
1634 281 1888 318 AVRELIVS

81 413 218 455 1285a
247 412 307 455 M.
326 411 530 455 Aurelius
552 411 792 469 Philippus,
823 413 939 455 filius
959 412 1017 454 M.
1041 411 1207 455 Aurelii
1230 412 1440 467 Cassiani,
1472 412 1608 455 frater
1634 413 1694 455 M.
1717 412 1885 455 Aurelii

165 481 372 535 Cassiani,
404 481 603 524 tribunus
634 481 821 523 cohortis
851 483 872 524 I
902 481 1082 524 Flaviae
1118 480 1328 523 miliariae
1358 482 1618 537 Bryttonum
1650 479 1887 523 Maluensis

163 565 251 592 una
280 564 378 591 cum
408 549 540 592 fratre
567 551 679 606 patri
710 550 854 606 posuit
894 553 921 593 t.
958 550 1368 592 Thessalonicensem
1406 549 1886 604 Archaoloyiseh-Epi-

158 616 410 672 yraphisehe
431 616 635 659 Mittheil.
658 631 697 660 a.
717 617 976 659 Oesterreieh
995 617 1147 659 XVII
1163 617 1305 673 (1894)
1322 632 1369 671 p.
1391 621 1475 659 117
1492 638 1544 652 -—-
1567 617 1656 660 III
1671 617 1720 660 S.
1737 620 1885 660 13704.
1919 622 1923 626 '

79 686 189 728 1286
217 691 467 727 AVRELIVS
498 691 620 739 PIVS,
655 691 826 727 senator
854 701 892 727 a.
927 686 978 727 15
1015 685 1112 729 Tac.
1141 699 1180 729 a.
1207 689 1246 735 1,
1275 688 1339 728 75.

79 754 187 796 1287
218 752 423 795 Aurelius
445 752 625 807 Probus,
657 753 830 809 baphiis
855 754 1125 809 praepositus
1151 767 1286 808 genus
1317 769 1536 810 purpurae
1566 755 1744 807 invenit,
1775 769 1886 810 quae

163 821 296 876 vulgo
327 821 546 864 Probiana
574 821 734 863 dicitur
762 822 832 865 vit.
863 821 1106 863 Aleoeandri
1135 821 1282 864 Sei'eri
1310 825 1376 872 40,
1408 825 1446 872 6,
1478 825 1616 865 aetate
1644 821 1888 865 Alexandri

159 893 209 932 at
235 890 412 940 videtur,
445 890 499 942 ef.
531 889 792 942 Hirschfeld,
823 889 1191 943 Untersaehanyen
1212 904 1258 943 p.
1280 893 1362 932 193
1393 890 1489 932 acln.
1515 894 1555 932 1.

81 958 188 1001 1288
218 964 321 999 ΙΜΡ.
350 963 546 999 CAESAR
575 964 631 999 M.
661 963 912 999 AVRELIVS
942 963 1131 999 PROBVS
1161 964 1275 999 AVG.
1323 957 1464 1000 Plena
1491 959 1666 1001 nomina
1694 958 1886 1000 indicant

162 1025 277 1068 tituli
305 1026 574 1080 imperatoris
605 1028 645 1067 et
672 1026 846 1067 nummi.
904 1025 1109 1067 Aurelius
1138 1025 1340 1068 Valerius
1371 1027 1541 1069 Probus
1570 1028 1660 1069 vita
1686 1030 1752 1077 11,
1781 1029 1809 1069 5
1839 1028 1885 1068 in

162 1094 269 1137 actis
298 1096 469 1136 senatus
498 1094 630 1148 fietis,
673 1107 850 1147 qaorum
885 1097 1034 1136 auctor
1062 1093 1235 1136 Aurelii
1263 1093 1425 1136 Valerii
1452 1094 1716 1138 Diocletiani
1742 1096 1884 1137 memi-

159 1163 271 1205 nisse
296 1161 482 1213 videtur;
511 1162 713 1217 Equitius
744 1161 911 1203 Probus
941 1161 1135 1215 Epitome
1153 1165 1219 1211 36,
1240 1166 1283 1205 2.
1349 1161 1541 1205 Ceteram
1571 1163 1739 1205 Probus
1771 1163 1887 1218 apud

158 1231 396 1286 scripiores.
580 1284 582 1287 y
1854 1252 1859 1256 -

235 1289 468 1342 ‘Oriundus
508 1312 563 1339 ex
603 1297 761 1354 oppido
791 1297 947 1341 Sirmio
977 1299 1066 1340 vita
1094 1301 1132 1349 3,
1164 1302 1214 1350 1;
1242 1302 1313 1349 21,
1344 1303 1388 1349 2,
1430 1298 1572 1341 Victor
1598 1298 1717 1342 Caes.
1744 1302 1812 1348 37,
1843 1302 1882 1348 4,

164 1368 352 1423 ‘genitus
388 1372 512 1424 patre
548 1366 708 1420 agresti
746 1365 968 1408 hortorum
998 1366 1186 1408 studioso
1216 1366 1435 1408 Dalmatio
1466 1368 1653 1409 nomine‘
1687 1366 1885 1421 Epitome

159 1440 227 1487 37,
249 1439 298 1488 1;
329 1435 501 1488 ‘Probo,
533 1441 581 1477 ut
611 1433 787 1491 quidam
817 1435 863 1475 in
892 1434 1056 1476 litteras
1087 1435 1357 1490 rettulerunt,
1390 1441 1514 1491 pater
1547 1436 1721 1477 nomine
1745 1435 1884 1476 Maxi-

158 1520 255 1547 mus
284 1503 377 1558 fuit,
410 1505 484 1560 qui
515 1518 614 1545 cum
645 1502 817 1544 ordines
847 1502 1145 1545 honestissime
1166 1503 1372 1556 duxisset,
1404 1502 1671 1545 tribunatum
1702 1502 1884 1558 adeptus

158 1572 277 1629 apud
315 1572 567 1629 Aegyptum
604 1572 696 1613 vita
734 1571 907 1613 functus
947 1578 1011 1613 est
1047 1586 1183 1613 uxore
1223 1586 1274 1613 ac
1312 1571 1400 1613 filio
1442 1578 1483 1613 et
1521 1571 1611 1614 filia
1649 1570 1880 1613 derelictis‘

159 1642 250 1684 vita
278 1645 318 1692 3,
348 1644 392 1692 2,
435 1640 619 1684 Claudia
657 1654 780 1682 soror
818 1639 904 1684 ibd.
934 1642 973 1690 3,
1005 1643 1044 1682 4.
1110 1640 1227 1693 Quae
1267 1640 1316 1682 de
1353 1641 1597 1682 muneribus
1626 1639 1886 1682 militaribus

158 1709 296 1753 Probi
333 1713 372 1752 et
412 1709 461 1752 de
498 1709 624 1751 rebus
665 1709 718 1751 ab
759 1723 805 1751 eo
846 1711 944 1750 ante
973 1709 1196 1763 imperium
1222 1709 1351 1763 yestis
1378 1709 1468 1751 vita
1496 1710 1584 1751 3-9
1613 1711 1882 1758 enarrantur,

154 1779 322 1833 partim
349 1779 440 1820 sine
469 1777 596 1820 dubio
625 1777 742 1831 falsa
771 1777 961 1832 fictaque,
979 1780 1089 1827 sant,
1113 1778 1279 1831 partim
1309 1780 1524 1831 suspectae
1552 1776 1664 1831 fidei.
1724 1775 1882 1818 Tribu-

158 1852 306 1889 natum
347 1861 483 1903 prope
525 1846 730 1888 imberbis
761 1860 787 1887 a
816 1845 1050 1888 Valeriano
1093 1846 1260 1902 accepit
1298 1845 1383 1889 ibd.
1414 1849 1453 1896 3,
1494 1844 1549 1887 ab
1589 1845 1739 1887 eodem
1768 1843 1881 1887 bello

158 1915 396 1958 Sarmatico
426 1915 550 1956 donis
587 1913 847 1956 militaribus
878 1913 1062 1956 donatus
1103 1920 1146 1956 et
1183 1913 1343 1968 legioni
1373 1914 1439 1956 ΠΙ
1469 1912 1605 1955 Felici
1636 1913 1728 1969 (sie)
1759 1927 1880 1969 prae-

105 1976 120 1979 *
156 1984 322 2040 positus
354 1989 419 2025 est
447 1983 532 2025 ibd.
557 1985 598 2033 5,
639 1982 694 2025 ab
725 1981 960 2024 Aureliano
1004 1982 1238 2024 decimanis
1269 1982 1354 2025 ibd.
1385 1985 1411 2024 6
1421 1996 1435 2033 ;
1474 1983 1652 2024 Tacitus
1682 1982 1721 2023 ei
1751 1982 1880 2024 totius

159 2052 335 2094 orientis
365 2051 571 2093 ducatum
598 2050 690 2106 (sic)
722 2050 915 2092 decrevit
944 2050 1029 2093 iba.
1055 2054 1092 2092 7.
1136 2051 1287 2092 Tacito
1316 2057 1497 2104 mortuo,
1531 2065 1629 2092 cum
1651 2049 1880 2092 Florianus

156 2121 383 2176 imperium
413 2120 666 2175 arripuisset
695 2125 737 2161 et
766 2134 792 2160 a
821 2125 973 2161 senatu
1003 2120 1175 2174 agnitus
1207 2126 1337 2173 esset,
1368 2119 1536 2161 Probus
1577 2120 1622 2168 in
1661 2119 1824 2160 oriente
1855 2133 1880 2159 a

155 2188 363 2230 militibus
394 2188 626 2243 imperator
653 2187 795 2229 factus
826 2193 911 2241 est3
941 2189 1005 2229 καὶ
1026 2187 1181 2244 Πρόβος
1212 2189 1282 2243 μὲν
1315 2189 1401 2243 εἶχε
1420 2188 1564 2243 Συρίαν
1596 2189 1661 2230 καὶ
1689 2189 1877 2244 Φοινίκην

154 2259 218 2300 καὶ
239 2256 502 2311 Παλαιστίνην
523 2258 587 2298 καὶ
608 2257 678 2312 τὴν
702 2256 895 2311 Αἴγυπτον
918 2256 1087 2306 ἅπασαν,
1113 2256 1161 2298 τὰ
1189 2257 1232 2298 δὲ
1254 2258 1333 2298 ἀπὸ
1356 2254 1533 2302 Κιλικίας
1555 2255 1692 2312 μέχρις
1713 2254 1878 2302 Ἰταλίας

155 2324 408 2381 Φλωριανός·
441 2325 640 2382 ὑπήκουον
675 2325 718 2366 ’δὲ
749 2325 858 2381 αὐτῷ
887 2326 951 2367 καὶ
981 2324 1030 2365 τὰ
1059 2325 1156 2380 ὓπὲρ
1186 2324 1254 2370 τὰς
1279 2322 1433 2370 Ἄλπεις
1463 2324 1575 2380 ἔθνη,
1608 2325 1783 2367 Γαλάται
1813 2327 1877 2367 καὶ

152 2393 306 2451 Ἴβηρες
335 2390 418 2448 ἅμα
445 2400 495 2448 τῇ
525 2391 770 2449 Βρεττανικῇ
799 2394 907 2449 νήσῳ
937 2394 1001 2434 καὶ
1030 2392 1187 2448 προσέτι
1217 2408 1263 2448 γε
1294 2390 1429 2434 ἅπασα
1450 2392 1574 2449 Λιβύη
1604 2394 1669 2435 καὶ
1698 2392 1746 2435 τὰ
1766 2391 1877 2435 Μαυ-

153 2462 288 2518 ρούσια
321 2464 439 2518 φῦλα,
471 2460 701 2502 Florianus
732 2461 777 2502 in
808 2460 966 2516 oppido
987 2460 1123 2502 Tarso
1154 2475 1180 2502 a
1211 2460 1352 2502 Probo
1383 2460 1581 2502 obsessus
1611 2476 1637 2502 a
1664 2460 1876 2503 militibus

153 2530 319 2572 occisus
354 2536 419 2571 est
449 2535 491 2571 et
520 2529 689 2571 Probus
718 2528 834 2571 solus
865 2529 1094 2584 imperium
1126 2530 1264 2570 tenuit
1294 2518 1450 2570 Zosim.
1482 2531 1520 2579 I,
1552 2532 1605 2571 64
1635 2527 1796 2581 (eadem
1826 2542 1876 2570 ex

153 2598 293 2641 eodem
332 2600 502 2640 anctore
533 2598 697 2639 brevius
727 2597 887 2639 Zonar.
913 2600 983 2646 12,
1015 2600 1072 2639 29
1095 2611 1143 2651 p.
1167 2599 1248 2639 154
1277 2596 1340 2639 ed.
1369 2596 1598 2651 Dindorf).
1659 2595 1823 2639 Consul
1853 2597 1875 2639 I

153 2682 179 2708 a
216 2667 312 2717 277,
353 2667 399 2709 II
429 2681 466 2708 a.
499 2666 593 2721 278,
635 2666 703 2708 III
733 2681 771 2709 a.
801 2666 895 2720 279,
938 2665 1029 2707 IIII
1059 2680 1096 2706 a.
1129 2665 1224 2718 280,
1256 2665 1299 2707 V
1329 2680 1366 2708 a.
1398 2665 1478 2707 281
1512 2665 1631 2719 fasti.
1691 2664 1873 2713 Occisus

152 2734 299 2777 Sirmii
328 2749 355 2776 a
382 2733 593 2776 militibus
622 2734 711 2775 vita
738 2736 805 2784 37,
838 2733 978 2776 Victor
1005 2732 1124 2775 Caes.
1147 2736 1213 2783 37,
1234 2737 1273 2783 4,
1302 2733 1500 2788 Epitome
1525 2736 1592 2783 37,
1619 2736 1660 2784 4,
1690 2733 1871 2788 Eutrop.

150 2806 193 2854 9,
222 2806 290 2854 17,
321 2802 481 2845 Zonar.
511 2805 581 2852 12,
611 2805 669 2845 29
700 2804 803 2846 extr.

237 2871 454 2925 Regnavit
483 2871 606 2912 annis
636 2870 829 2926 quinque
854 2870 943 2912 vita
961 2873 1032 2920 21,
1055 2873 1107 2921 3,·
1135 2872 1208 2920 22,
1230 2873 1273 2920 2,
1306 2869 1433 2926 paulo
1463 2870 1605 2911 minus
1636 2884 1765 2926 quam
1796 2884 1872 2911 sex

153 2954 288 2982 annos
319 2938 462 2982 Victor
488 2938 609 2982 Caes.
629 2941 696 2989 37,
717 2942 757 2989 4,
788 2938 949 2980 Zenar.
972 2937 998 2980 l.
1021 2938 1075 2988 l.,·
1104 2952 1181 2979 sex
1202 2952 1336 2980 annos
1356 2938 1551 2992 Fspitome
1570 2940 1637 2988 37,
1657 2941 1708 2989 4;
1738 2952 1872 2980 annos

153 3023 231 3050 sex
274 3022 442 3049 menses
487 3013 693 3063 quattuor
735 3006 916 3060 Eutrop.
952 3010 990 3056 9,
1026 3009 1094 3056 17,
1142 3006 1686 3061 Eusebius-Hieronymus
1730 3006 1871 3049 chron.

147 3091 196 3131 p.
219 3078 312 3120 184.
336 3077 417 3118 185
437 3075 499 3119 ed.
521 3075 708 3126 Senon&
738 3089 873 3116 annos
904 3090 982 3116 sex
1002 3089 1170 3116 menses
1191 3074 1299 3116 duos
1319 3074 1411 3116 dies
1432 3074 1658 3116 duodecim
1681 3074 1872 3117 Chrono-

147 3143 358 3199 9rafflms,
405 3150 569 3200 septem
614 3158 747 3185 annos
794 3157 879 3184 non
925 3144 1115 3197 integros
1159 3143 1320 3185 Iulian.
1364 3142 1483 3186 Caes.
1520 3157 1571 3196 p.
1600 3145 1694 3185 314.
1764 3142 1872 3186 Cum

151 3211 414 3254 Florianum
435 3215 536 3266 post
563 3210 738 3266 reynnm
768 3211 945 3253 duorum
975 3211 1064 3264 fere
1090 3212 1293 3253 mensium
1324 3214 1480 3253 aestate
1511 3226 1550 3253 a.
1578 3214 1663 3254 276
1693 3212 1871 3255 occisum

149 3293 236 3323 esse
256 3282 413 3322 constet
431 3278 504 3334 (ef.
524 3279 568 3321 A
587 3280 698 3330 488),
730 3279 897 3322 Probus
919 3281 1080 3321 aestate
1110 3278 1291 3321 eiusdem
1321 3280 1427 3322 anni
1454 3280 1622 3321 ineunte
1653 3280 1870 3334 imperium

148 3348 264 3400 iniit.
316 3346 447 3391 Cuius
476 3347 634 3390 annum
665 3351 853 3391 octavum
881 3347 1043 3389 nummi
1070 3346 1359 3390 Alexandrini
1389 3361 1482 3390 oum
1512 3347 1747 3398 exhibeant,
1779 3361 1869 3389 eam
