2202 3730
256 280 468 315 ARISTOB
475 279 596 314 VLVS
1115 270 1198 311 134
1759 276 2061 313 ARISTONICE

342 410 582 466 spargebat,
615 408 839 450 lacessitus
870 405 1066 448 Herodes
1089 406 1367 462 Antipatrum
1397 405 1535 448 filium
1564 406 1803 462 relegatum
1832 406 1888 449 ad
1919 406 2063 450 aulam
2149 437 2155 443 -

339 478 560 520 revocavit
591 482 632 517 et
662 474 897 516 honoribus
928 475 1142 530 provexit,
1175 474 1290 516 unde
1311 473 1551 516 discordiae
1571 475 1684 517 inter
1703 481 1871 531 patrem
1893 481 1935 517 et
1953 474 2064 517 filios

342 546 615 588 Mariammes
647 550 765 585 ortae
787 549 887 584 sunt
907 543 964 585 id.
989 546 1076 585 ant.
1099 546 1164 594 16,
1184 546 1223 593 3,
1257 543 1350 585 bell.
1374 546 1412 593 1,
1433 545 1502 594 23,
1526 546 1629 586 1-2.
1681 543 1805 596 Quae
1826 558 1923 586 cum
1942 542 2066 586 Anti-

342 620 462 670 patro
495 619 670 654 auctore
701 617 943 653 crescerent
972 612 1016 652 in
1047 611 1151 666 dies,
1183 611 1380 653 Herodes
1402 612 1446 653 in
1466 611 1634 654 Italiam
1654 611 1874 668 profectus
1895 611 1953 667 (a.
1975 612 2066 666 fere

343 686 426 725 742
447 702 501 715 z
522 680 594 734 12)
625 680 735 721 filios
765 694 911 721 secum
941 679 1151 722 adductos
1174 679 1402 736 Aquileiae
1423 679 1539 735 apud
1558 679 1807 734 Augustum
1829 681 2064 731 accusavit,

343 751 418 792 sed
447 750 502 792 ab
533 750 792 805 imperatore
823 749 866 789 in
897 749 1082 803 gratiam
1112 747 1279 790 reducti
1310 754 1411 790 sunt
1440 748 1497 792 id.
1521 751 1607 792 ant.
1631 751 1697 799 16,
1717 752 1756 799 4,
1778 751 1878 799 1—4,
1912 748 2004 791 bell.
2026 752 2065 799 1,

341 822 410 868 23,
431 821 471 860 3.
521 818 710 859 Domum
740 817 903 858 reversi
935 816 1077 858 denuo
1108 817 1355 859 inimicitias
1378 815 1653 871 exercebant,
1685 831 1792 872 quas
1822 818 1868 858 in
1899 822 2067 874 tempus

344 885 584 928 Archelaus
610 885 851 940 composuit
870 884 927 926 id.
951 887 1038 926 ant.
1059 888 1124 935 16,
1145 887 1186 934 8,
1209 887 1246 934 6,
1280 883 1373 927 bell.
1395 887 1432 935 1,
1455 886 1525 935 25,
1558 883 1663 926 dum
1683 884 1882 927 Herodes
1901 884 2067 927 Aristo-

341 954 493 997 bulum
524 959 567 995 et
594 952 893 995 Alexandrum
928 953 1107 994 crimine
1137 951 1359 1008 parricidii
1390 952 1433 993 in
1464 951 1641 994 vincula
1671 953 1856 995 coniecit
1888 953 1945 997 id.
1978 956 2065 998 ant.

341 1028 406 1074 16,
429 1027 494 1074 10,
529 1022 621 1065 bell.
643 1025 680 1072 1,
703 1024 773 1071 27,
796 1025 833 1063 1.
879 1021 948 1063 De
970 1020 1138 1063 consilii
1160 1021 1385 1075 sententia,
1419 1020 1535 1077 quod
1556 1022 1766 1077 Berytum
1792 1028 2064 1072 convocarat,

343 1092 535 1134 damnati
566 1098 608 1133 et
636 1090 749 1146 apud
773 1089 983 1132 sebasten
1014 1090 1144 1132 occisi
1175 1096 1276 1132 sunt
1306 1104 1345 1133 a.
1376 1091 1466 1144 fere
1493 1093 1574 1132 747
1591 1110 1646 1124 =
1666 1092 1693 1133 7
1722 1090 1779 1133 id.
1803 1093 1890 1133 ant.
1912 1094 1976 1142 16,
1999 1093 2065 1141 11,

341 1164 441 1210 1-7,
475 1160 566 1203 bell.
588 1163 626 1210 1,
649 1163 719 1209 27,
742 1161 846 1209 2-6,
869 1157 1096 1211 (Nicolaus
1117 1158 1374 1202 Damaseen.
1396 1158 1445 1201 de
1464 1159 1553 1201 vita
1573 1172 1653 1202 sua
1672 1160 1730 1214 fr.
1751 1161 1778 1202 5
1797 1158 1951 1203 FHG.
1972 1159 2065 1210 III,

343 1229 501 1273 Strabo
531 1232 597 1279 16,
621 1230 729 1285 765).

426 1297 575 1339 Liberi
606 1296 868 1339 Aristobuli:
910 1295 1203 1346 Aristobulus,
1246 1295 1419 1350 (Iulius)
1441 1294 1640 1352 Agrippa
1669 1296 1709 1350 (I
1730 1297 1838 1351 rex),
1870 1295 2068 1339 Herodes

344 1382 422 1408 rex
443 1365 673 1420 Chalcidis,
706 1364 934 1418 Herodias,
967 1364 1221 1407 Mariamme
1242 1364 1406 1419 Ioseph.
1430 1368 1518 1407 ant.
1539 1367 1605 1415 18,
1626 1367 1664 1415 5,
1685 1368 1724 1415 4,
1757 1364 1850 1407 bell.
1872 1368 1910 1415 1,
1931 1367 2003 1415 28,
2027 1368 2066 1407 1.

258 1437 339 1478 863
372 1434 648 1477 Aristobulus
670 1434 831 1487 (iunior
862 1433 1035 1475 additur
1064 1434 1110 1476 in
1141 1433 1323 1487 epistula
1358 1432 1540 1476 Claudii
1561 1433 1726 1488 Ioseph.
1750 1436 1836 1475 ant.
1852 1436 1923 1484 20,
1945 1437 1984 1484 1,
2005 1432 2067 1487 2),

343 1503 455 1545 filius
478 1501 719 1544 Aristobuli
742 1508 783 1544 et
803 1502 1046 1556 Berenices,
1074 1516 1207 1558 nepos
1227 1501 1416 1543 Herodis
1437 1501 1600 1556 Magni,
1623 1501 1756 1543 frater
1770 1501 1994 1558 Agrippae
2010 1501 2067 1556 (I)

341 1572 454 1624 regis
486 1578 527 1612 ct
556 1571 745 1612 Herodis
774 1571 889 1625 regis
921 1569 1139 1613 Chalcidis
1169 1570 1334 1625 Ioseph.
1367 1573 1453 1614 ant.
1485 1573 1550 1620 18,
1581 1572 1620 1620 5,
1650 1573 1690 1621 4,
1733 1570 1826 1613 bell.
1857 1573 1895 1621 1,
1926 1571 1997 1621 28,
2028 1573 2066 1612 1.
2104 1627 2105 1631 Ἰ

342 1641 523 1695 Iotapen
546 1639 882 1694 Sampsigerami
904 1639 1017 1693 regis
1039 1639 1351 1680 Emesenorum
1381 1637 1513 1680 filiam
1535 1639 1580 1680 in
1601 1639 1922 1681 matrimonium
1943 1637 2070 1680 duxit
2119 1677 2124 1682 .

344 1707 400 1749 vid.
445 1710 531 1750 ant.
563 1709 629 1757 18,
651 1709 689 1756 5,
712 1710 750 1749 4.
815 1706 1137 1762 (Pomponium)
1173 1706 1380 1749 Flaccum
1419 1705 1609 1762 legatum
1651 1706 1806 1762 Syriae
1845 1705 2068 1762 Agrippae

344 1777 467 1818 fratri
499 1775 714 1817 infensum
743 1775 932 1817 reddidit
961 1775 1018 1817 id.
1049 1779 1135 1817 ant.
1166 1778 1236 1826 18,
1259 1779 1296 1826 6,
1317 1779 1358 1820 3.
1406 1774 1460 1818 A.
1489 1775 1544 1817 40
1584 1774 1701 1831 apud
1736 1775 1784 1817 P.
1816 1775 2069 1817 Petronium

343 1844 533 1898 legatum
568 1844 721 1899 Syriae
763 1858 859 1885 cum
899 1843 994 1885 aliis
1023 1843 1196 1885 Iudaeis
1237 1843 1494 1899 deprecatus
1526 1849 1609 1898 est,
1652 1858 1708 1885 ne
1738 1849 1881 1886 statua
1912 1843 1994 1887 Gai
2022 1844 2068 1885 in

347 1911 503 1968 templo
545 1911 938 1967 Hierosolymitano
979 1918 1212 1968 poneretur
1251 1912 1308 1954 id.
1341 1916 1429 1954 ant.
1461 1915 1526 1962 18,
1558 1915 1598 1963 8,
1619 1915 1657 1955 4.
1718 1912 1923 1954 Privatus
1963 1911 2071 1954 obiit

346 1982 494 2037 Iotape
526 1980 614 2022 filia
647 1980 778 2023 surda
805 1979 955 2022 relicta
982 1980 1040 2022 id.
1073 1980 1166 2022 bell.
1188 1984 1232 2031 2,
1253 1984 1318 2031 11,
1340 1984 1377 2023 6.

260 2051 344 2092 864
375 2048 664 2103 Aristobulus,
686 2048 799 2091 filius
821 2049 1009 2091 Herodis
1031 2050 1145 2104 regis
1167 2048 1384 2092 Chalcidis
1407 2064 1461 2091 ex
1483 2064 1620 2092 uxore
1639 2050 1783 2105 priore
1803 2049 2069 2105 Mariamme,

348 2133 479 2174 nepos
510 2117 748 2160 Aristobuli
780 2117 837 2173 (n.
858 2117 972 2174 862),
1004 2132 1218 2174 pronepos
1248 2118 1436 2160 Herodis
1466 2118 1617 2173 Magni
1647 2117 1812 2171 Ioseph.
1835 2120 2008 2168 ant.18,
2028 2120 2068 2169 5,

348 2191 398 2238 4;
426 2190 495 2236 20,
519 2189 557 2236 5,
579 2189 622 2236 2,
657 2186 750 2228 bell.
769 2189 811 2240 2,
834 2189 899 2236 11,
924 2190 960 2230 6.
1011 2186 1211 2228 Salomen
1247 2185 1379 2228 filiam
1409 2185 1672 2228 Herodiadis
1703 2192 1745 2228 et
1773 2186 1962 2228 Herodis
1991 2185 2070 2228 filii

348 2254 535 2297 Herodis
566 2255 729 2308 Magni,
762 2269 873 2310 quae
902 2260 1040 2310 nupta
1069 2254 1212 2296 fuerat
1242 2254 1444 2311 Philippo
1476 2254 1716 2297 tetrarchae
1736 2254 2068 2309 Trachonitidis,

348 2331 444 2380 post
482 2329 661 2365 mortem
703 2324 846 2365 mariti
886 2338 1067 2365 uxorem
1106 2323 1232 2365 duxit
1268 2323 1324 2366 id.
1357 2326 1444 2365 ant.
1475 2326 1541 2373 18,
1560 2326 1599 2373 5,
1621 2326 1660 2365 4.
1711 2321 1839 2364 Anno
1870 2324 1926 2366 54
1955 2324 2071 2366 Nero

347 2394 555 2434 minorem
586 2391 836 2434 Armeniam
854 2392 906 2433 'ei
937 2407 1034 2433 cum
1066 2392 1307 2446 insignibus
1336 2392 1466 2446 regiis
1494 2391 1719 2433 mandavit
1754 2392 1851 2434 Tac.
1883 2406 1923 2436 a.
1943 2395 2008 2442 13,
2033 2394 2071 2443 7,

347 2460 511 2514 Ioseph.
544 2464 630 2502 cmi
659 2465 729 2511 20,
752 2463 791 2510 8,
813 2464 852 2511 4,
886 2461 978 2503 bell.
1000 2463 1043 2510 2,
1066 2465 1130 2511 13,
1152 2465 1196 2504 2.
1226 2460 1354 2503 Anno
1385 2462 1440 2503 60
1471 2475 1570 2516 pars
1597 2460 1830 2503 Armeniae
1860 2460 2071 2515 (maioris)

350 2530 386 2570 ei
418 2544 621 2570 concessa
651 2535 714 2571 est
749 2529 847 2571 Tae.
881 2543 920 2570 a.
952 2532 1018 2579 14,
1044 2532 1114 2572 26.

433 2597 552 2638 Idem
580 2596 743 2638 videtur
762 2595 1040 2638 Aristobulus
1069 2611 1147 2638 rex
1170 2595 1439 2639 Chalcidices
1464 2603 1604 2639 aetate
1625 2597 1882 2653 Vespasiani
1903 2597 2070 2652 Ioseph.

350 2665 441 2708 bell.
466 2668 502 2714 7,
527 2668 563 2714 7,
586 2668 611 2705 1
643 2665 713 2718 (ef.
738 2664 934 2714 Schilrer,
970 2664 1213 2707 Gesehiehte
1244 2665 1314 2707 des
1335 2665 1560 2719 jiidisehen
1591 2665 1736 2708 Volkes
1756 2666 1790 2707 I
1801 2681 1848 2720 p.
1871 2665 1982 2720 607),
2014 2665 2073 2708 ad

349 2747 467 2787 quem
487 2734 674 2787 pertinet
702 2748 895 2776 nummus
924 2735 970 2776 in
991 2737 1121 2788 parte
1153 2734 1330 2776 adversa
1351 2734 1547 2777 exhibens
1568 2734 1760 2791 βασιλέως
1782 2731 2070 2793 Ἀριστοβούλου

350 2803 405 2843 ἐτ.
429 2800 490 2852 ιζ’,
521 2801 566 2842 in
597 2815 746 2842 aversa
771 2801 872 2844 Τίτω
906 2802 1189 2845 Οὐεσπασιανῶ
1221 2803 1474 2858 αὐτοκράτορι
1504 2803 1683 2858 σεβαστῶ
1711 2801 1760 2843 de
1781 2802 1953 2857 Saulcy,
1977 2803 2072 2845 Me'-

352 2870 494 2923 lanyes
517 2868 565 2909 (le
588 2868 925 2923 Mmiismatique
951 2870 1040 2911 III
1052 2884 1100 2923 p.
1121 2873 1202 2911 339
1225 2883 1324 2923 sqq„
1356 2869 1550 2911 Babelon
1579 2869 1721 2910 Revue
1749 2870 2073 2925 numismatique

352 2940 461 2979 1883
479 2952 527 2990 p.
549 2940 640 2987 145,
672 2938 1052 2991 ImhooflBlmmr,
1085 2938 1390 2992 Portreltlcopfe
1421 2938 1505 2991 auf
1526 2938 1697 2980 antiken
1728 2938 1916 2981 Mfflnzen
1934 2954 1983 2993 p.
2004 2943 2071 2982 44.

380 3011 628 3047 AVRELIVS
659 3012 1015 3048 ARISTOBVLVS.

382 3079 628 3114 GLAVDIVS
659 3080 981 3117 ARISTOGLES.

381 3141 611 3182 Petronius
636 3140 938 3183 Aristocrates.

269 3209 351 3251 865
381 3208 720 3263 Aristomachus,
741 3209 938 3252 tribunus
953 3211 1322 3266 praetorianorum
1335 3210 1416 3253 sub
1428 3210 1663 3265 Elagabalo
1676 3211 1744 3253 vit.
1753 3211 1800 3252 E
1805 3211 1944 3269 layab.
1953 3216 2018 3266 14,
2031 3215 2072 3260 8,

382 3284 433 3320 M.
464 3283 715 3318 ANTONIVS
749 3276 1210 3336 [A]R[1s]To[MENEs].

383 3351 531 3387 VLPIA
560 3351 875 3389 AiusTONioE.
