2202 3730
118 309 504 347 ARIOBARZANES
987 304 1065 346 131
1663 308 1928 344 ARISTIDES

204 443 294 497 fere
324 444 597 485 724-734:
618 444 766 484 30-20
798 455 837 485 a.
875 440 922 485 O.
953 443 992 483 et
1021 441 1253 484 Armeniae
1280 445 1320 484 et
1347 441 1522 484 Mediae
1550 455 1627 483 rex
1654 441 1800 494 fuerat
1827 440 1932 495 (Dio

204 514 270 561 54,
282 510 340 565 9),
355 509 586 564 Auyustus,
604 523 697 551 eum
707 508 959 551 Armeniam
980 509 1160 563 Tiyrani
1174 509 1371 560 traderet,
1390 509 1534 552 Medis
1539 510 1780 563 petentibus
1794 524 1932 563 reyem

207 578 332 621 dedit.
389 577 437 620 C.
470 576 632 620 Caesar
661 592 698 622 a.
733 578 815 620 753
834 597 890 612 =
912 579 933 620 1
967 593 1006 620 a.
1038 577 1086 621 C.
1132 579 1176 619 in
1207 579 1414 620 orientem
1445 577 1666 634 profectus
1696 577 1928 632 Armeniis,

206 662 304 690 cum
326 649 372 690 in
387 646 572 689 Parthos
593 646 883 701 inclinassent,
901 646 1240 689 Ariobarzanem
1261 661 1405 702 regem
1424 646 1544 688 dedit
1562 646 1753 690 Monam.
1771 646 1931 700 Aneyr.

206 730 239 759 o.
260 719 323 759 27
349 716 404 770 cf.
432 716 529 758 Tae.
563 730 602 760 a.
634 719 676 766 2,
697 719 747 758 4.-
779 715 843 758 εΟ.
867 715 1029 758 Caesar
1049 741 1101 745 —
1126 741 1177 745 —
1198 715 1524 758 Ariobarzanen
1557 716 1724 769 origine
1754 715 1931 756 Medum

207 784 264 827 ob
278 785 489 839 insignem
506 785 699 841 corporis
715 783 895 825 formam
913 790 955 826 et
971 783 1241 840 praeclarum
1253 785 1446 826 animum
1457 783 1701 825 volentibus
1713 783 1933 825 Armeniis

206 852 443 910 praefecit?
497 851 661 895 Contra
690 866 819 908 quem
849 867 887 894 a.
910 852 992 894 755
1013 871 1069 886 z
1090 853 1116 894 2
1137 867 1178 908 p.
1201 851 1250 896 C.
1300 851 1604 894 Armeniorum
1646 867 1745 908 pars
1772 851 1932 894 bellum

206 923 354 976 movit,
387 935 473 977 quo
499 920 548 965 O.
570 921 732 963 Caesar
756 920 872 976 apud
897 919 1103 974 Artagira
1123 920 1375 962 vulneratus
1407 927 1472 967 est
1491 920 1580 962 Dio
1599 923 1664 971 55,
1685 923 1749 964 10.
1801 920 1932 961 Haud

207 991 267 1032 ita
305 989 439 1032 multo
478 995 575 1045 post
608 995 805 1031 mortuus
835 995 900 1031 est
928 988 1029 1039 Dio,
1066 989 1164 1031 Tae.
1196 989 1222 1031 l.
1256 989 1282 1031 l.
1342 989 1487 1031 Filius
1518 988 1783 1031 Artavasdes
1812 989 1933 1042 infra

206 1073 250 1101 n.
273 1061 355 1100 957
363 1071 376 1109 ;
407 1072 457 1100 ex
478 1058 665 1113 posteris
695 1058 784 1100 eius
809 1057 975 1100 videtur
1004 1056 1173 1112 [Iu]lius
1204 1057 1533 1112 Ariobarzanes,
1565 1058 1638 1111 qui
1665 1058 1864 1111 sequitur,
1897 1060 1935 1099 et

210 1126 275 1182 [C.
306 1125 457 1180 Iulius]
490 1124 758 1167 Artabasdes
787 1139 830 1167 n.
856 1127 950 1169 959.

121 1196 234 1238 857a
263 1193 431 1250 [Iu]lius
461 1193 801 1247 Ariobarzanes,
846 1192 1039 1248 [Ἰού]λιος
1069 1191 1383 1251 Ἀριοβαρζάν[ης
1422 1226 1546 1236 .....
1580 1194 1790 1251 β]ασιλέως
1821 1193 1935 1251 Ἀριο-

209 1262 434 1321 βα[ρζάνου]
462 1295 473 1305 .
490 1295 501 1304 .
520 1295 530 1304 .
547 1295 558 1303 .
589 1262 674 1316 fuit
704 1261 788 1308 υἱός
816 1261 879 1303 vel
910 1262 1074 1318 ἔκγονος
1098 1262 1161 1304 vel
1181 1262 1318 1304 simile
1339 1262 1442 1316 quid
1461 1262 1666 1305 IG1989
1695 1267 1723 1305 t.
1744 1265 1934 1306 urbanus

205 1332 393 1376 mutilus

123 1401 206 1443 858
237 1401 514 1455 Ariogaesus,
546 1413 625 1440 rex
647 1398 898 1452 Quadorum
929 1398 1040 1441 bello
1067 1399 1384 1441 Marcomanico
1416 1407 1568 1456 captus
1598 1407 1640 1441 et
1669 1399 1723 1442 ab
1755 1401 1935 1456 impera-

208 1475 302 1511 tore
331 1468 391 1511 M.
423 1467 601 1510 Aurelio
633 1467 945 1509 Alexandriam
974 1468 1132 1509 missus
1162 1467 1253 1510 Dio
1281 1471 1345 1518 71,
1378 1471 1442 1512 13.
1475 1472 1539 1510 14.

135 1562 194 1567 ——
234 1536 439 1580 Aurelius
469 1535 784 1579 Aristaenetus

137 1631 195 1636 -—
240 1612 281 1649 C.
316 1610 523 1647 SALLIVS
554 1609 952 1646 ARISTAENETVS.

137 1699 194 1705 —
237 1679 481 1716 DOMITIVS
511 1678 792 1714 ARISTAEVS
823 1678 1123 1715 ARABIANVS.

124 1744 236 1786 858a
267 1741 524 1798 [Ar]istides,
548 1740 834 1797 procura[tor]
857 1774 890 1784 ..
906 1777 912 1785 .
927 1775 936 1784 .
954 1741 1042 1783 III
1054 1744 1176 1791 6071,
1198 1742 1484 1795 fraymontum
1506 1745 1533 1784 t.
1551 1742 1763 1796 Ephesini
1782 1745 1937 1786 aetatis

210 1811 412 1866 Septimii
441 1810 599 1853 Severi.

123 1882 206 1924 859
236 1881 283 1922 P.
317 1878 466 1922 Aelius
507 1877 720 1920 Aristides
759 1877 1036 1933 Theodorus,
1079 1878 1238 1923 rhetor.
1303 1879 1468 1921 Titulus
1498 1880 1586 1922 eius
1615 1880 1936 1922 Alexandrinus

163 1974 178 1977 v
208 1948 277 1992 01
278 1948 318 1991 G
340 1948 560 1998 1114679,
593 1961 712 2001 quem
740 1947 780 1989 ei
799 1950 1035 2001 posuerunt
1064 1949 1089 2003 ἡ
1121 1947 1233 1994 πόλις
1261 1951 1340 1991 τῶν
1364 1946 1648 2005 Ἀλεξανδρέων
1680 1951 1744 1991 καὶ
1772 1948 1939 2006 ‘Epami-

208 2022 320 2064 πολις
348 2019 373 2073 ἡ
406 2018 558 2074 μεγάλη
590 2018 654 2058 καὶ
684 2018 708 2072 ἡ
739 2017 864 2073 βουλὴ
894 2020 972 2059 τῶν
1007 2014 1229 2060 Ἀντινοέων
1261 2017 1363 2060 νέων
1396 2015 1606 2074 Ἑλλήνων
1639 2020 1703 2060 καὶ
1741 2020 1776 2060 οἱ
1809 2019 1850 2061 ἐν
1882 2027 1938 2076 τῷ

209 2087 337 2130 Δέλτα
365 2090 435 2142 τῆς
458 2083 654 2142 Αἰγύπτου
685 2086 749 2127 καὶ
780 2086 816 2126 οἱ
847 2086 915 2127 τὸν
938 2085 1142 2142 Θηβαϊκὸν
1174 2087 1296 2141 νομὸν
1329 2087 1528 2132 οἰκοῦντες
1554 2086 1764 2142 Ἕλληνες.
1816 2087 1941 2129 Alter

210 2155 370 2206 titulus,
401 2154 474 2208 qui
504 2154 691 2196 traditur
720 2167 806 2196 esse
831 2154 876 2196 in
898 2154 993 2195 basi
1014 2157 1182 2196 statuae
1203 2155 1293 2196 eius
1320 2154 1431 2197 CJG
1452 2155 1541 2197 III
1555 2158 1681 2205 6026,
1714 2170 1742 2196 a
1763 2156 1939 2210 Liqorio

211 2225 334 2279 fietus
363 2225 424 2265 est
453 2222 508 2276 ef.
539 2222 574 2265 Ι
575 2221 651 2264 GI
672 2224 752 2265 156
763 2221 799 2266 *.

297 2290 435 2333 Plena
467 2291 643 2332 nomina
681 2290 846 2332 exhibet
884 2291 946 2333 tit.
991 2290 1139 2333 Aelius
1181 2290 1395 2333 Aristides
1433 2292 1523 2345 τῬεε
1561 2305 1605 2333 se
1645 2291 1748 2333 dicit
1785 2293 1832 2334 in
1875 2293 1940 2334 in-

210 2360 435 2414 scriptione
466 2358 675 2400 orationis
704 2359 790 2414 (41)
819 2358 877 2400 ad
904 2359 1180 2413 imperatores
1202 2359 1406 2401 Marcum
1426 2363 1465 2401 et
1487 2358 1758 2402 Commodum
1788 2361 1942 2403 missae

212 2429 246 2471 I
268 2443 316 2483 Ρ.
349 2430 431 2471 762
469 2426 531 2469 ed.
562 2426 763 2480 Dindorf
794 2429 833 2469 et
871 2427 918 2468 in
957 2428 1229 2470 enarratione
1267 2428 1433 2470 oraculi
1472 2428 1690 2470 cuiusdam
1720 2429 1755 2470 I
1775 2443 1824 2483 Ρ.
1845 2432 1940 2472 540.

212 2564 346 2620 Apud
372 2564 598 2619 scriptores
625 2577 788 2617 semper
814 2563 1043 2608 Aristides

298 2631 520 2675 Oriundus
559 2631 643 2674 fuit
679 2647 734 2673 ex
764 2633 940 2674 civitate
969 2631 1138 2687 Mysiae
1168 2631 1406 2675 Hadrianis
1437 2632 1690 2675 Philostrat.
1720 2634 1794 2678 vit.
1823 2633 1941 2688 soph.

214 2705 257 2752 2,
290 2704 329 2751 9,
371 2699 582 2756 (Sopatri)
621 2699 788 2754 Proley.
820 2699 910 2742 III
926 2714 974 2753 Ρ.
1006 2702 1096 2750 737,
1141 2699 1302 2742 Suidas
1340 2713 1372 2742 s.
1410 2714 1447 2743 v.
1490 2699 1735 2757 Ἀριστείδης.
1804 2702 1942 2744 Filius

213 2769 506 2811 Eudaemonis
537 2767 704 2822 Proley.
735 2767 835 2818 ibd„
866 2767 1050 2819 Suidas;
1082 2769 1159 2810 εἴτε
1183 2767 1429 2824 Εὐδαίμονος
1459 2769 1538 2812 εἴτε
1562 2769 1774 2826 Εὐδαίμων
1798 2770 1943 2812 Philo-

212 2841 334 2882 strat.
367 2837 394 2880 l.
425 2836 452 2879 l.
485 2836 598 2892 (inde
630 2836 898 2890 Nicephorus
926 2835 1053 2879 schol.
1084 2836 1131 2878 in
1160 2835 1382 2891 Synesium
1402 2851 1451 2891 Ρ.
1477 2841 1564 2880 423
1592 2837 1653 2881 ed.
1683 2837 1943 2880 Petavianae

215 2905 413 2961 Synesii).
474 2905 650 2948 Patrem
690 2905 900 2947 civitatem
942 2918 1165 2947 romanam
1205 2906 1412 2959 accepisse
1456 2906 1509 2947 ab
1556 2906 1809 2957 Hadriano,
1852 2921 1944 2948 eum

213 2975 359 3017 urbem
386 2974 507 3016 illam
532 2973 736 3023 conderet,
769 2987 819 3015 εει)
847 2973 1086 3015 nominibus
1115 2972 1200 3027 filii
1222 2973 1273 3027 fit
1291 2974 1383 3015 veri
1400 2973 1559 3025 simile,·
1580 2974 1815 3016 Aristidem
1837 2978 1944 3017 certe

216 3043 343 3085 civem
371 3042 614 3085 Romanum
652 3042 784 3096 fuisse
824 3041 940 3084 docet
977 3041 1193 3083 nominum
1231 3042 1357 3084 ratio.
1416 3042 1754 3085 Grammaticam
1795 3043 1947 3085 didicit

216 3111 297 3155 sub
339 3110 591 3154 Alexandro
637 3110 880 3154 Cotiaeensi
928 3111 999 3165 (cf.
1042 3109 1086 3151 A
1120 3112 1230 3166 363),
1278 3111 1321 3152 in
1368 3111 1489 3152 cuius
1536 3110 1742 3152 honorem
1788 3112 1945 3153 mortui

217 3180 390 3236 scripsit
427 3179 489 3222 ἐπὶ
531 3178 770 3236 Ἀλεξάνδρῳ
813 3179 1017 3235 ἐπιτάφιον
1059 3181 1165 3223 orat.
1197 3181 1256 3221 12
1285 3179 1319 3221 Ι
1342 3193 1391 3233 Ρ.
1424 3182 1504 3221 134
1532 3192 1617 3233 sqq.
1688 3179 1945 3221 Rhetoricae

214 3249 421 3302 magistro
465 3263 568 3290 usus
614 3254 679 3290 est
723 3246 951 3302 (Antonio)
997 3245 1230 3288 Polemone
1277 3247 1516 3303 Smyrnaeo
1559 3247 1732 3298 Suidas,
1779 3247 1944 3302 Proley.

214 3330 262 3370 Ρ.
286 3319 377 3367 737,
409 3322 634 3373 praeterea
656 3315 839 3358 Athenis
867 3314 1037 3358 audivit
1056 3314 1277 3357 Herodem
1307 3317 1516 3367 Atticum,
1550 3316 1750 3370 Pergami
1782 3315 1946 3357 Aristo-

217 3384 327 3427 elem
357 3378 530 3436 Surdas,
561 3384 812 3428 Philostrat.
846 3384 873 3427 l.
907 3383 933 3427 l.
994 3383 1264 3426 Adulescens
1295 3385 1450 3426 itinera
1481 3385 1670 3440 suscepit
1700 3385 1743 3425 in
1774 3383 1947 3439 Aegyp—

1617 3450 1671 3486 9*
