2202 3730
106 261 354 299 CLAVDIVS
966 255 1050 299 397
1662 260 1910 296 CLAVDIVS

275 392 394 434 Xvir
423 392 612 436 stlitibus
643 392 897 446 iudicandis,
930 391 1132 435 tribunus
1165 391 1347 448 legionis
1374 392 1443 435 ΙΠ
1473 391 1679 442 Gallicae,
1711 396 1914 448 quaestor

190 461 441 516 provinciae
481 460 655 504 Siciliae
693 460 949 503 candidatus
990 462 1091 516 imp.
1127 460 1337 503 Antonini
1379 467 1422 503 et
1462 460 1563 502 Veri
1604 459 1912 515 Augustorum,

192 528 359 584 legatus
406 562 529 572 .....
545 562 555 584 ,
602 528 801 572 tribunus
846 528 1006 585 plebis,
1048 535 1222 586 praetor
1259 528 1703 582 fideicommissarius‚
1746 527 1914 581 legatus

193 597 376 652 legionis
406 598 475 640 XI
503 597 711 641 Claudiae
751 602 777 640 t.
808 602 846 643 1.
877 623 927 627 —
972 597 1140 641 Sodalis
1170 597 1470 651 Hadrianalis,
1508 611 1668 652 augur,
1710 603 1915 653 patronus

193 665 387 708 coloniae
426 665 615 709 Abellini
646 670 677 709 t.
708 670 758 718 1;
802 667 1010 724 ἀρχιερεὺς
1052 670 1131 709 τῶν
1173 664 1383 722 Ἑλλήνων
1425 667 1486 710 διὰ
1532 668 1617 723 βίου
1662 668 1728 709 καὶ
1767 664 1914 707 Ἑλλα-

192 736 345 791 δάρχης
374 738 403 777 t.
428 738 468 777 3.

278 802 472 846 Foucart
499 803 814 859 (Explications
835 818 882 857 p.
910 802 1007 857 159)
1038 803 1213 846 coniecit
1242 806 1282 845 et
1311 803 1408 845 huic
1438 806 1478 845 et
1506 803 1641 856 fratri
1669 802 1917 857 coynomina

188 886 348 926 yraeca
376 872 517 914 indita
546 885 642 922 esse,
684 871 795 925 quod
831 874 967 914 mater
996 872 1141 925 fuerat
1172 885 1330 926 yraeca
1359 874 1398 913 et
1426 885 1477 914 ex
1508 871 1724 914 Messenia
1753 870 1918 924 quidem

194 940 377 982 oriunda
397 943 577 995 propter
604 954 753 982 nomen
774 939 1016 990 Saethidae‚
1048 954 1222 994 quocum
1241 939 1449 982 Aethidas
1470 939 1705 982 Messenios
1726 938 1917 981 Pausan.

191 1012 230 1059 4,
258 1012 329 1059 32,
360 1012 392 1052 2
421 1009 662 1063 composuit.

110 1087 189 1129 791
223 1093 285 1130 TI.
307 1094 558 1130 CLAVDIVS
586 1094 841 1130 SAETHIDA
863 1094 1124 1130 CETHEGVS
1154 1093 1453 1130 FRONTINVS.
1508 1087 1662 1130 Tituli:
1692 1089 1731 1130 εἰ
1752 1088 1920 1142 positus

194 1158 256 1198 est
283 1155 332 1198 X
356 1159 469 1200 1124
498 1156 557 1212 (1)
588 1156 825 1206 Abellinas,
857 1156 946 1210 izzse
967 1157 1115 1211 posuit
1143 1157 1304 1198 nutrici
1330 1157 1543 1198 urbanum
1572 1155 1640 1198 VI
1657 1159 1803 1198 16440.

279 1224 420 1267 Plena
446 1225 622 1268 nomina
651 1224 815 1266 exhibet
844 1228 872 1266 t.
903 1228 941 1275 1,
984 1226 1051 1268 Ti.
1083 1224 1148 1268 Cl.
1181 1224 1356 1267 Saetida
1386 1224 1575 1279 Cetegus
1605 1224 1699 1280 (sic)
1731 1228 1758 1267 t.
1789 1228 1832 1268 2.
1865 1248 1918 1253 -

193 1292 331 1335 Filius
356 1293 422 1337 Ti.
446 1292 618 1336 Claudii
647 1293 847 1335 Frontini
869 1293 1111 1347 (Nicerati),
1143 1307 1277 1349 nepos
1307 1293 1376 1335 Ti.
1399 1292 1571 1335 Claudii
1603 1293 1801 1334 Frontini
1833 1306 1919 1333 cos.

196 1364 224 1403 t.
250 1364 300 1412 1,·
329 1361 446 1404 tribu
476 1361 661 1414 Quirina
691 1364 719 1405 t.
744 1364 795 1412 1,·
823 1367 1031 1418 patronus
1063 1360 1256 1404 coloniae
1286 1360 1481 1404 Abellini
1513 1364 1541 1403 t.
1567 1364 1607 1403 1.

111 1429 193 1471 792
225 1429 433 1472 Claudius
465 1430 645 1484 Sagitta,
677 1429 921 1486 praefectus
951 1429 1045 1471 alae
1073 1431 1302 1472 Petrianae
1333 1445 1445 1472 anno
1478 1430 1532 1472 70
1558 1430 1657 1471 Tac.
1677 1429 1717 1471 h.
1737 1433 1777 1479 4,
1796 1432 1863 1471 49.

111 1498 194 1540 793
224 1497 434 1541 Claudius
464 1498 660 1553 Sanctus,
699 1498 822 1540 miles
852 1499 1070 1541 exercitus
1101 1498 1351 1541 Germanici
1381 1513 1496 1541 anno
1518 1499 1573 1541 70
1606 1498 1704 1540 Tac.
1724 1497 1765 1540 h.
1787 1500 1827 1546 4,
1849 1499 1919 1539 62.

111 1565 195 1607 794
225 1572 472 1609 CLAVDIVS
503 1573 818 1621 SAPILIANVS,
852 1574 1026 1609 senator
1054 1582 1168 1609 anno
1198 1567 1305 1621 2753
1344 1566 1527 1624 epistula
1560 1568 1651 1609 eius
1682 1563 1819 1620 (ficta)
1848 1565 1920 1606 vit.

201 1634 341 1676 Taciti
367 1638 435 1686 19,
464 1637 504 1678 3.

111 1707 194 1751 795
225 1708 274 1751 C.
306 1708 516 1752 Claudius
558 1708 745 1763 Sardus,
787 1708 836 1752 C.
867 1709 896 1752 f.
928 1708 976 1752 C.
1008 1724 1072 1763 n.,
1113 1682 1360 1766 praefectus
1398 1709 1586 1764 cla(ssis)
1626 1709 1765 1751 nescio
1805 1708 1924 1750 cuius

201 1776 270 1819 VI
289 1780 409 1821 3165.

112 1850 195 1893 796
226 1857 472 1894 CLAVDIVS
505 1857 831 1905 SATVRNINVS,
867 1851 1037 1906 legatus
1068 1851 1280 1905 Belgicae,
1317 1853 1387 1894 cui
1418 1850 1671 1894 Hadrianus
1702 1851 1925 1907 rescripsit

194 1919 462 1975 Fraymenta
494 1920 703 1963 Vaticana
720 1923 824 1964 223.
886 1920 988 1962 Vide
1017 1921 1093 1963 sub
1131 1921 1195 1963 Ti.
1226 1919 1410 1963 Claudio
1439 1920 1676 1963 Saturnino
1707 1934 1748 1961 n.
1769 1921 1866 1961 800.

113 1983 194 2041 797
226 2005 470 2042 CLAVDIVS
503 2006 830 2054 SATVRNINVS,
863 2007 1038 2056 praetor
1063 2000 1144 2043 sub
1165 2000 1278 2042 divis
1299 1999 1508 2043 fratribus
1530 1999 1743 2054 leianus
1762 1999 1924 2054 Diyest.

196 2070 262 2118 17,
284 2071 323 2118 1,
343 2071 381 2119 6,
405 2071 443 2111 7.
499 2068 602 2111 Vide
629 2069 706 2111 sub
739 2069 803 2111 Ti.
832 2068 1014 2112 Claudio
1044 2069 1281 2112 Saturnino
1309 2084 1350 2112 n.
1372 2072 1469 2113 800.

114 2139 197 2189 ’798
229 2146 437 2190 Claudius
479 2149 762 2203 Saturninus,
807 2148 918 2192 liber
958 2148 1192 2205 singularis
1232 2150 1325 2192 eius
1365 2149 1419 2191 de
1465 2150 1614 2205 poenis
1658 2162 1925 2205 paganorum

199 2216 359 2258 citatur
396 2216 560 2271 Diyest.
589 2219 757 2268 48,19,
789 2220 865 2268 16,
910 2218 985 2271 qui
1028 2217 1072 2259 in
1116 2217 1254 2260 indice
1292 2217 1549 2260 Florentino
1591 2220 1842 2259 numeratur
1882 2217 1926 2257 in

197 2285 368 2339 scriptis
387 2284 572 2327 Venulei
600 2285 837 2328 Saturnini.
893 2285 1007 2327 Vnde
1026 2285 1152 2327 multi
1170 2286 1242 2340 (cf.
1266 2285 1490 2336 Karlowa,
1510 2284 1734 2327 Romiscke
1754 2283 1927 2326 Rechts-

195 2352 427 2408 9eschichte
446 2353 480 2395 I
493 2368 541 2407 p.
566 2357 650 2396 729
669 2353 773 2408 sqq)
801 2367 932 2396 unum
959 2353 1192 2396 Claudium
1222 2353 1464 2396 Venuleium
1486 2354 1768 2397 Saturninum
1796 2352 1928 2406 fuisse

198 2422 288 2464 sine
326 2421 480 2464 idonea
509 2435 641 2464 causa
678 2425 930 2464 statuerunt.
983 2421 1208 2465 ‘Claudius
1249 2422 1509 2465 Saturninus
1551 2423 1592 2463 in
1634 2421 1715 2463 hac
1756 2435 1927 2477 quoque

197 2490 381 2533 materia
410 2489 585 2544 (scilicet
614 2489 663 2533 de
693 2490 874 2544 coronis)
906 2490 1299 2546 praestantissimus
1334 2496 1499 2532 auctor‘
1534 2497 1577 2532 et
1606 2489 1720 2532 liber
1750 2490 1842 2531 eius
1874 2488 1928 2530 de

200 2560 369 2601 coronis
399 2559 559 2602 citatur
594 2559 842 2602 Tertullian.
875 2558 924 2601 de
954 2573 1094 2601 coron.
1122 2562 1160 2609 7,
1191 2562 1450 2601 memoratur
1478 2558 1564 2601 ibd.
1585 2562 1653 2601 10.
1683 2561 1753 2601 12.
1785 2561 1849 2600 13.
1872 2582 1924 2586 —

197 2627 412 2670 Incertum
449 2631 510 2670 est
543 2642 644 2670 num
685 2627 792 2670 idem
829 2628 888 2669 sit
926 2630 1049 2681 atque
1077 2641 1187 2670 unus
1216 2641 1267 2670 ex
1297 2626 1497 2671 Claudiis
1525 2627 1787 2677 Saturninis,
1828 2639 1930 2680 quos

196 2699 424 2750 praeterea
453 2697 521 2739 hic
551 2696 868 2751 composuimus.

32 2830 38 2835 q
116 2769 199 2813 799
231 2769 440 2813 Claudius
471 2770 744 2825 Saturninus,
776 2770 847 2812 cui
871 2773 899 2811 t.
921 2770 1071 2824 posuit
1100 2769 1254 2812 liberta
1285 2769 1353 2812 VI
1369 2772 1523 2813 15252.

115 2844 199 2886 800
229 2849 325 2886 ΤΙΒ.
357 2844 640 2898 CL(AVDIVS)
682 2849 1021 2898 SATVRNINVS,
1061 2842 1229 2898 legatus
1269 2844 1456 2898 Augusti
1497 2859 1573 2900 pro
1614 2859 1679 2900 pr.
1721 2843 1930 2897 (Moesiae

202 2912 435 2966 inferioris)
467 2912 548 2955 sub
576 2912 798 2955 Antonino
829 2913 908 2954 Pio
938 2913 1027 2954 III
1046 2912 1092 2956 S.
1117 2915 1223 2954 7474
1250 2916 1277 2956 t.
1299 2912 1533 2956 Durostori
1561 2915 1761 2967 repertus.
1810 2911 1929 2954 Idem

200 2980 365 3023 videtur
404 2979 613 3023 Claudius
654 2981 937 3035 Saturninus,
980 2981 1049 3022 cui
1081 2981 1184 3022 Pius
1221 2982 1446 3038 rescripsit
1477 2982 1736 3024 Marcianus
1765 2979 1928 3035 Diyest.

200 3052 272 3100 20,
301 3051 341 3100 3,
374 3053 413 3099 1,
443 3052 499 3100 2;
536 3051 602 3100 50,
635 3052 672 3100 7,
705 3052 733 3092 5
754 3064 827 3103 pr.
898 3048 971 3091 Vel
999 3052 1131 3103 pater
1158 3049 1222 3092 vel
1259 3049 1370 3093 idem
1399 3053 1459 3093 est
1488 3051 1561 3105 qui
1591 3049 1814 3105 praecedit
1853 3049 1929 3090 sub

199 3132 241 3162 n.
261 3120 354 3172 796,
386 3117 502 3173 filius
529 3117 693 3160 videtur
720 3131 763 3159 n.
787 3120 880 3161 797.

118 3198 198 3241 801
232 3203 294 3241 TI.
339 3203 585 3239 CLAVDIVS
627 3202 955 3239 SATVRNINVS.
1024 3196 1081 3240 D.
1122 3196 1182 3239 M.
1223 3196 1290 3241 Ti.
1334 3197 1489 3240 Claudi
1528 3198 1752 3241 Saturnini
1791 3197 1858 3239 Ti.
1900 3196 1928 3238 f.

201 3266 374 3309 VIIviri
406 3265 638 3322 epulonum
670 3266 734 3308 tit.
758 3265 946 3308 novicius
976 3265 1023 3307 in
1052 3265 1223 3308 castello
1244 3266 1424 3320 quodam
1442 3266 1716 3316 Britanniae,
1748 3266 1930 3320 fortasse

201 3334 319 3377 haud
346 3337 542 3377 accurate
572 3348 624 3376 ex
652 3334 827 3387 antiquo
854 3346 1073 3387 expressim
1102 3334 1156 3387 cf.
1187 3333 1400 3377 Adde-uda
1431 3335 1489 3378 ad
1518 3333 1617 3378 CIL
1648 3334 1719 3377 VI.
