2202 3730
261 306 539 342 CORNELIVS
1112 295 1196 337 468
1365 319 1367 321 v
1773 299 2053 336 CORNELIVS

345 439 483 478 autem
502 435 577 477 sub
605 433 860 487 Vespasiano
885 445 941 473 an
959 431 1035 472 sub
1062 431 1157 472 Tito
1177 431 1346 483 functus
1374 430 1431 471 sit
1457 443 1542 472 non
1571 431 1707 484 maqis
1737 434 1843 473 certe
1871 433 2062 472 statuere>

344 505 439 545 licet
466 516 592 555 quam
621 504 763 542 utrum
793 500 986 541 tribunus
1007 498 1148 552 plebis
1178 501 1254 539 aut
1283 498 1431 540 aedilis
1452 498 1546 540 Tito
1571 498 1702 551 fuerit
1725 512 1782 540 an
1805 498 2054 541 Domitiano

342 572 586 625 imperante.
609 569 800 621 Praetor,
833 566 1150 623 quindecimvir
1175 566 1308 608 sacris
1333 565 1546 607 faciundis
1567 580 1679 607 anno
1701 566 1755 607 88
1778 565 1892 608 ludis
1911 581 2055 608 saecu-

342 638 505 680 laribus
536 636 676 678 adfuit
704 637 792 689 ipse
823 650 863 677 a.
894 638 959 685 11,
990 638 1055 678 11.
1125 634 1209 676 Per
1239 633 1572 690 quadriennium
1610 634 1745 676 Roma
1780 633 1935 676 absens
1974 635 2057 678 fuit

342 705 651 760 (probabiliter,
683 707 731 745 ut
758 703 1004 757 praetorius
1024 703 1293 756 provinciam
1319 702 1639 744 administraret
1660 702 1724 744 vel
1754 702 1908 756 leqioni
1926 717 2056 758 prae-

343 776 484 829 esset),
517 787 614 814 cum
651 771 855 826 Agricola
893 776 1132 813 moreretur
1169 771 1295 825 (anno
1329 769 1419 825 93),
1463 770 1537 811 sed
1578 776 1677 812 ante
1715 770 1844 812 finem
1887 772 2056 827 imperii

340 842 577 883 Domitiani
612 842 657 881 in
692 839 843 881 urbem
878 839 1007 880 rediit
1036 839 1125 892 ipse
1149 838 1255 892 ΑΨ.
1280 841 1345 881 45.
1401 837 1563 880 Consul
1593 838 1834 893 (suffectus)
1864 854 1976 881 anno
2002 840 2056 882 97

337 909 509 965 publice
537 908 731 950 laudavit
755 907 1012 961 Verginium
1044 906 1206 948 Rufum
1230 906 1346 948 Plin.
1370 907 1487 960 epist.
1510 910 1553 956 2,
1572 909 1610 956 1,
1629 909 1655 948 6
1675 907 1730 960 cf.
1757 921 1864 960 quae
1887 908 2060 962 exposui

340 976 612 1019 Rheinisehes
651 976 845 1017 Museum
884 975 1087 1016 XLIIII
1118 972 1260 1028 (1889)
1296 989 1343 1028 p.
1373 977 1460 1017 273
1489 987 1597 1028 sqq.;
1642 974 1877 1016 consularis
1909 976 2057 1021 Sidon.

341 1045 484 1099 Apoll.
515 1045 632 1098 epist.
656 1047 695 1094 4,
722 1047 787 1093 14,
810 1047 846 1085 1.
898 1042 1139 1084 Proconsul
1170 1041 1318 1096 (Asiae
1350 1042 1429 1084 sub
1460 1043 1664 1096 Traiano)
1696 1046 1725 1084 t.
1746 1046 1785 1085 1.

425 1113 614 1155 Auditor
648 1112 711 1163 M.
752 1110 862 1166 Apri
903 1117 945 1152 et
984 1110 1084 1152 Iulii
1126 1110 1335 1160 Secundi,
1378 1125 1485 1166 quos
1525 1111 1569 1152 in
1608 1110 1778 1152 iudiciis
1817 1126 1903 1153 non
1932 1111 2057 1155 modo

341 1181 530 1223 studiose
569 1179 793 1232 audiebat,
836 1178 911 1220 sed
942 1179 1066 1221 domi'
1089 1193 1261 1234 quoque
1292 1185 1334 1220 et
1363 1179 1409 1220 in
1438 1178 1609 1234 publico
1639 1178 1943 1222 adsectabatur
1971 1181 2060 1235 ipse

342 1248 443 1289 dial.
466 1251 521 1298 2,·
551 1246 719 1289 Plinius
740 1245 1089 1288 adulescentulus
1112 1261 1223 1299 eum,
1251 1261 1348 1287 cum
1373 1247 1459 1288 iam
1480 1246 1595 1288 fama
1623 1246 1845 1303 gloriaque
1873 1247 2058 1303 floreret,

341 1317 461 1372 sequi
484 1315 651 1357 studuit
669 1314 786 1358 Plin.
805 1315 923 1368 epist.
946 1317 984 1364 7,
1006 1317 1077 1364 20,
1098 1318 1149 1365 4;
1180 1314 1377 1356 laudator
1397 1313 1769 1370 eloquentissimus
1790 1316 1876 1358 ibd.
1895 1320 1938 1369 2,
1960 1321 1999 1367 1,
2019 1320 2058 1367 6,

342 1388 495 1440 σεμνῶς
514 1383 658 1425 dicere
689 1384 896 1424 eximium
918 1383 1100 1425 orationi
1132 1383 1223 1424 eius
1254 1383 1394 1424 inerat
1413 1383 1499 1426 ibd.
1519 1386 1563 1433 2,
1585 1386 1650 1431 11,
1673 1387 1738 1426 17.
1786 1383 1895 1426 Cum
1918 1384 2058 1427 Plinio

342 1468 453 1495 anno
483 1452 574 1493 fere
606 1453 687 1494 100
717 1451 905 1493 Marium
936 1451 1134 1492 Priscum
1165 1452 1386 1493 accusavit
1414 1451 1499 1493 ibd.
1525 1454 1569 1501 2,
1594 1455 1661 1493 11.

426 1519 605 1561 Amicus
636 1519 763 1561 Fabii
794 1520 916 1569 Iusti,
948 1520 1016 1560 cui
1047 1519 1267 1561 dedicavit
1296 1518 1515 1574 dialogum
1545 1519 1599 1561 de
1630 1521 1875 1563 oratoribus
1896 1521 1999 1563 dial.
2020 1526 2058 1573 1,

341 1588 482 1630 Asinii
503 1588 603 1630 Rufi
625 1587 742 1630 Plin.
761 1589 877 1641 epist.
894 1591 932 1638 4,
950 1590 1015 1637 15,
1033 1591 1058 1629 1
1069 1601 1082 1638 ,·
1109 1602 1208 1629 611111
1227 1587 1368 1629 Plinio
1390 1587 1679 1630 familiaritate
1701 1594 1743 1629 et
1762 1591 2061 1632 communione

342 1656 583 1698 studiorum
603 1657 857 1697 coniunctus
878 1655 963 1698 ibd.
986 1658 1023 1705 7,
1046 1659 1128 1707 20,·
1156 1659 1194 1705 9,
1216 1658 1299 1706 23;
1325 1655 1492 1698 Plinius
1522 1657 1696 1712 scripsit
1725 1656 1781 1698 ad
1812 1672 1907 1699 eum
1939 1660 2058 1713 epist.

343 1728 380 1778 1,
414 1727 451 1769 6.
481 1728 563 1775 20,·
592 1728 630 1774 4,
663 1727 739 1775 13,·
770 1727 807 1774 6,
837 1727 875 1766 9.
905 1727 970 1765 16.
993 1727 1075 1774 20;
1105 1727 1143 1773 7,
1166 1727 1236 1766 20.
1257 1727 1332 1775 33;
1361 1726 1400 1774 8,
1425 1727 1474 1775 7,·
1505 1727 1543 1774 9,
1565 1728 1632 1767 10.
1654 1728 1719 1768 14.
1771 1724 1877 1767 Cum
1911 1725 2059 1768 Plinio

341 1793 524 1846 fortasse
543 1795 800 1834 memoratur
819 1793 929 1834 inter
950 1792 1180 1846 leqatarios
1197 1791 1402 1834 Dasumii
1421 1795 1449 1833 t.
1471 1795 1503 1835 2
1525 1793 1574 1846 cf,
1601 1792 1719 1834 Plin.
1742 1795 1859 1847 epist.
1878 1797 1914 1844 7,
1932 1798 2003 1845 20,
2020 1797 2059 1836 6.

427 1862 664 1917 Postquam
693 1876 771 1916 per
800 1867 936 1903 totum
968 1862 1135 1916 imperii
1168 1861 1407 1902 Domitiani
1443 1862 1629 1917 spatium
1657 1860 1816 1904 librum
1845 1862 1888 1902 in
1919 1861 2061 1918 publi-

342 1944 439 1971 cum
480 1944 565 1971 non
607 1930 767 1982 emisit,
810 1936 906 1985 post
946 1944 1170 1971 excessum
1210 1929 1382 1971 Nervae
1421 1944 1533 1971 anno
1574 1930 1628 1972 98
1668 1930 1802 1971 vitam
1840 1929 1920 1974 Cn.
1959 1930 2060 1972 Iulii

341 1997 573 2051 Agricolae
603 1997 739 2039 edidit
767 1998 856 2051 ipse
875 1997 981 2051 Aqr.
1006 2001 1033 2039 3
1063 1998 1116 2051 cf.
1147 2001 1215 2039 43.
1275 1998 1442 2039 Eodem
1472 2013 1584 2040 anno
1616 1999 1789 2054 scripsit
1816 1997 1976 2040 librum
2005 1998 2060 2041 de

345 2066 577 2108 Germania
598 2066 653 2119 cf.
682 2065 823 2108 Germ.
846 2069 913 2107 37.
970 2065 1117 2107 Vtrum
1137 2067 1213 2108 sub
1234 2066 1343 2108 idem
1372 2067 1462 2120 fere
1482 2069 1653 2120 tempus,
1683 2069 1731 2108 ut
1762 2066 1842 2108 alii
1867 2069 2058 2109 statuwnt

341 2133 411 2188 (cf.
430 2133 610 2184 Schane,
631 2133 876 2176 Gescliichte
898 2133 971 2176 der
985 2133 1239 2176 Remisehen
1255 2134 1493 2176 Litteratur
1509 2135 1570 2176 II
1574 2149 1622 2188 p.
1634 2133 1749 2189 362),
1778 2149 1835 2176 an
1857 2138 2060 2189 reqnante

347 2201 451 2252 Tito,
484 2205 532 2243 ut
563 2201 643 2243 alii
672 2202 743 2256 (cf.
772 2201 1167 2252 Teuffel-Schwabe,
1198 2201 1443 2244 Geschichte
1464 2202 1538 2244 der
1557 2202 1810 2245 Ro'mischen
1838 2204 2061 2245 [iteratur

339 2270 370 2324 ἕ
388 2273 480 2320 334,
501 2269 591 2324 25),
625 2270 838 2324 dialoqum
860 2270 908 2312 de
931 2271 1170 2312 oratoribus
1201 2271 1437 2323 confecerit,
1468 2285 1554 2313 non
1584 2274 1692 2313 certe
1718 2271 1920 2326 dispicere
1950 2272 2058 2314 licet.

342 2338 485 2392 Neque
507 2339 615 2380 enim
634 2338 731 2379 inde
752 2338 864 2391 quod
881 2338 1085 2391 colloquio
1104 2338 1182 2388 illi,
1204 2339 1315 2392 quod
1338 2338 1530 2381 habitum
1559 2353 1644 2381 esse
1675 2353 1785 2381 anno
1809 2342 1860 2382 75
1887 2340 2059 2394 finxisse

338 2406 502 2448 videtur
523 2407 574 2459 cf.
598 2406 700 2448 dial.
722 2409 786 2457 15,
812 2408 1026 2448 ciuvenem
1052 2406 1297 2448 admodum‘
1321 2420 1364 2449 se
1384 2407 1627 2460 interfuisse
1649 2406 1753 2448 dicit
1772 2407 1875 2449 dial.
1898 2411 1937 2458 1,
1965 2408 2058 2463 effi-

340 2488 430 2516 cere
468 2488 630 2516 necesse
670 2478 731 2516 est
765 2475 958 2517 Tacitum
995 2489 1086 2516 cum
1124 2475 1227 2517 haec
1255 2476 1467 2525 scriberet,
1508 2475 1716 2517 hominem
1744 2475 1875 2529 fuisse
1906 2477 2060 2518 aetatis

337 2546 582 2596 provectae,
615 2544 872 2596 praesertim
911 2557 1003 2585 cum
1042 2558 1156 2586 more
1194 2543 1391 2585 Romano
1429 2543 1550 2585 homo
1586 2544 1821 2597 pueritiam
1859 2557 2056 2598 eqressus‚

342 2611 589 2664 priusquam
629 2611 686 2653 ad
722 2615 969 2654 senectutem
1007 2613 1203 2662 venisset,
1244 2626 1329 2654 non
1371 2612 1497 2654 aliter
1527 2612 1734 2654 diceretur
1761 2612 1850 2654 nisi
1884 2613 2057 2656 iuvenis.

343 2678 486 2732 Neque
523 2679 690 2733 reliqua
728 2683 976 2734 arqumenta
1022 2695 1071 2722 ex
1115 2680 1254 2722 indole
1299 2681 1402 2723 libri
1440 2681 1580 2734 petita
1618 2694 1722 2734 quae
1762 2681 1807 2722 in
1839 2683 2058 2734 utramque

340 2747 587 2788 sententiam
628 2748 845 2802 disputata
882 2752 1000 2798 sunt,
1041 2763 1129 2790 rem
1160 2752 1266 2790 certe
1297 2748 1545 2790 diiudicant.
1576 2773 1632 2777 —
1665 2748 1831 2791 Deinde
1866 2748 2058 2791 Tacitum

339 2815 458 2856 intra
487 2829 525 2858 a.
557 2818 753 2858 104-109
791 2817 838 2857 in
867 2817 1075 2858 Historiis
1112 2816 1343 2859 scribendis
1380 2820 1591 2859 versatum
1626 2830 1712 2859 esse
1742 2816 1889 2859 docent
1917 2816 2059 2859 Plinii

342 2883 545 2936 epistulae
575 2887 612 2933 6,
645 2887 709 2927 16.
740 2888 797 2926 20
807 2898 821 2935 ,·
851 2888 888 2934 7,
921 2888 992 2927 20.
1019 2887 1074 2926 33
1083 2898 1096 2935 ;
1125 2887 1164 2935 8,
1196 2888 1232 2935 7,
1264 2885 1527 2927 immortales
1558 2885 1761 2926 historias
1792 2885 1933 2927 Taciti
1964 2885 2056 2927 fore

343 2957 580 3004 auguratur
610 2952 669 2993 id.
699 2955 735 3002 7,
766 2955 831 3002 33,
864 2957 902 2994 1.
963 2953 1067 2994 Post
1100 2952 1300 2994 historias
1331 2967 1437 3009 quas
1466 2959 1676 2994 memorat
1703 2953 1792 3007 ipse
1823 2967 1862 2995 a.
1893 2956 1957 3006 11,
1989 2956 2054 3007 11,

342 3019 514 3074 scripsit
542 3018 674 3060 libros
705 3020 760 3061 ab
793 3034 972 3062 excessu
997 3021 1087 3063 divi
1116 3020 1325 3075 Augusti,
1358 3021 1404 3062 in
1433 3034 1608 3074 quorum
1639 3020 1771 3062 altero
1802 3020 2056 3075 conficiendo

341 3087 416 3128 sub
448 3087 572 3140 finem
601 3088 772 3142 imperii
805 3089 988 3131 Traiani
1014 3093 1225 3131 versatum
1256 3102 1340 3131 esse
1377 3092 1486 3131 recte
1527 3103 1554 3130 a
1585 3088 1799 3143 plerisque
1835 3087 1906 3143 (cf.
1939 3088 2054 3145 adn.)

341 3169 391 3196 ex
418 3155 556 3197 verbis
586 3170 625 3197 a.
658 3159 700 3206 2,
734 3159 786 3197 61
815 3148 1018 3199 statuitur
1052 3158 1170 3199 ‘exin
1200 3156 1520 3213 Elephantinen
1558 3172 1607 3198 ac
1641 3156 1838 3212 Syenen,
1869 3155 2056 3198 claustra

342 3222 444 3264 olim
473 3224 641 3278 imperii
672 3225 866 3278 Romani,
899 3225 1014 3281 quod
1044 3240 1159 3267 nunc
1189 3224 1385 3267 Rubrum
1414 3225 1470 3266 ad
1498 3239 1617 3267 mare
1646 3225 1860 3280 patescit'.

428 3291 667 3346 Imperator
698 3292 775 3346 (M.
809 3292 1035 3348 Claudius)
1062 3293 1239 3335 Tacitus
1271 3293 1521 3336 Cornelium
1552 3294 1770 3347 Tacitum,
1802 3293 2054 3348 scriptorem

343 3358 546 3401 historiae
569 3359 802 3414 Augustae,
827 3361 943 3416 quod
964 3368 1188 3417 parentem
1219 3362 1402 3403 eundem
1431 3376 1555 3409 suum
1575 3361 1749 3415 diceret,
1782 3361 1826 3401 in
1856 3359 2055 3403 omnibus
