2202 3730
120 285 367 322 CLAVDIVS
1001 279 1084 322 385
1675 282 1922 320 GLAVDIVS

205 415 426 459 Marciam
454 419 498 466 2,
531 415 649 458 Plin.
682 430 724 458 n.
754 415 794 458 h.
816 418 883 466 19,
904 419 985 467 24;
1015 418 1083 466 37,
1105 418 1172 466 11,
1207 414 1322 459 Serv.
1353 415 1399 457 in
1427 414 1534 457 Aen.
1566 417 1605 465 6,
1636 416 1730 456 861.
1786 412 1925 455 Natus

202 500 241 527 a.
259 484 341 527 712
362 504 416 519 =
438 485 492 526 42
514 499 551 526 a.
570 483 631 538 C„
663 499 761 526 nam
783 484 991 539 vigesimo
1013 498 1125 526 anno
1150 483 1307 526 obiisse
1326 483 1485 526 dicitur
1503 482 1699 538 Propert.
1715 485 1755 533 4,
1774 484 1840 532 18,
1858 484 1922 531 15,

200 552 311 595 male
341 558 492 595 octavo
523 552 688 594 decimo
712 552 830 596 Serv.
856 553 902 595 in
926 551 1035 595 Aen.
1057 556 1096 603 6,
1116 555 1212 595 861.
1271 552 1482 607 Magister
1512 552 1603 593 eius
1632 551 1789 593 Nestor
1819 550 1924 592 Tar-

202 621 337 663 sensis
360 620 517 664 Strabo
548 621 574 663 l.
607 621 633 663 l.

285 700 414 744 Anno
446 701 528 744 715
559 721 614 736 =
644 701 698 744 39
740 701 842 744 Sex.
874 702 1105 757 Pompeius
1145 702 1183 743 ei
1218 700 1352 743 filiam
1381 699 1612 757 despondit
1640 699 1729 742 Dio
1758 701 1825 749 48,
1855 700 1924 749 38,

199 769 389 824 Appian.
421 769 513 812 bell.
545 770 620 812 civ.
650 772 690 820 5,
723 772 788 811 73.
846 769 975 812 Anno
1007 769 1089 812 725
1119 789 1176 804 =
1205 770 1260 812 29
1291 768 1471 811 Actiaco
1500 768 1718 825 triumpho
1750 781 1926 810 currum

199 837 387 893 Augusti
436 840 664 880 comitatus
709 844 774 880 est
812 837 1055 880 dexteriore
1094 837 1229 881 funali
1270 852 1380 894 equo
1422 836 1594 880 Sueten.
1640 836 1778 881 Tiber.
1818 838 1844 878 6
1885 842 1927 877 et

195 905 422 960 Augustus
460 906 504 947 in
543 906 728 960 gratiam
768 907 859 948 eius
899 908 1043 962 pueris
1084 907 1354 960 congiarium
1393 905 1512 947 dedit
1540 904 1629 947 Dio
1657 907 1723 959 51,
1755 907 1812 947 21
1845 904 1917 958 (cf.

198 973 366 1017 Sueton.
387 973 567 1028 Auyust.
588 973 672 1027 41).
723 973 851 1016 Anno
875 974 957 1016 729
987 994 1043 1010 —--
1069 975 1123 1017 25
1144 973 1369 1029 Augustus
1399 989 1477 1030 per
1507 988 1606 1016 eum
1637 979 1679 1015 et
1698 971 1921 1014 Tiberium

197 1042 446 1098 privignum
473 1041 684 1084 militibus
714 1041 838 1084 ludos
868 1042 1064 1085 exhibuit
1093 1043 1138 1084 in
1168 1043 1272 1098 ipsis
1304 1043 1455 1084 castris
1476 1041 1565 1085 Dio
1592 1044 1657 1092 53,
1679 1044 1738 1085 26
1765 1040 1925 1082 scilicet

198 1110 439 1164 Hispaniae
468 1110 522 1163 cf.
554 1111 817 1164 epiyrarnma
837 1109 1098 1165 Orinayorae
1119 1110 1251 1153 Anth.
1271 1125 1412 1165 yraec.
1433 1114 1471 1160 6,
1494 1113 1586 1161 161,
1619 1109 1731 1164 quod
1756 1109 1927 1163 scripSit

198 1178 256 1221 ad
273 1178 530 1220 Marcellum
551 1179 888 1232 proficiscentem
912 1179 959 1221 in
981 1179 1133 1221 bellurn
1152 1179 1416 1233 fflspanum;
1443 1178 1595 1221 eodem
1624 1192 1737 1220 anno
1766 1176 1922 1220 Iuliam

199 1246 331 1289 filiam
354 1247 392 1288 ei
413 1247 458 1288 in
479 1247 799 1289 matrimonium
819 1246 941 1289 dedit
960 1248 1219 1303 nuptiasque
1236 1247 1393 1289 absens
1415 1262 1493 1303 per
1507 1246 1746 1303 Agrippam
1763 1246 1925 1288 Romae

199 1314 410 1357 celebrari
430 1315 556 1357 iussit
574 1314 632 1358 iel.
656 1317 721 1364 53,
739 1318 810 1365 27,
838 1315 1015 1357 Velleius
1036 1319 1079 1366 2,
1095 1318 1160 1366 93,
1177 1319 1221 1366 2,
1243 1315 1362 1358 Plut.
1379 1315 1536 1357 Anton.
1553 1317 1621 1365 87,
1645 1313 1843 1358 Marcell.
1859 1317 1926 1364 30,

199 1383 368 1426 Sueton.
388 1382 569 1437 Auyust.
590 1386 669 1434 63;
700 1383 758 1425 acl
787 1397 859 1425 eas
880 1385 1054 1438 nuptias
1075 1385 1263 1438 pertinet
1278 1383 1459 1426 Horatii
1477 1397 1608 1426 carm.
1629 1386 1667 1433 1,
1690 1386 1760 1426 12.
1799 1381 1927 1424 Anno

198 1453 281 1495 730
303 1471 358 1486 =
378 1452 434 1494 24
455 1458 630 1493 senatus
652 1466 752 1493 eum
772 1451 934 1507 adlegit
956 1459 998 1494 et
1017 1453 1281 1508 praetorium
1302 1451 1442 1494 locum
1464 1453 1702 1494 sententiae
1718 1450 1928 1492 dicendae

200 1521 238 1561 ei
260 1519 380 1562 dedit
401 1519 614 1576 simulque
636 1520 842 1575 decrevit,
865 1527 914 1563 ut
934 1520 1141 1563 decennio
1163 1522 1375 1563 maturius
1394 1535 1522 1576 quam
1545 1535 1622 1576 per
1642 1519 1759 1574 leges
1780 1518 1929 1560 liceret

205 1587 477 1631 consulatum
506 1595 674 1645 peteret
702 1588 791 1631 Dio
819 1591 886 1639 53,
917 1592 987 1633 28.
1058 1589 1187 1631 Anno
1217 1589 1295 1633 731
1328 1609 1383 1624 Ξ
1414 1589 1470 1632 23
1501 1587 1651 1631 aedilis
1683 1586 1843 1629 curulis
1873 1586 1927 1629 ab

199 1657 400 1712 Augusto
431 1657 604 1699 adiutus
633 1657 1082 1712 magnificentissimos
1111 1657 1237 1700 ludos
1268 1657 1415 1708 edidit,
1452 1672 1531 1714 per
1559 1662 1693 1699 totam
1723 1661 1927 1698 aestatem

200 1726 342 1768 forum
382 1724 489 1768 velis
530 1726 816 1780 inumbravit,
858 1726 1218 1782 dactyliothecam
1258 1727 1304 1768 in
1341 1726 1448 1768 aede
1488 1725 1675 1768 Palatini
1715 1723 1929 1780 Apollinis

198 1795 468 1837 consecravit
498 1794 678 1837 Velleius
707 1798 751 1844 2,
783 1797 850 1845 99,
894 1794 1012 1836 Plin.
1043 1808 1085 1837 n.
1116 1794 1157 1837 h.
1188 1798 1256 1845 19,
1288 1798 1369 1846 24,·
1397 1797 1463 1844 37,
1495 1797 1570 1844 11,
1616 1793 1715 1835 Tac.
1751 1806 1790 1834 a.
1820 1796 1858 1843 1,
1889 1795 1928 1842 3,

198 1862 423 1905 Plutarch.
455 1862 655 1905 Marcell.
683 1865 750 1913 30,
794 1862 911 1906 Serv.
944 1863 990 1905 in
1019 1862 1128 1905 Aen.
1158 1865 1197 1914 5,
1229 1867 1268 1907 4.
1328 1862 1400 1906 Ab
1431 1862 1634 1917 Augusto
1672 1860 1929 1918 pontificatu

132 1976 142 1978 ,
199 1937 376 1973 orna-tus
404 1931 503 1974 Tac.
536 1946 575 1974 a.
606 1934 644 1982 1,
676 1934 714 1975 3.
779 1931 964 1987 Propter
1001 1932 1186 1986 gratias,
1228 1946 1336 1987 quas
1366 1930 1592 1985 Augustus
1623 1931 1662 1971 ei
1694 1928 1926 1983 tribuebat,

199 1998 437 2042 simultates
463 2000 577 2042 inter
597 2014 695 2041 eum
717 2005 761 2042 et
780 1998 1022 2056 Agrippam
1044 2006 1162 2042 ortae
1183 2006 1294 2054 sunt,
1324 2001 1385 2041 ita
1409 2006 1458 2041 ut
1478 1998 1676 2055 Agrippa
1695 1997 1927 2053 Mytilenas

199 2066 420 2110 secederet
443 2067 623 2110 Velleius
642 2071 686 2118 2,
703 2071 771 2120 99,
788 2071 831 2118 2,
855 2067 1027 2112 Sueton.
1042 2067 1224 2122 Auyust.
1247 2071 1311 2118 66,
1341 2068 1480 2110 Tiber.
1497 2071 1561 2118 10,
1583 2066 1672 2109 Dio
1691 2069 1756 2117 53,
1772 2069 1838 2109 31.
1854 2069 1922 2109 32.

200 2135 291 2179 Sub
322 2135 450 2178 finem
482 2136 584 2178 anni
615 2137 669 2179 23
701 2136 773 2190 (cf.
795 2135 883 2177 Dio
912 2137 978 2186 53,
999 2139 1066 2186 30,
1098 2135 1217 2180 Plin.
1239 2150 1281 2180 n.
1303 2136 1342 2178 h.
1364 2139 1432 2185 19,
1453 2133 1528 2190 24)
1560 2141 1788 2189 aegrotans
1810 2135 1926 2191 apud

196 2205 327 2246 Baias
347 2204 490 2247 subito
512 2204 696 2246 decessit
726 2211 768 2246 et
798 2203 971 2260 publico
1002 2204 1153 2246 funere
1185 2203 1323 2246 elatus
1344 2203 1631 2260 laudatusque
1651 2203 1707 2246 ab
1727 2203 1925 2258 Augusto

195 2274 241 2315 in
262 2287 412 2329 campo
432 2273 590 2315 Martio
610 2271 803 2329 sepultus
823 2278 887 2314 est
902 2272 1097 2326 Propert.
1114 2276 1152 2323 4,
1175 2275 1240 2323 18,
1262 2276 1300 2323 6,
1337 2272 1515 2315 Velleius
1534 2276 1577 2322 2,
1600 2275 1667 2322 99,
1688 2275 1726 2322 1,
1759 2272 1857 2314 Tac.
1884 2287 1924 2317 a.

196 2345 240 2391 2,
263 2344 328 2391 41,
360 2341 450 2384 Dio
476 2343 542 2392 53,
563 2344 628 2391 30,
662 2340 780 2384 Serv.
812 2341 859 2383 in
887 2340 996 2383 Aen.
1018 2345 1056 2391 1,
1081 2344 1188 2392 712;
1216 2344 1256 2391 3,
1280 2343 1384 2392 718,·
1410 2342 1448 2391 5,
1470 2344 1521 2391 4,·
1550 2344 1588 2391 6,
1609 2343 1702 2384 861.
1734 2365 1791 2370 -
1821 2341 1925 2383 Per-

192 2423 348 2464 peram
376 2408 490 2452 filius
521 2409 576 2452 ab
606 2408 805 2463 Augusto
836 2408 1064 2465 adoptatus
1096 2409 1253 2451 dicitur
1282 2408 1503 2451 Plutarch.
1524 2408 1684 2451 Anton.
1705 2411 1774 2459 87,
1806 2409 1922 2452 Serv.

195 2478 243 2519 in
270 2477 377 2521 Aen.
408 2481 446 2529 6,
473 2480 568 2520 861.

281 2557 334 2599 In
364 2557 569 2600 honorem
601 2563 643 2599 et
671 2557 921 2599 memoriam
951 2557 1110 2598 mortui
1131 2556 1316 2599 Octavia
1345 2563 1483 2599 mater
1513 2555 1820 2599 bibliothecam
1849 2572 1921 2599 ex-

194 2626 332 2667 truxit
371 2625 595 2668 Plutarch.
640 2625 838 2669 Marcell.
873 2628 940 2675 30,
982 2623 1206 2680 Augustus
1253 2624 1468 2667 theatrum
1508 2625 1703 2667 Marcelli
1749 2627 1922 2668 nomine

195 2710 233 2736 a.
266 2694 348 2737 743
375 2714 431 2728 =
463 2695 513 2737 11
546 2710 584 2736 a.
617 2693 666 2738 C.
698 2693 917 2736 dedicavit
950 2693 1037 2735 ibd.
1080 2694 1134 2747 cf.
1177 2696 1204 2737 t.
1237 2697 1293 2736 2:
1332 2693 1548 2736 theatrum
1587 2693 1643 2735 ad
1683 2694 1789 2735 aede
1829 2693 1920 2750 (sic)

194 2761 409 2818 Apollinis
439 2762 483 2803 in
515 2761 604 2804 solo
631 2776 791 2817 magna
820 2776 877 2803 ex
906 2767 1029 2817 parte
1060 2776 1086 2803 a
1115 2761 1363 2817 p[r]i[v]atis
1395 2768 1535 2818 empto
1566 2761 1660 2817 feci,
1693 2762 1811 2818 quod
1841 2763 1921 2805 sub

195 2830 368 2872 nomine
398 2830 457 2872 M.
488 2829 715 2885 Marcell[i]
746 2830 894 2885 generi
924 2830 1008 2871 mei
1040 2836 1161 2883 esset,
1193 2829 1282 2872 Dio
1311 2832 1376 2880 53,
1404 2833 1482 2881 30,·
1509 2832 1575 2881 54,
1605 2833 1675 2881 26,
1707 2831 1800 2873 Liv.
1823 2845 1918 2885 per.

198 2898 225 2940 l.
254 2901 346 2948 141,
379 2897 499 2940 Plin.
530 2912 572 2941 n.
603 2898 643 2941 h.
674 2901 714 2948 8,
746 2901 811 2948 65,
845 2897 1015 2941 Sueten.
1049 2897 1229 2952 Auyust.
1260 2901 1331 2940 29.
1362 2901 1440 2949 43;
1474 2897 1688 2941 theatrum
1724 2898 1920 2941 Marcelli

194 2969 451 3009 memoratur
482 2965 581 3008 CIL
610 2966 690 3008 IX
717 2969 829 3009 9230
869 2967 999 3020 (fasto
1028 2965 1234 3022 Allifan.)
1264 2965 1381 3008 Fest.
1404 2981 1451 3021 p.
1473 2969 1556 3008 178
1590 2980 1624 3009 s.
1654 2981 1690 3011 v.
1726 2967 1917 3019 Octavia,

194 3035 349 3078 Ascon.
371 3034 418 3076 in
433 3033 586 3077 Scaur.
601 3048 648 3088 p.
664 3037 735 3084 24,
753 3037 790 3084 1,
814 3033 933 3076 Plin.
955 3048 996 3075 n.
1013 3033 1053 3076 h.
1070 3037 1108 3084 7,
1126 3036 1222 3084 121,
1242 3034 1445 3077 Martial.
1461 3039 1504 3085 2,
1521 3037 1593 3085 29,
1610 3038 1637 3078 5
1648 3049 1661 3086 ;
1683 3039 1751 3086 10,
1769 3039 1835 3086 51,
1850 3040 1916 3087 11,

199 3104 297 3146 Tac.
332 3117 372 3145 a.
401 3105 440 3156 3,
463 3105 528 3152 64,
561 3102 678 3146 Suet.
704 3102 823 3156 Vesp.
843 3106 910 3152 19,
941 3102 1012 3145 vit.
1045 3101 1139 3145 Sev.
1170 3101 1412 3144 Alexandri
1438 3106 1503 3153 44,
1536 3106 1574 3153 7,
1606 3103 1772 3146 Forma
1798 3106 1919 3148 urbis

194 3170 358 3213 Romae
388 3171 473 3213 tab.
504 3170 584 3213 IV
604 3171 758 3225 fraym.
789 3172 852 3213 28
880 3169 940 3212 ecl.
974 3169 1168 3220 Jordan,
1214 3170 1386 3213 Notitia
1423 3172 1582 3226 reyion.
1614 3172 1707 3222 IX,
1752 3172 1915 3217 Ourios.

192 3254 278 3294 req.
309 3239 399 3282 IX.
428 3264 486 3269 —-
515 3238 777 3294 Crinagoras
816 3245 943 3295 poeta
977 3238 1150 3295 scripsit
1184 3238 1238 3280 ed
1274 3253 1371 3281 eum
1407 3241 1536 3294 epiyr.
1568 3239 1742 3283 Anthol.
1770 3255 1912 3295 yraec.

192 3311 231 3358 6,
262 3311 365 3359 161;
398 3311 437 3358 9,
467 3310 559 3351 545.
591 3332 643 3338 -
675 3307 930 3349 Memoriam
967 3308 1125 3349 mortui
1164 3306 1471 3363 praedicarunt
1510 3314 1664 3364 poetae
1694 3309 1914 3364 Vergilius

175 3390 456 3426 Prosopographia
472 3390 556 3426 Imp.
573 3391 666 3420 Rom.
701 3390 729 3420 1.
792 3394 794 3396 '
1595 3386 1639 3421 25
