2202 3730
266 311 517 348 AVREles
1129 295 1211 342 206
1818 299 2068 342 AVRELIVS

354 442 430 483 filii
462 447 603 482 statua
633 441 670 480 ei
701 439 876 480 decreta
907 442 971 478 est
999 436 1084 480 ibd.
1110 439 1149 486 5,
1181 439 1225 479 2.
1286 435 1546 478 Nominatur
1582 435 1651 479 VI
1670 439 1789 487 9355,
1819 437 1897 478 ubi
1923 451 2072 479 memo-

356 513 480 550 ratur
524 508 786 561 dispensator
829 505 1035 546 Boioniae
1080 502 1293 546 Procillae
1337 510 1380 545 et
1423 502 1573 546 Aureli
1618 503 1760 546 Fulvi.
1804 528 1857 535 —
1901 503 2074 547 Videtur

358 576 499 618 consul
528 575 771 616 ordinarius
799 573 931 626 fuisse
963 587 1002 614 a.
1023 574 1089 622 89,
1125 572 1242 614 cuius
1273 572 1377 613 anni
1406 571 1591 614 consules
1618 573 1891 614 nominantur
1910 570 2074 614 Fulvus

359 651 400 685 et
420 643 646 684 Atratinus
677 641 745 683 VI
757 643 868 684 9326
898 641 1011 695 (item
1040 643 1148 682 recte
1171 638 1530 693 Chronoyraphus
1557 640 1611 693 cf.
1633 639 1798 694 fastos),
1821 640 2076 694 praesertim

359 725 450 754 cum
479 713 656 765 praeter
686 708 901 762 familiam
928 707 1198 762 imperatoris
1226 706 1302 748 Pii
1336 707 1457 749 nulla
1488 707 1577 749 alia
1611 720 1713 761 qens
1740 707 1896 750 nobilis
1923 708 2074 750 aetatis

356 778 654 834 imperatoriae
685 776 821 819 adhuc
850 776 1090 826 innotuerit,
1123 776 1192 817 cui
1220 778 1325 818 esset
1352 789 1574 830 coynomen
1602 774 1748 819 Fulvi.

277 860 383 902 1255
416 864 459 899 T.
481 862 730 898 AVRELIVS
752 861 957 910 FVLVVS,
982 854 1131 897 consul
1156 855 1177 897 I
1196 869 1232 896 a.
1253 855 1306 897 85
1330 869 1430 897 cum
1451 855 1710 910 imperatore
1731 854 1979 910 Domitiano
1996 854 2077 899 XI.

361 926 630 971 Memoratur
665 925 711 966 in
751 923 885 966 titulis
918 923 1105 977 yeniellis
1135 923 1289 966 Ziatae
1318 923 1548 965 Armeniae
1576 923 1753 965 maioris
1780 923 1960 976 repertis
1987 922 2076 964 III

361 995 406 1038 S.
439 997 544 1036 6741
575 992 647 1047 (1).
678 995 789 1035 6742
819 991 905 1046 (2),·
943 992 989 1034 in
1019 992 1140 1033 tertio
1176 991 1357 1033 eiusdem
1387 991 1502 1033 tituli
1531 990 1714 1045 exemplo
1744 990 1833 1033 III
1854 989 1902 1033 S.
1930 991 2079 1033 6742a

357 1063 532 1104 nomina
560 1060 685 1102 liuius
709 1060 929 1114 perierunt
948 1063 1125 1114 praeter
1155 1058 1337 1114 [Fu]lvo.
1743 1113 1745 1115 q

444 1130 501 1172 In
539 1127 782 1170 consulatu:
820 1126 986 1170 Fulvus
1026 1127 1144 1181 fasti.
1175 1153 1227 1158 —
1267 1128 1319 1172 T.
1349 1126 1555 1169 Aurelius
1590 1125 1755 1168 Fulvus
1797 1129 1823 1169 t.
1855 1130 1894 1169 1.
1924 1129 1978 1178 2;
2007 1127 2079 1171 vit.

365 1198 440 1240 Pii
459 1201 498 1247 1,
519 1200 551 1239 2
560 1210 573 1247 ;
601 1195 768 1238 Fulvus
790 1194 991 1248 (Fulvius
1018 1194 1222 1248 traditur)
1247 1193 1451 1236 Aurelius
1478 1194 1575 1237 Tac.
1597 1194 1637 1236 h.
1658 1197 1697 1246 1,
1721 1197 1786 1237 79.
1820 1219 1867 1224 —
1900 1193 2080 1248 Origine
2155 1217 2183 1239 >,

362 1265 665 1308 Nemausensis
694 1264 766 1305 vit.
798 1263 874 1304 Pii
904 1263 930 1305 l.
963 1263 988 1305 l.
1046 1264 1238 1317 Legatus
1269 1262 1381 1317 Aug.
1417 1262 1597 1317 legionis
1633 1262 1700 1305 III
1735 1262 1929 1306 Gallicae
1957 1276 1994 1306 a.
2025 1261 2082 1304 64

363 1338 390 1376 t.
424 1337 461 1377 1.
493 1337 547 1384 2,·
591 1347 628 1376 a.
661 1332 714 1374 69
754 1331 921 1386 legatus
960 1331 1142 1386 legionis
1183 1331 1375 1373 eiusdem
1415 1331 1469 1374 ob
1509 1346 1577 1373 res
1617 1330 1826 1373 adversus
1862 1330 2082 1391 Sarmatas

359 1403 469 1444 bene
503 1408 645 1456 gestas
676 1400 731 1442 ab
762 1401 1020 1456 imperatore
1050 1399 1221 1442 Othone
1258 1398 1556 1442 consularibus
1597 1400 1858 1442 ornamentis
1897 1397 2081 1441 donatus

367 1471 465 1514 Tac.
498 1470 523 1511 l.
557 1469 607 1520 Z.,·
645 1468 795 1510 consul
826 1469 848 1510 Ι
878 1484 916 1510 a.
949 1469 1002 1511 85
1038 1469 1167 1523 fasti,·
1196 1483 1274 1525 per
1303 1468 1487 1510 honores
1523 1467 1716 1510 diversos
1751 1467 1806 1510 ad
1847 1467 2082 1525 secundum

363 1537 634 1580 consulatum
676 1544 718 1579 et
757 1537 1073 1596 praefecturam
1108 1537 1229 1579 urbis
1266 1537 1464 1593 pervenit
1493 1534 1713 1588 (incertum
1742 1550 1823 1590 quo
1852 1538 1980 1592 anno)
2009 1536 2082 1578 vit.

366 1606 439 1649 Pii
468 1606 493 1649 l.
526 1605 551 1649 l.
583 1630 634 1634 -—
667 1606 797 1663 Pater
830 1605 997 1647 Aurelii
1038 1604 1166 1647 Fulvi
1206 1604 1393 1647 consulis
1434 1604 1490 1658 (a.
1521 1605 1576 1647 89
1590 1604 1654 1659 ?)‚
1697 1619 1803 1647 avus
1833 1603 1883 1646 Τ.
1915 1602 2082 1646 Aurelii

363 1673 492 1716 Fulvi
522 1673 640 1715 Arrii
670 1673 840 1714 Boionii
872 1673 1081 1715 Antonini
1113 1674 1186 1729 qui
1219 1673 1448 1730 imperavit
1476 1672 1562 1715 ibd.

281 1755 390 1797 1256
420 1760 473 1795 Μ.
504 1759 753 1794 AVRELIVS
794 1759 986 1794 FVLVVS
1020 1759 1331 1808 ANTONINVS,
1373 1751 1488 1794 filius
1528 1754 1629 1809 imp.
1662 1751 1858 1795 Caesaris
1887 1752 1938 1796 T.
1968 1751 2083 1794 Aelii

365 1821 577 1864 Hadriani
603 1820 812 1863 Antonini
843 1820 958 1875 Aug.
990 1821 1058 1863 Pii
1089 1836 1128 1877 p.
1160 1836 1201 1877 p.
1234 1820 1302 1863 VI
1322 1824 1405 1864 988
1444 1824 1471 1865 t.
1502 1820 1750 1875 sepulcralis
1789 1822 1836 1863 in
1874 1821 2084 1864 mausoleo

365 1890 598 1933 Hadriani.
657 1889 725 1931 De
755 1893 936 1944 tempore
964 1891 1112 1932 mortis
1141 1890 1232 1932 vide
1262 1890 1308 1931 in
1328 1892 1470 1944 patre.

283 1971 392 2013 1257
424 1976 467 2012 T.
479 1975 727 2010 AVRELIVS
744 1975 935 2011 FVLVVS
952 1975 1185 2011 BOIONIVS
1196 1975 1378 2010 ARRIVS
1394 1974 1681 2010 ANTONINVS
1699 1988 1754 2003 Ξ
1769 1975 1870 2010 IMP.
1890 1974 2086 2010 CAESAR

366 2045 408 2079 T.
440 2043 620 2078 AELIVS
651 2043 940 2079 HADRIANVS
971 2043 1260 2078 ANTONINVS
1290 2043 1404 2079 AVG.
1435 2043 1557 2080 PIVS.
1609 2036 1813 2079 Privatus
1830 2040 2088 2079 memoratur

364 2107 411 2148 in
451 2105 570 2147 titulo
605 2104 826 2159 Ephesino
860 2104 927 2148 01
928 2104 968 2147 G
997 2108 1109 2147 2965
1138 2125 1195 2140 =
1224 2104 1690 2159 Lebas-Waddinyton
1729 2108 1809 2148 146
1839 2104 1898 2160 (1)
1939 2108 1998 2156 et,
2031 2107 2088 2147 'ut

364 2174 540 2223 videtur,
572 2174 617 2215 in
647 2173 795 2227 tequlis
827 2174 931 2215 anni
958 2176 1038 2216 134
1062 2173 1111 2215 X
1126 2176 1247 2224 8048,
1279 2177 1338 2216 32
1358 2174 1435 2228 (2),
1465 2173 1564 2216 XV
1585 2176 1643 2216 92
1663 2171 1734 2229 (3).
1764 2175 1818 2215 93
1838 2173 1909 2228 (4).
1939 2176 1993 2216 94
2013 2171 2086 2229 (5).

368 2246 419 2285 95
450 2242 520 2296 (6).
580 2241 683 2283 Post
723 2242 1003 2295 adoptionem,
1046 2242 1119 2284 sed
1157 2246 1254 2284 ante
1292 2246 1466 2284 mortem
1494 2242 1719 2284 Hadriani
1758 2242 1799 2284 ei
1826 2242 1964 2296 positi
1989 2245 2088 2284 swnt

370 2314 396 2352 t.
430 2311 619 2351 urbanus
651 2309 718 2352 VI
735 2312 820 2352 988
849 2310 925 2364 (7),
957 2310 1145 2352 Dacicus
1175 2309 1864 2365 Archaoloqisch-Epiyraphische
1894 2309 2086 2352 Mitthei-

369 2379 520 2433 lunyen
559 2391 636 2419 aus
675 2378 933 2421 Oesterreieh
962 2378 1011 2420 X
1020 2378 1114 2421 VII
1137 2378 1278 2435 (1894)
1301 2393 1350 2433 p.
1371 2382 1461 2422 224
1491 2377 1563 2434 (8).
1622 2379 1837 2421 Incertum
1872 2383 1952 2430 est,
1986 2393 2088 2422 num

369 2447 426 2489 ad
454 2460 546 2488 eum
566 2447 782 2500 pertineat
811 2450 838 2488 t.
877 2448 1074 2501 Tifernas
1109 2448 1331 2490 Tiberinus
1361 2448 1415 2501 cf.
1446 2447 1490 2488 A
1518 2450 1617 2490 892.

453 2515 590 2556 Natus
612 2521 676 2556 est
696 2514 738 2557 d.
764 2515 813 2556 19
834 2517 992 2558 mensis
1014 2516 1279 2572 Septembris
1301 2531 1338 2558 a.
1356 2516 1411 2558 86
1432 2516 1476 2556 in
1498 2514 1603 2558 villa
1621 2515 1851 2557 Lanuvina
1867 2515 1956 2557 vita
1975 2518 2014 2566 1,
2035 2517 2088 2567 8,·

371 2582 478 2624 diem
505 2582 692 2624 natalem
719 2584 972 2637 confirmant
996 2584 1104 2637 fasti
1123 2583 1342 2626 Philocali
1359 2584 1393 2626 Ι
1397 2584 1414 2608 2
1429 2598 1476 2637 10.
1497 2584 1588 2626 272
1607 2587 1646 2625 et
1677 2583 1908 2626 V110234.
1949 2582 2086 2626 Filius

368 2650 535 2693 Aurelii
551 2650 679 2691 Fulvi
696 2650 883 2693 consulis
904 2652 960 2706 (a.
976 2647 1031 2694 89
1041 2651 1079 2706 ,9)
1098 2659 1139 2693 et
1154 2651 1309 2694 Arriae
1329 2650 1535 2705 Fadium,
1554 2665 1687 2707 nepos
1701 2652 1750 2693 T.
1767 2650 1935 2693 Aurelii
1955 2650 2086 2694 Fulvi

370 2718 570 2773 (consulis
599 2718 632 2760 I
656 2732 694 2761 a.
725 2718 819 2772 85),·
844 2734 922 2775 per
950 2726 1130 2761 matrem
1156 2734 1289 2776 nepos
1319 2720 1438 2762 Arrii
1469 2718 1678 2761 Antonini
1709 2718 1805 2771 (cos,
1827 2720 1861 2762 I
1883 2733 1923 2762 a.
1945 2719 2016 2774 69)
2045 2726 2089 2762 et

370 2787 577 2827 Boioniae
610 2786 844 2838 Procillae3
885 2788 1066 2829 vitricus
1106 2789 1196 2829 eius
1226 2787 1362 2830 Iulius
1393 2788 1565 2843 Lupus,
1607 2802 1729 2830 soror
1766 2783 1937 2830 uterina
1974 2786 2088 2830 Iulia

371 2852 539 2895 Fadilla
566 2854 655 2895 vita
683 2858 709 2895 1
738 2855 808 2909 (cf.
830 2858 1005 2897 stemma
1033 2855 1144 2909 quod
1171 2856 1358 2910 subieci).
1401 2856 1452 2898 T.
1472 2854 1675 2897 Aurelius
1696 2855 1861 2898 Fulvus
1880 2856 2088 2898 Boionius

371 2921 615 2964 Antoninus
644 2923 733 2963 vita
762 2926 799 2972 1,
833 2927 859 2964 1
890 2923 983 2976 (ubi
1009 2923 1119 2966 male
1150 2923 1323 2965 additur
1352 2924 1487 2977 Pius),
1528 2923 1578 2965 Τ.
1610 2922 1813 2965 Aurelius
1843 2922 2087 2966 Antoninus

369 2988 550 3030 Fulvius
580 2988 671 3039 (sic)
702 2990 887 3045 Eutrop.
918 2994 957 3041 8,
991 2995 1027 3042 7,
1069 2992 1120 3035 T.
1151 2992 1395 3034 Antoninus
1434 2991 1617 3033 Fulvius
1656 2992 1862 3033 Boionius
1892 2990 1950 3035 id.
1975 2993 2015 3042 8,
2045 2994 2086 3042 8,

372 3056 576 3098 Aurelius
597 3057 841 3100 Antoninus
863 3059 950 3101 Dio
972 3063 1035 3110 69,
1059 3063 1129 3110 20,
1164 3060 1305 3102 Victor
1331 3059 1451 3105 Caes.
1472 3062 1538 3110 15,
1564 3064 1602 3110 1,
1632 3059 1879 3102 Antoninus
1903 3058 2087 3102 Fulvius

372 3140 446 3165 seu
475 3125 680 3166 Boionius
712 3125 851 3167 dictus
882 3127 1078 3181 Epitome
1107 3131 1172 3178 15,
1204 3132 1242 3178 1,
1284 3127 1439 3170 Arrius
1479 3127 1725 3170 Antoninus
1756 3128 1845 3169 vita
1872 3131 1912 3178 4,
1942 3131 1986 3179 2,
2014 3128 2086 3170 vit.

370 3193 592 3234 Hadriani
620 3196 698 3242 24,
731 3197 756 3235 1
769 3227 779 3243 ,
820 3198 1003 3236 ceterum.
1037 3195 1281 3238 Antoninus
1318 3196 1434 3250 apud
1469 3196 1705 3250 scriPtoreS.
1774 3196 1831 3238 In
1869 3197 2089 3241 consulatu

370 3261 539 3314 primo:
569 3261 619 3302 T.
644 3260 845 3302 Aurelius
867 3262 1031 3304 Fulvus
1058 3263 1126 3306 VI
1137 3267 1271 3307 2080..
1285 3267 1406 3306 9100.
1428 3267 1579 3314 27041,
1603 3264 1652 3306 Τ.
1674 3263 1882 3306 Aurelius
1900 3264 1937 3307 F
1939 3264 2087 3322 [ulvus

372 3327 542 3382 Arrius]
574 3360 699 3370 .....
720 3329 965 3372 Antoninus
997 3331 1118 3374 VIII
1129 3334 1256 3375 8239.
1273 3356 1332 3362 —
1357 3333 1407 3374 T.
1430 3331 1634 3374 Aurelius
1655 3331 1821 3374 Fulvus
1841 3332 2087 3376 Antoninus
