<?xml version="1.0" encoding="UTF-8"?>
<!DOCTYPE html PUBLIC "-//W3C//DTD XHTML 1.0 Transitional//EN"
    "http://www.w3.org/TR/xhtml1/DTD/xhtml1-transitional.dtd">
<html xmlns="http://www.w3.org/1999/xhtml" xml:lang="en" lang="en">
 <head>
  <title>
</title>
<meta http-equiv="Content-Type" content="text/html;charset=utf-8" />
  <meta name='ocr-system' content='tesseract 3.04.00' />
  <meta name='ocr-capabilities' content='ocr_page ocr_carea ocr_par ocr_line ocrx_word'/>
</head>
<body>
  <div class='ocr_page' id='page_1' title='image "./prosopographiaim01akaduoft/prosopographiaim01akaduoft_0243.png"; bbox 0 0 2202 3730; ppageno 0'>
   <div class='ocr_carea' id='block_1_1' title="bbox 102 298 1909 340">
    <p class='ocr_par' dir='ltr' id='par_1_1' title="bbox 102 298 1909 340">
     <span class='ocr_line' id='line_1_1' title="bbox 102 298 1909 340; baseline 0.001 -2"><span class='ocrx_word' id='word_1_1' title='bbox 102 303 294 339; x_wconf 82' lang='lat' dir='ltr'><strong>BALBVS</strong></span> <span class='ocrx_word' id='word_1_2' title='bbox 972 298 1055 340; x_wconf 82' lang='grc'><strong>227</strong></span> <span class='ocrx_word' id='word_1_3' title='bbox 1624 303 1909 340; x_wconf 85' lang='lat' dir='ltr'><strong>BALSAMIVS</strong></span> 
     </span>
    </p>
   </div>
   <div class='ocr_carea' id='block_1_2' title="bbox 100 1397 156 1440">
    <p class='ocr_par' dir='ltr' id='par_1_2' title="bbox 100 1397 156 1440">
     <span class='ocr_line' id='line_1_2' title="bbox 100 1397 156 1440; baseline -0.018 0"><span class='ocrx_word' id='word_1_4' title='bbox 100 1397 156 1440; x_wconf 84' lang='lat'><strong>36</strong></span> 
     </span>
    </p>
   </div>
   <div class='ocr_carea' id='block_1_3' title="bbox 186 439 1099 1364">
    <p class='ocr_par' dir='ltr' id='par_1_3' title="bbox 188 439 668 484">
     <span class='ocr_line' id='line_1_3' title="bbox 188 439 668 484; baseline 0.008 -10"><span class='ocrx_word' id='word_1_5' title='bbox 188 440 232 484; x_wconf 81' lang='lat' dir='ltr'><strong>Q.</strong></span> <span class='ocrx_word' id='word_1_6' title='bbox 263 439 430 476; x_wconf 79' lang='lat' dir='ltr'><strong>1VL1vs</strong></span> <span class='ocrx_word' id='word_1_7' title='bbox 461 440 668 478; x_wconf 79' lang='lat' dir='ltr'><strong>BALBVS.</strong></span> 
     </span>
    </p>

    <p class='ocr_par' dir='ltr' id='par_1_4' title="bbox 187 506 592 547">
     <span class='ocr_line' id='line_1_4' title="bbox 187 506 592 547; baseline 0.01 -5"><span class='ocrx_word' id='word_1_8' title='bbox 187 506 356 542; x_wconf 85' lang='lat' dir='ltr'><strong>IVNIVS</strong></span> <span class='ocrx_word' id='word_1_9' title='bbox 385 508 592 547; x_wconf 87' lang='lat' dir='ltr'><strong>BALBVS.</strong></span> 
     </span>
    </p>

    <p class='ocr_par' dir='ltr' id='par_1_5' title="bbox 189 567 628 613">
     <span class='ocr_line' id='line_1_5' title="bbox 189 567 628 613; baseline 0.007 -3"><span class='ocrx_word' id='word_1_10' title='bbox 189 567 238 611; x_wconf 86' lang='lat' dir='ltr'><strong>C.</strong></span> <span class='ocrx_word' id='word_1_11' title='bbox 268 569 419 611; x_wconf 88' lang='lat' dir='ltr'><strong>Iunius</strong></span> <span class='ocrx_word' id='word_1_12' title='bbox 450 570 628 613; x_wconf 82' lang='lat' dir='ltr'>Balbus.</span> 
     </span>
    </p>

    <p class='ocr_par' dir='ltr' id='par_1_6' title="bbox 186 643 713 682">
     <span class='ocr_line' id='line_1_6' title="bbox 186 643 713 682; baseline 0.009 -5"><span class='ocrx_word' id='word_1_13' title='bbox 186 643 234 678; x_wconf 92' lang='lat' dir='ltr'><strong>D.</strong></span> <span class='ocrx_word' id='word_1_14' title='bbox 261 643 476 681; x_wconf 86' lang='lat' dir='ltr'><strong>LAELIVS</strong></span> <span class='ocrx_word' id='word_1_15' title='bbox 506 645 713 682; x_wconf 87' lang='lat' dir='ltr'><strong>BALBVS.</strong></span> 
     </span>
    </p>

    <p class='ocr_par' dir='ltr' id='par_1_7' title="bbox 189 704 645 757">
     <span class='ocr_line' id='line_1_7' title="bbox 189 704 645 757; baseline 0.002 -9"><span class='ocrx_word' id='word_1_16' title='bbox 189 704 242 757; x_wconf 82' lang='lat' dir='ltr'><strong>Q.</strong></span> <span class='ocrx_word' id='word_1_17' title='bbox 272 704 439 747; x_wconf 91' lang='lat' dir='ltr'><strong>Marius</strong></span> <span class='ocrx_word' id='word_1_18' title='bbox 469 706 645 749; x_wconf 80' lang='lat' dir='ltr'><strong>Balbus.</strong></span> 
     </span>
    </p>

    <p class='ocr_par' dir='ltr' id='par_1_8' title="bbox 187 779 713 817">
     <span class='ocr_line' id='line_1_8' title="bbox 187 779 713 817; baseline 0.006 -4"><span class='ocrx_word' id='word_1_19' title='bbox 187 779 231 814; x_wconf 92' lang='lat' dir='ltr'><strong>L.</strong></span> <span class='ocrx_word' id='word_1_20' title='bbox 262 779 476 816; x_wconf 86' lang='lat' dir='ltr'><strong>MINDIVS</strong></span> <span class='ocrx_word' id='word_1_21' title='bbox 506 781 713 817; x_wconf 88' lang='lat' dir='ltr'><strong>BALBVS.</strong></span> 
     </span>
    </p>

    <p class='ocr_par' dir='ltr' id='par_1_9' title="bbox 186 846 608 885">
     <span class='ocr_line' id='line_1_9' title="bbox 186 846 608 885; baseline 0.007 -3"><span class='ocrx_word' id='word_1_22' title='bbox 186 846 373 883; x_wconf 86' lang='lat' dir='ltr'><strong>NONIVS</strong></span> <span class='ocrx_word' id='word_1_23' title='bbox 401 849 608 885; x_wconf 88' lang='lat' dir='ltr'><strong>BALBVS.</strong></span> 
     </span>
    </p>

    <p class='ocr_par' dir='ltr' id='par_1_10' title="bbox 186 915 692 953">
     <span class='ocr_line' id='line_1_10' title="bbox 186 915 692 953; baseline 0.008 -4"><span class='ocrx_word' id='word_1_24' title='bbox 186 915 239 952; x_wconf 89' lang='lat' dir='ltr'><strong>M.</strong></span> <span class='ocrx_word' id='word_1_25' title='bbox 270 915 456 952; x_wconf 85' lang='lat' dir='ltr'><strong>NONIVS</strong></span> <span class='ocrx_word' id='word_1_26' title='bbox 485 917 692 953; x_wconf 86' lang='lat' dir='ltr'><strong>BALBVS.</strong></span> 
     </span>
    </p>

    <p class='ocr_par' dir='ltr' id='par_1_11' title="bbox 187 978 1092 1089">
     <span class='ocr_line' id='line_1_11' title="bbox 187 978 1092 1033; baseline 0.004 -15"><span class='ocrx_word' id='word_1_27' title='bbox 187 983 232 1020; x_wconf 89' lang='lat' dir='ltr'><strong>L.</strong></span> <span class='ocrx_word' id='word_1_28' title='bbox 263 982 531 1020; x_wconf 87' lang='lat' dir='ltr'><strong>NORBANVS</strong></span> <span class='ocrx_word' id='word_1_29' title='bbox 561 985 755 1020; x_wconf 89' lang='lat' dir='ltr'><strong>BALBVS</strong></span> <span class='ocrx_word' id='word_1_30' title='bbox 786 978 1026 1032; x_wconf 85' lang='lat' dir='ltr'><strong>(FLAOCVS</strong></span> <span class='ocrx_word' id='word_1_31' title='bbox 1038 979 1092 1033; x_wconf 68' lang='grc' dir='ltr'><strong>Ῥ).</strong></span> 
     </span>
     <span class='ocr_line' id='line_1_12' title="bbox 187 1050 703 1089; baseline 0.006 -3"><span class='ocrx_word' id='word_1_32' title='bbox 187 1050 228 1088; x_wconf 85' lang='lat' dir='ltr'><strong>C.</strong></span> <span class='ocrx_word' id='word_1_33' title='bbox 259 1051 466 1088; x_wconf 85' lang='lat' dir='ltr'><strong>PACCIVS</strong></span> <span class='ocrx_word' id='word_1_34' title='bbox 495 1052 703 1089; x_wconf 89' lang='lat' dir='ltr'><strong>BALBVS.</strong></span> 
     </span>
    </p>

    <p class='ocr_par' dir='ltr' id='par_1_12' title="bbox 188 1119 749 1164">
     <span class='ocr_line' id='line_1_13' title="bbox 188 1119 749 1164; baseline 0.007 -10"><span class='ocrx_word' id='word_1_35' title='bbox 188 1119 230 1164; x_wconf 79' lang='lat' dir='ltr'><strong>Q.</strong></span> <span class='ocrx_word' id='word_1_36' title='bbox 261 1119 511 1156; x_wconf 87' lang='lat' dir='ltr'><strong>POMPEIVS</strong></span> <span class='ocrx_word' id='word_1_37' title='bbox 541 1121 749 1159; x_wconf 88' lang='lat' dir='ltr'><strong>BALBVS.</strong></span> 
     </span>
    </p>

    <p class='ocr_par' dir='ltr' id='par_1_13' title="bbox 186 1187 758 1227">
     <span class='ocr_line' id='line_1_14' title="bbox 186 1187 758 1227; baseline 0.007 -5"><span class='ocrx_word' id='word_1_38' title='bbox 186 1187 232 1223; x_wconf 88' lang='lat' dir='ltr'><strong>L.</strong></span> <span class='ocrx_word' id='word_1_39' title='bbox 262 1187 521 1224; x_wconf 88' lang='lat' dir='ltr'><strong>POPILLIVS</strong></span> <span class='ocrx_word' id='word_1_40' title='bbox 551 1188 758 1227; x_wconf 86' lang='lat' dir='ltr'><strong>BALBVS.</strong></span> 
     </span>
    </p>

    <p class='ocr_par' dir='ltr' id='par_1_14' title="bbox 188 1248 565 1294">
     <span class='ocr_line' id='line_1_15' title="bbox 188 1248 565 1294; baseline 0.008 -4"><span class='ocrx_word' id='word_1_41' title='bbox 188 1248 357 1291; x_wconf 84' lang='lat' dir='ltr'><strong>Tullius</strong></span> <span class='ocrx_word' id='word_1_42' title='bbox 386 1250 565 1294; x_wconf 82' lang='lat' dir='ltr'><strong>Balbus.</strong></span> 
     </span>
    </p>

    <p class='ocr_par' dir='ltr' id='par_1_15' title="bbox 189 1316 1099 1364">
     <span class='ocr_line' id='line_1_16' title="bbox 189 1316 1099 1364; baseline 0.003 -4"><span class='ocrx_word' id='word_1_43' title='bbox 189 1316 239 1360; x_wconf 83' lang='lat' dir='ltr'><strong>C.</strong></span> <span class='ocrx_word' id='word_1_44' title='bbox 270 1317 472 1361; x_wconf 90' lang='lat' dir='ltr'><strong>Valerius</strong></span> <span class='ocrx_word' id='word_1_45' title='bbox 501 1317 684 1361; x_wconf 82' lang='lat' dir='ltr'>Flaccus</span> <span class='ocrx_word' id='word_1_46' title='bbox 715 1318 892 1362; x_wconf 85' lang='lat' dir='ltr'><strong>Setinus</strong></span> <span class='ocrx_word' id='word_1_47' title='bbox 922 1319 1099 1364; x_wconf 80' lang='lat' dir='ltr'><strong>Balbus,</strong></span> 
     </span>
    </p>
   </div>
   <div class='ocr_carea' id='block_1_4' title="bbox 185 1396 1911 1728">
    <p class='ocr_par' dir='ltr' id='par_1_16' title="bbox 185 1396 1911 1728">
     <span class='ocr_line' id='line_1_17' title="bbox 186 1396 1911 1455; baseline 0.001 -17"><span class='ocrx_word' id='word_1_48' title='bbox 186 1396 387 1452; x_wconf 84' lang='lat' dir='ltr'><strong>Ballista,</strong></span> <span class='ocrx_word' id='word_1_49' title='bbox 428 1397 674 1454; x_wconf 82' lang='lat' dir='ltr'><strong>praefectus</strong></span> <span class='ocrx_word' id='word_1_50' title='bbox 713 1397 967 1454; x_wconf 89' lang='lat' dir='ltr'><strong>(praetorio)</strong></span> <span class='ocrx_word' id='word_1_51' title='bbox 1006 1399 1278 1455; x_wconf 89' lang='lat' dir='ltr'><strong>imperatoris</strong></span> <span class='ocrx_word' id='word_1_52' title='bbox 1307 1398 1552 1453; x_wconf 87' lang='lat' dir='ltr'><strong>Valeriani,</strong></span> <span class='ocrx_word' id='word_1_53' title='bbox 1595 1413 1682 1454; x_wconf 92' lang='lat' dir='ltr'><strong>quo</strong></span> <span class='ocrx_word' id='word_1_54' title='bbox 1719 1404 1843 1454; x_wconf 87' lang='lat' dir='ltr'><strong>capto</strong></span> <span class='ocrx_word' id='word_1_55' title='bbox 1884 1413 1911 1439; x_wconf 88' lang='lat' dir='ltr'><strong>a</strong></span> 
     </span>
     <span class='ocr_line' id='line_1_18' title="bbox 187 1466 1906 1523; baseline 0 -15"><span class='ocrx_word' id='word_1_56' title='bbox 187 1466 331 1508; x_wconf 87' lang='lat' dir='ltr'><strong>Persis</strong></span> <span class='ocrx_word' id='word_1_57' title='bbox 371 1480 410 1509; x_wconf 90' lang='lat' dir='ltr'><strong>a.</strong></span> <span class='ocrx_word' id='word_1_58' title='bbox 440 1467 520 1509; x_wconf 88' lang='lat'><strong>261</strong></span> <span class='ocrx_word' id='word_1_59' title='bbox 565 1466 643 1521; x_wconf 88' lang='lat' dir='ltr'><strong>(M.</strong></span> <span class='ocrx_word' id='word_1_60' title='bbox 674 1466 849 1521; x_wconf 84' lang='lat' dir='ltr'><strong>Fulvio)</strong></span> <span class='ocrx_word' id='word_1_61' title='bbox 880 1466 1103 1508; x_wconf 86' lang='lat' dir='ltr'><strong>Macriano</strong></span> <span class='ocrx_word' id='word_1_62' title='bbox 1143 1473 1297 1509; x_wconf 84' lang='lat' dir='ltr'><strong>auctor</strong></span> <span class='ocrx_word' id='word_1_63' title='bbox 1335 1466 1437 1521; x_wconf 90' lang='lat' dir='ltr'><strong>fuit,</strong></span> <span class='ocrx_word' id='word_1_64' title='bbox 1477 1473 1526 1509; x_wconf 90' lang='lat' dir='ltr'><strong>ut</strong></span> <span class='ocrx_word' id='word_1_65' title='bbox 1554 1467 1781 1523; x_wconf 90' lang='lat' dir='ltr'><strong>imperium</strong></span> <span class='ocrx_word' id='word_1_66' title='bbox 1811 1481 1906 1508; x_wconf 92' lang='lat' dir='ltr'><strong>cum</strong></span> 
     </span>
     <span class='ocr_line' id='line_1_19' title="bbox 187 1533 1910 1591; baseline 0.001 -16"><span class='ocrx_word' id='word_1_67' title='bbox 187 1533 287 1575; x_wconf 90' lang='lat' dir='ltr'><strong>filiis</strong></span> <span class='ocrx_word' id='word_1_68' title='bbox 317 1541 508 1576; x_wconf 83' lang='lat' dir='ltr'><strong>sumeret</strong></span> <span class='ocrx_word' id='word_1_69' title='bbox 535 1536 608 1577; x_wconf 89' lang='lat' dir='ltr'><strong>vit.</strong></span> <span class='ocrx_word' id='word_1_70' title='bbox 638 1534 831 1577; x_wconf 79' lang='lat' dir='ltr'><strong>Gallieni</strong></span> <span class='ocrx_word' id='word_1_71' title='bbox 848 1538 888 1585; x_wconf 87' lang='lat'><strong>1,</strong></span> <span class='ocrx_word' id='word_1_72' title='bbox 921 1535 1017 1589; x_wconf 78' lang='lat' dir='ltr'><strong>triq.</strong></span> <span class='ocrx_word' id='word_1_73' title='bbox 1044 1538 1122 1589; x_wconf 75' lang='lat' dir='ltr'><strong>tyr.</strong></span> <span class='ocrx_word' id='word_1_74' title='bbox 1143 1539 1213 1586; x_wconf 98' lang='lat'><strong>12,</strong></span> <span class='ocrx_word' id='word_1_75' title='bbox 1244 1535 1444 1577; x_wconf 81' lang='lat' dir='ltr'><strong>Zonaras</strong></span> <span class='ocrx_word' id='word_1_76' title='bbox 1466 1539 1536 1586; x_wconf 90' lang='lat'><strong>12,</strong></span> <span class='ocrx_word' id='word_1_77' title='bbox 1558 1538 1638 1586; x_wconf 52' lang='lat'><strong>245</strong></span> <span class='ocrx_word' id='word_1_78' title='bbox 1668 1534 1910 1591; x_wconf 86' lang='lat' dir='ltr'><strong>praefectus</strong></span> 
     </span>
     <span class='ocr_line' id='line_1_20' title="bbox 187 1602 1909 1658; baseline 0.001 -15"><span class='ocrx_word' id='word_1_79' title='bbox 187 1602 399 1644; x_wconf 87' lang='lat' dir='ltr'><strong>Macriani</strong></span> <span class='ocrx_word' id='word_1_80' title='bbox 430 1603 526 1657; x_wconf 74' lang='lat' dir='ltr'><strong>triq.</strong></span> <span class='ocrx_word' id='word_1_81' title='bbox 558 1606 638 1658; x_wconf 79' lang='lat' dir='ltr'><strong>tyr.</strong></span> <span class='ocrx_word' id='word_1_82' title='bbox 668 1606 739 1647; x_wconf 84' lang='lat'><strong>12.</strong></span> <span class='ocrx_word' id='word_1_83' title='bbox 798 1603 919 1645; x_wconf 91' lang='lat' dir='ltr'><strong>Dum</strong></span> <span class='ocrx_word' id='word_1_84' title='bbox 948 1603 1200 1645; x_wconf 86' lang='lat' dir='ltr'><strong>Macrianus</strong></span> <span class='ocrx_word' id='word_1_85' title='bbox 1230 1618 1328 1644; x_wconf 90' lang='lat' dir='ltr'><strong>cum</strong></span> <span class='ocrx_word' id='word_1_86' title='bbox 1359 1604 1429 1657; x_wconf 88' lang='lat' dir='ltr'><strong>(T.</strong></span> <span class='ocrx_word' id='word_1_87' title='bbox 1459 1602 1615 1645; x_wconf 86' lang='lat' dir='ltr'><strong>Fulvio</strong></span> <span class='ocrx_word' id='word_1_88' title='bbox 1645 1603 1788 1656; x_wconf 92' lang='lat' dir='ltr'><strong>Iunio)</strong></span> <span class='ocrx_word' id='word_1_89' title='bbox 1820 1603 1909 1644; x_wconf 91' lang='lat' dir='ltr'><strong>Ma-</strong></span> 
     </span>
     <span class='ocr_line' id='line_1_21' title="bbox 185 1668 1908 1728; baseline 0.001 -17"><span class='ocrx_word' id='word_1_90' title='bbox 185 1670 330 1712; x_wconf 87' lang='lat' dir='ltr'><strong>criano</strong></span> <span class='ocrx_word' id='word_1_91' title='bbox 361 1668 448 1713; x_wconf 87' lang='lat' dir='ltr'><strong>filio</strong></span> <span class='ocrx_word' id='word_1_92' title='bbox 478 1672 641 1713; x_wconf 90' lang='lat' dir='ltr'><strong>maiore</strong></span> <span class='ocrx_word' id='word_1_93' title='bbox 670 1673 716 1714; x_wconf 92' lang='lat' dir='ltr'><strong>in</strong></span> <span class='ocrx_word' id='word_1_94' title='bbox 741 1670 966 1728; x_wconf 85' lang='lat' dir='ltr'><strong>Illyricum</strong></span> <span class='ocrx_word' id='word_1_95' title='bbox 996 1671 1214 1727; x_wconf 89' lang='lat' dir='ltr'><strong>profectus</strong></span> <span class='ocrx_word' id='word_1_96' title='bbox 1236 1687 1262 1713; x_wconf 90' lang='lat' dir='ltr'><strong>a</strong></span> <span class='ocrx_word' id='word_1_97' title='bbox 1283 1671 1471 1715; x_wconf 81' lang='lat' dir='ltr'><strong>Gallieni</strong></span> <span class='ocrx_word' id='word_1_98' title='bbox 1497 1670 1680 1713; x_wconf 90' lang='lat' dir='ltr'><strong>ducibus</strong></span> <span class='ocrx_word' id='word_1_99' title='bbox 1708 1672 1908 1726; x_wconf 86' lang='lat' dir='ltr'><strong>vincitur,</strong></span> 
     </span>
    </p>
   </div>
   <div class='ocr_carea' id='block_1_5' title="bbox 139 1738 1911 1795">
    <p class='ocr_par' dir='ltr' id='par_1_17' title="bbox 139 1738 1911 1795">
     <span class='ocr_line' id='line_1_22' title="bbox 139 1738 1911 1795; baseline 0.001 -15"><span class='ocrx_word' id='word_1_100' title='bbox 139 1755 141 1757; x_wconf 93' lang='lat'>·</span> <span class='ocrx_word' id='word_1_101' title='bbox 186 1738 367 1781; x_wconf 83' lang='lat' dir='ltr'><strong>Ballista</strong></span> <span class='ocrx_word' id='word_1_102' title='bbox 396 1754 492 1781; x_wconf 91' lang='lat' dir='ltr'><strong>cum</strong></span> <span class='ocrx_word' id='word_1_103' title='bbox 515 1740 584 1794; x_wconf 90' lang='lat' dir='ltr'><strong>(T.</strong></span> <span class='ocrx_word' id='word_1_104' title='bbox 606 1739 764 1783; x_wconf 86' lang='lat' dir='ltr'><strong>Fulvio</strong></span> <span class='ocrx_word' id='word_1_105' title='bbox 788 1741 934 1795; x_wconf 91' lang='lat' dir='ltr'><strong>Iunio)</strong></span> <span class='ocrx_word' id='word_1_106' title='bbox 959 1739 1116 1793; x_wconf 80' lang='lat' dir='ltr'><strong>Quieto</strong></span> <span class='ocrx_word' id='word_1_107' title='bbox 1147 1740 1234 1782; x_wconf 94' lang='lat' dir='ltr'><strong>filio</strong></span> <span class='ocrx_word' id='word_1_108' title='bbox 1266 1740 1476 1782; x_wconf 86' lang='lat' dir='ltr'><strong>Macriani</strong></span> <span class='ocrx_word' id='word_1_109' title='bbox 1507 1738 1674 1782; x_wconf 83' lang='lat' dir='ltr'><strong>minore</strong></span> <span class='ocrx_word' id='word_1_110' title='bbox 1703 1741 1911 1781; x_wconf 82' lang='lat' dir='ltr'><strong>orientem</strong></span> 
     </span>
    </p>
   </div>
   <div class='ocr_carea' id='block_1_6' title="bbox 186 1807 1911 1935">
    <p class='ocr_par' dir='ltr' id='par_1_18' title="bbox 186 1807 1911 1935">
     <span class='ocr_line' id='line_1_23' title="bbox 186 1807 1911 1864; baseline 0.001 -16"><span class='ocrx_word' id='word_1_111' title='bbox 186 1807 277 1850; x_wconf 90' lang='lat' dir='ltr'><strong>fere</strong></span> <span class='ocrx_word' id='word_1_112' title='bbox 306 1814 443 1851; x_wconf 91' lang='lat' dir='ltr'><strong>totum</strong></span> <span class='ocrx_word' id='word_1_113' title='bbox 472 1810 517 1851; x_wconf 91' lang='lat' dir='ltr'><strong>in</strong></span> <span class='ocrx_word' id='word_1_114' title='bbox 546 1809 759 1852; x_wconf 89' lang='lat' dir='ltr'><strong>dicionem</strong></span> <span class='ocrx_word' id='word_1_115' title='bbox 790 1809 1087 1864; x_wconf 70' lang='lat' dir='ltr'><strong>redegit3&#39;sed</strong></span> <span class='ocrx_word' id='word_1_116' title='bbox 1113 1809 1236 1851; x_wconf 86' lang='lat' dir='ltr'><strong>clade</strong></span> <span class='ocrx_word' id='word_1_117' title='bbox 1257 1809 1575 1851; x_wconf 86' lang='lat' dir='ltr'><strong>Macrianorum</strong></span> <span class='ocrx_word' id='word_1_118' title='bbox 1597 1809 1796 1850; x_wconf 83' lang='lat' dir='ltr'><strong>nuntiata</strong></span> <span class='ocrx_word' id='word_1_119' title='bbox 1815 1822 1911 1849; x_wconf 90' lang='lat' dir='ltr'><strong>cum</strong></span> 
     </span>
     <span class='ocr_line' id='line_1_24' title="bbox 186 1875 1911 1935; baseline 0 -18"><span class='ocrx_word' id='word_1_120' title='bbox 186 1875 362 1932; x_wconf 87' lang='lat' dir='ltr'><strong>plurimi</strong></span> <span class='ocrx_word' id='word_1_121' title='bbox 383 1893 407 1919; x_wconf 86' lang='lat' dir='ltr'><strong>a</strong></span> <span class='ocrx_word' id='word_1_122' title='bbox 430 1877 578 1931; x_wconf 79' lang='lat' dir='ltr'><strong>Quieti</strong></span> <span class='ocrx_word' id='word_1_123' title='bbox 596 1879 793 1935; x_wconf 91' lang='lat' dir='ltr'><strong>partibus</strong></span> <span class='ocrx_word' id='word_1_124' title='bbox 814 1878 1058 1932; x_wconf 90' lang='lat' dir='ltr'><strong>deficerent,</strong></span> <span class='ocrx_word' id='word_1_125' title='bbox 1090 1877 1372 1920; x_wconf 88' lang='lat' dir='ltr'><strong>Odaenathus</strong></span> <span class='ocrx_word' id='word_1_126' title='bbox 1394 1877 1600 1930; x_wconf 76' lang='lat' dir='ltr'><strong>Quietum</strong></span> <span class='ocrx_word' id='word_1_127' title='bbox 1626 1884 1669 1919; x_wconf 89' lang='lat' dir='ltr'><strong>et</strong></span> <span class='ocrx_word' id='word_1_128' title='bbox 1689 1877 1911 1918; x_wconf 89' lang='lat' dir='ltr'><strong>Ballistam</strong></span> 
     </span>
    </p>
   </div>
   <div class='ocr_carea' id='block_1_7' title="bbox 119 1944 1911 2003">
    <p class='ocr_par' dir='ltr' id='par_1_19' title="bbox 119 1944 1911 2003">
     <span class='ocr_line' id='line_1_25' title="bbox 119 1944 1911 2003; baseline 0.002 -18"><span class='ocrx_word' id='word_1_129' title='bbox 119 2001 130 2003; x_wconf 16' lang='lat' dir='ltr'><em>ff</em></span> <span class='ocrx_word' id='word_1_130' title='bbox 186 1944 232 1985; x_wconf 88' lang='lat' dir='ltr'><strong>in</strong></span> <span class='ocrx_word' id='word_1_131' title='bbox 271 1944 382 1988; x_wconf 90' lang='lat' dir='ltr'><strong>urbe</strong></span> <span class='ocrx_word' id='word_1_132' title='bbox 422 1946 611 1989; x_wconf 88' lang='lat' dir='ltr'><strong>Hemesa</strong></span> <span class='ocrx_word' id='word_1_133' title='bbox 649 1946 823 1989; x_wconf 90' lang='lat' dir='ltr'><strong>inclusit</strong></span> <span class='ocrx_word' id='word_1_134' title='bbox 861 1947 1167 2003; x_wconf 87' lang='lat' dir='ltr'><strong>interfecitque</strong></span> <span class='ocrx_word' id='word_1_135' title='bbox 1205 1946 1404 1989; x_wconf 75' lang='lat' dir='ltr'><strong>Zonaras</strong></span> <span class='ocrx_word' id='word_1_136' title='bbox 1433 1946 1463 1988; x_wconf 94' lang='lat' dir='ltr'><strong>l.</strong></span> <span class='ocrx_word' id='word_1_137' title='bbox 1492 1945 1519 1990; x_wconf 88' lang='lat' dir='ltr'><strong>l.</strong></span> <span class='ocrx_word' id='word_1_138' title='bbox 1550 1946 1603 2000; x_wconf 84' lang='lat' dir='ltr'><strong>cf.</strong></span> <span class='ocrx_word' id='word_1_139' title='bbox 1638 1945 1727 1988; x_wconf 83' lang='lat' dir='ltr'><strong>Dio</strong></span> <span class='ocrx_word' id='word_1_140' title='bbox 1757 1946 1911 1989; x_wconf 79' lang='lat' dir='ltr'><strong>contin.</strong></span> 
     </span>
    </p>
   </div>
   <div class='ocr_carea' id='block_1_8' title="bbox 186 2011 1916 2826">
    <p class='ocr_par' dir='ltr' id='par_1_20' title="bbox 191 2011 734 2070">
     <span class='ocr_line' id='line_1_26' title="bbox 191 2011 734 2070; baseline 0.006 -15"><span class='ocrx_word' id='word_1_141' title='bbox 191 2011 234 2055; x_wconf 86' lang='lat' dir='ltr'><strong><em>V</em></strong></span> <span class='ocrx_word' id='word_1_142' title='bbox 244 2027 293 2066; x_wconf 88' lang='grc' dir='ltr'><strong>Ρ.</strong></span> <span class='ocrx_word' id='word_1_143' title='bbox 314 2015 404 2056; x_wconf 85' lang='grc'><strong>225</strong></span> <span class='ocrx_word' id='word_1_144' title='bbox 436 2014 498 2057; x_wconf 80' lang='lat' dir='ltr'><strong>ed.</strong></span> <span class='ocrx_word' id='word_1_145' title='bbox 527 2014 734 2070; x_wconf 82' lang='lat' dir='ltr'><strong>Dindorf.</strong></span> 
     </span>
    </p>

    <p class='ocr_par' dir='ltr' id='par_1_21' title="bbox 186 2079 1916 2685">
     <span class='ocr_line' id='line_1_27' title="bbox 269 2079 1915 2137; baseline 0.001 -14"><span class='ocrx_word' id='word_1_146' title='bbox 269 2079 437 2124; x_wconf 82' lang='lat' dir='ltr'><strong>Eadem</strong></span> <span class='ocrx_word' id='word_1_147' title='bbox 474 2083 564 2137; x_wconf 83' lang='lat' dir='ltr'><strong>fere</strong></span> <span class='ocrx_word' id='word_1_148' title='bbox 600 2087 757 2126; x_wconf 88' lang='lat' dir='ltr'><strong>narrat</strong></span> <span class='ocrx_word' id='word_1_149' title='bbox 800 2083 1031 2126; x_wconf 75' lang='lat' dir='ltr'><strong>Trebellius</strong></span> <span class='ocrx_word' id='word_1_150' title='bbox 1070 2082 1212 2125; x_wconf 90' lang='lat' dir='ltr'><strong>Pollio</strong></span> <span class='ocrx_word' id='word_1_151' title='bbox 1243 2083 1316 2127; x_wconf 83' lang='lat' dir='ltr'><strong>vit.</strong></span> <span class='ocrx_word' id='word_1_152' title='bbox 1359 2082 1552 2124; x_wconf 78' lang='lat' dir='ltr'><strong>Gallieni</strong></span> <span class='ocrx_word' id='word_1_153' title='bbox 1583 2084 1628 2132; x_wconf 84' lang='lat'><strong>3,</strong></span> <span class='ocrx_word' id='word_1_154' title='bbox 1677 2083 1765 2124; x_wconf 87' lang='lat' dir='ltr'><strong>nisi</strong></span> <span class='ocrx_word' id='word_1_155' title='bbox 1804 2081 1915 2136; x_wconf 79' lang='lat' dir='ltr'><strong>quod</strong></span> 
     </span>
     <span class='ocr_line' id='line_1_28' title="bbox 186 2148 1913 2204; baseline 0.002 -15"><span class='ocrx_word' id='word_1_156' title='bbox 186 2148 411 2192; x_wconf 86' lang='lat' dir='ltr'><strong>Ballistam</strong></span> <span class='ocrx_word' id='word_1_157' title='bbox 430 2151 587 2194; x_wconf 92' lang='lat' dir='ltr'><strong>multos</strong></span> <span class='ocrx_word' id='word_1_158' title='bbox 607 2152 872 2194; x_wconf 87' lang='lat' dir='ltr'><strong>Hemesenos</strong></span> <span class='ocrx_word' id='word_1_159' title='bbox 894 2166 991 2193; x_wconf 92' lang='lat' dir='ltr'><strong>cum</strong></span> <span class='ocrx_word' id='word_1_160' title='bbox 1014 2151 1171 2204; x_wconf 82' lang='lat' dir='ltr'><strong>Quieto</strong></span> <span class='ocrx_word' id='word_1_161' title='bbox 1193 2150 1458 2193; x_wconf 87' lang='lat' dir='ltr'><strong>interfecisse</strong></span> <span class='ocrx_word' id='word_1_162' title='bbox 1485 2151 1646 2192; x_wconf 79' lang='lat' dir='ltr'><strong>scribit.</strong></span> <span class='ocrx_word' id='word_1_163' title='bbox 1702 2150 1792 2203; x_wconf 69' lang='lat' dir='ltr'><strong>Quo</strong></span> <span class='ocrx_word' id='word_1_164' title='bbox 1825 2150 1913 2192; x_wconf 84' lang='lat' dir='ltr'><strong>loeo</strong></span> 
     </span>
     <span class='ocr_line' id='line_1_29' title="bbox 187 2217 1911 2274; baseline 0 -15"><span class='ocrx_word' id='word_1_165' title='bbox 187 2231 281 2260; x_wconf 83' lang='lat' dir='ltr'><strong>eum</strong></span> <span class='ocrx_word' id='word_1_166' title='bbox 311 2217 360 2260; x_wconf 84' lang='lat' dir='ltr'><strong>de</strong></span> <span class='ocrx_word' id='word_1_167' title='bbox 390 2218 604 2262; x_wconf 75' lang='lat' dir='ltr'><strong>Ballistae</strong></span> <span class='ocrx_word' id='word_1_168' title='bbox 634 2218 749 2262; x_wconf 69' lang='lat' dir='ltr'><strong>eoeitu</strong></span> <span class='ocrx_word' id='word_1_169' title='bbox 779 2222 930 2270; x_wconf 79' lang='lat' dir='ltr'><strong>taceat,</strong></span> <span class='ocrx_word' id='word_1_170' title='bbox 953 2223 1107 2274; x_wconf 78' lang='lat' dir='ltr'><strong>postea</strong></span> <span class='ocrx_word' id='word_1_171' title='bbox 1136 2219 1231 2273; x_wconf 76' lang='lat' dir='ltr'><strong>triy.</strong></span> <span class='ocrx_word' id='word_1_172' title='bbox 1264 2222 1343 2273; x_wconf 78' lang='lat' dir='ltr'><strong>tyr.</strong></span> <span class='ocrx_word' id='word_1_173' title='bbox 1370 2222 1433 2269; x_wconf 77' lang='lat'><strong>14,</strong></span> <span class='ocrx_word' id='word_1_174' title='bbox 1463 2222 1489 2260; x_wconf 98' lang='lat'><strong><em>1</em></strong></span> <span class='ocrx_word' id='word_1_175' title='bbox 1519 2221 1559 2260; x_wconf 89' lang='lat' dir='ltr'><strong>et</strong></span> <span class='ocrx_word' id='word_1_176' title='bbox 1586 2219 1682 2272; x_wconf 75' lang='lat' dir='ltr'><strong>ipse</strong></span> <span class='ocrx_word' id='word_1_177' title='bbox 1705 2218 1911 2271; x_wconf 77' lang='lat' dir='ltr'><strong>Quietum</strong></span> 
     </span>
     <span class='ocr_line' id='line_1_30' title="bbox 188 2286 1914 2341; baseline 0 -13"><span class='ocrx_word' id='word_1_178' title='bbox 188 2300 287 2328; x_wconf 89' lang='lat' dir='ltr'><strong>cum</strong></span> <span class='ocrx_word' id='word_1_179' title='bbox 317 2286 499 2330; x_wconf 86' lang='lat' dir='ltr'><strong>Ballista</strong></span> <span class='ocrx_word' id='word_1_180' title='bbox 525 2287 582 2330; x_wconf 90' lang='lat' dir='ltr'><strong>ab</strong></span> <span class='ocrx_word' id='word_1_181' title='bbox 612 2287 867 2331; x_wconf 89' lang='lat' dir='ltr'><strong>Odaenatho</strong></span> <span class='ocrx_word' id='word_1_182' title='bbox 898 2288 1148 2330; x_wconf 87' lang='lat' dir='ltr'><strong>interfectos</strong></span> <span class='ocrx_word' id='word_1_183' title='bbox 1180 2302 1272 2330; x_wconf 88' lang='lat' dir='ltr'><strong>esse</strong></span> <span class='ocrx_word' id='word_1_184' title='bbox 1302 2287 1482 2341; x_wconf 63' lang='lat' dir='ltr'><strong>exponit.</strong></span> <span class='ocrx_word' id='word_1_185' title='bbox 1544 2286 1631 2329; x_wconf 77' lang='lat' dir='ltr'><strong>Sed</strong></span> <span class='ocrx_word' id='word_1_186' title='bbox 1654 2286 1793 2340; x_wconf 75' lang='lat' dir='ltr'><strong>paulo</strong></span> <span class='ocrx_word' id='word_1_187' title='bbox 1812 2289 1914 2341; x_wconf 77' lang='lat' dir='ltr'><strong>post</strong></span> 
     </span>
     <span class='ocr_line' id='line_1_31' title="bbox 187 2354 1911 2413; baseline 0.001 -18"><span class='ocrx_word' id='word_1_188' title='bbox 187 2355 284 2408; x_wconf 75' lang='lat' dir='ltr'><strong>triy.</strong></span> <span class='ocrx_word' id='word_1_189' title='bbox 306 2357 384 2409; x_wconf 75' lang='lat' dir='ltr'><strong>tyr.</strong></span> <span class='ocrx_word' id='word_1_190' title='bbox 406 2359 471 2407; x_wconf 91' lang='lat'><strong>15,</strong></span> <span class='ocrx_word' id='word_1_191' title='bbox 492 2360 520 2399; x_wconf 78' lang='lat'><strong><em>4</em></strong></span> <span class='ocrx_word' id='word_1_192' title='bbox 539 2359 580 2399; x_wconf 85' lang='lat' dir='ltr'><strong>et</strong></span> <span class='ocrx_word' id='word_1_193' title='bbox 597 2359 664 2408; x_wconf 88' lang='grc'><strong>18,</strong></span> <span class='ocrx_word' id='word_1_194' title='bbox 684 2360 713 2399; x_wconf 83' lang='grc'><em>3</em></span> <span class='ocrx_word' id='word_1_195' title='bbox 740 2356 948 2413; x_wconf 85' lang='lat' dir='ltr'><strong>plurimos</strong></span> <span class='ocrx_word' id='word_1_196' title='bbox 977 2357 1063 2399; x_wconf 83' lang='lat' dir='ltr'><strong>sive</strong></span> <span class='ocrx_word' id='word_1_197' title='bbox 1091 2355 1249 2398; x_wconf 83' lang='lat' dir='ltr'><strong>multos</strong></span> <span class='ocrx_word' id='word_1_198' title='bbox 1279 2355 1481 2398; x_wconf 87' lang='lat' dir='ltr'><strong>adserere</strong></span> <span class='ocrx_word' id='word_1_199' title='bbox 1509 2354 1732 2397; x_wconf 88' lang='lat' dir='ltr'><strong>Ballistam</strong></span> <span class='ocrx_word' id='word_1_200' title='bbox 1753 2354 1911 2407; x_wconf 81' lang='lat' dir='ltr'><strong>Quieto</strong></span> 
     </span>
     <span class='ocr_line' id='line_1_32' title="bbox 188 2421 1913 2481; baseline 0 -17"><span class='ocrx_word' id='word_1_201' title='bbox 188 2421 420 2465; x_wconf 84' lang='lat' dir='ltr'><strong>interfecto</strong></span> <span class='ocrx_word' id='word_1_202' title='bbox 453 2424 595 2479; x_wconf 89' lang='lat' dir='ltr'><strong>ipsum</strong></span> <span class='ocrx_word' id='word_1_203' title='bbox 630 2422 868 2481; x_wconf 77' lang='lat' dir='ltr'><strong>purpuram</strong></span> <span class='ocrx_word' id='word_1_204' title='bbox 907 2423 1141 2480; x_wconf 75' lang='lat' dir='ltr'><strong>sumpsisse</strong></span> <span class='ocrx_word' id='word_1_205' title='bbox 1174 2424 1357 2478; x_wconf 82' lang='lat' dir='ltr'><strong>feliciter</strong></span> <span class='ocrx_word' id='word_1_206' title='bbox 1384 2423 1553 2465; x_wconf 81' lang='lat' dir='ltr'><strong>invenit.</strong></span> <span class='ocrx_word' id='word_1_207' title='bbox 1618 2421 1736 2475; x_wconf 71' lang='lat' dir='ltr'><strong>Quae</strong></span> <span class='ocrx_word' id='word_1_208' title='bbox 1772 2425 1913 2464; x_wconf 84' lang='lat' dir='ltr'><strong>merae</strong></span> 
     </span>
     <span class='ocr_line' id='line_1_33' title="bbox 186 2489 1915 2545; baseline -0.002 -11"><span class='ocrx_word' id='word_1_209' title='bbox 186 2505 325 2545; x_wconf 75' lang='lat' dir='ltr'><strong>nuyae</strong></span> <span class='ocrx_word' id='word_1_210' title='bbox 365 2496 465 2535; x_wconf 87' lang='lat' dir='ltr'><strong>sunt</strong></span> <span class='ocrx_word' id='word_1_211' title='bbox 509 2495 695 2537; x_wconf 79' lang='lat' dir='ltr'><strong>auctoris</strong></span> <span class='ocrx_word' id='word_1_212' title='bbox 737 2491 854 2536; x_wconf 83' lang='lat' dir='ltr'><strong>nullo</strong></span> <span class='ocrx_word' id='word_1_213' title='bbox 891 2508 977 2536; x_wconf 87' lang='lat' dir='ltr'><strong>non</strong></span> <span class='ocrx_word' id='word_1_214' title='bbox 1015 2494 1086 2536; x_wconf 89' lang='lat' dir='ltr'><strong>usi</strong></span> <span class='ocrx_word' id='word_1_215' title='bbox 1125 2490 1344 2538; x_wconf 74' lang='lat' dir='ltr'><strong>mendacio,</strong></span> <span class='ocrx_word' id='word_1_216' title='bbox 1384 2491 1443 2534; x_wconf 82' lang='lat' dir='ltr'><strong>ad</strong></span> <span class='ocrx_word' id='word_1_217' title='bbox 1477 2489 1696 2533; x_wconf 79' lang='lat' dir='ltr'><strong>numerum</strong></span> <span class='ocrx_word' id='word_1_218' title='bbox 1735 2489 1915 2544; x_wconf 63' lang='lat' dir='ltr'><strong>triginta</strong></span> 
     </span>
     <span class='ocr_line' id='line_1_34' title="bbox 189 2557 1916 2617; baseline -0.001 -15"><span class='ocrx_word' id='word_1_219' title='bbox 189 2573 308 2614; x_wconf 80' lang='lat' dir='ltr'><strong>quem</strong></span> <span class='ocrx_word' id='word_1_220' title='bbox 335 2562 421 2603; x_wconf 83' lang='lat' dir='ltr'><strong>sibi</strong></span> <span class='ocrx_word' id='word_1_221' title='bbox 437 2566 725 2617; x_wconf 77' lang='lat' dir='ltr'><strong>proposuerat</strong></span> <span class='ocrx_word' id='word_1_222' title='bbox 749 2566 1025 2617; x_wconf 73' lang='lat' dir='ltr'><strong>tyrannorum</strong></span> <span class='ocrx_word' id='word_1_223' title='bbox 1049 2561 1308 2616; x_wconf 77' lang='lat' dir='ltr'><strong>explendum.</strong></span> <span class='ocrx_word' id='word_1_224' title='bbox 1355 2560 1561 2603; x_wconf 87' lang='lat' dir='ltr'><strong>Nummos</strong></span> <span class='ocrx_word' id='word_1_225' title='bbox 1577 2557 1653 2613; x_wconf 79' lang='lat' dir='ltr'><strong>qui</strong></span> <span class='ocrx_word' id='word_1_226' title='bbox 1668 2559 1916 2612; x_wconf 80' lang='lat' dir='ltr'><strong>ferebantur</strong></span> 
     </span>
     <span class='ocr_line' id='line_1_35' title="bbox 188 2624 1766 2685; baseline 0.001 -16"><span class='ocrx_word' id='word_1_227' title='bbox 188 2628 388 2683; x_wconf 77' lang='lat' dir='ltr'><strong>inseripti</strong></span> <span class='ocrx_word' id='word_1_228' title='bbox 417 2630 540 2674; x_wconf 82' lang='lat' dir='ltr'><strong>Serv,</strong></span> <span class='ocrx_word' id='word_1_229' title='bbox 566 2631 746 2674; x_wconf 89' lang='lat' dir='ltr'><strong>Anicius</strong></span> <span class='ocrx_word' id='word_1_230' title='bbox 777 2630 970 2685; x_wconf 86' lang='lat' dir='ltr'><strong>Ballista,</strong></span> <span class='ocrx_word' id='word_1_231' title='bbox 1002 2631 1094 2673; x_wconf 89' lang='lat' dir='ltr'><strong>iure</strong></span> <span class='ocrx_word' id='word_1_232' title='bbox 1124 2630 1278 2672; x_wconf 80' lang='lat' dir='ltr'><strong>abiecit</strong></span> <span class='ocrx_word' id='word_1_233' title='bbox 1305 2628 1467 2672; x_wconf 80' lang='lat' dir='ltr'><strong>Eckhel</strong></span> <span class='ocrx_word' id='word_1_234' title='bbox 1496 2627 1592 2671; x_wconf 86' lang='lat' dir='ltr'><strong>VII</strong></span> <span class='ocrx_word' id='word_1_235' title='bbox 1604 2642 1652 2682; x_wconf 89' lang='grc' dir='ltr'><strong>Ρ.</strong></span> <span class='ocrx_word' id='word_1_236' title='bbox 1674 2624 1766 2671; x_wconf 72' lang='grc'><strong>461.</strong></span> 
     </span>
    </p>

    <p class='ocr_par' dir='ltr' id='par_1_22' title="bbox 190 2695 1914 2826">
     <span class='ocr_line' id='line_1_36' title="bbox 276 2695 1914 2754; baseline -0.002 -14"><span class='ocrx_word' id='word_1_237' title='bbox 276 2696 398 2740; x_wconf 83' lang='lat' dir='ltr'><strong>Idem</strong></span> <span class='ocrx_word' id='word_1_238' title='bbox 432 2695 599 2742; x_wconf 80' lang='lat' dir='ltr'><strong>videtur</strong></span> <span class='ocrx_word' id='word_1_239' title='bbox 631 2695 860 2754; x_wconf 84' lang='lat' dir='ltr'><strong>Callistus,</strong></span> <span class='ocrx_word' id='word_1_240' title='bbox 905 2699 997 2742; x_wconf 84' lang='lat' dir='ltr'><strong>dux</strong></span> <span class='ocrx_word' id='word_1_241' title='bbox 1040 2700 1355 2751; x_wconf 86' lang='lat' dir='ltr'><strong>Romanorum,</strong></span> <span class='ocrx_word' id='word_1_242' title='bbox 1401 2697 1476 2753; x_wconf 91' lang='lat' dir='ltr'><strong>qui</strong></span> <span class='ocrx_word' id='word_1_243' title='bbox 1516 2695 1749 2738; x_wconf 86' lang='lat' dir='ltr'><strong>Valeriano</strong></span> <span class='ocrx_word' id='word_1_244' title='bbox 1789 2702 1914 2751; x_wconf 86' lang='lat' dir='ltr'><strong>capto</strong></span> 
     </span>
     <span class='ocr_line' id='line_1_37' title="bbox 190 2763 1914 2826; baseline -0.004 -13"><span class='ocrx_word' id='word_1_245' title='bbox 190 2766 346 2807; x_wconf 78' lang='lat' dir='ltr'><strong>Persas</strong></span> <span class='ocrx_word' id='word_1_246' title='bbox 375 2771 481 2812; x_wconf 82' lang='lat' dir='ltr'><strong>vicit</strong></span> <span class='ocrx_word' id='word_1_247' title='bbox 512 2777 556 2812; x_wconf 90' lang='lat' dir='ltr'><strong>et</strong></span> <span class='ocrx_word' id='word_1_248' title='bbox 583 2768 774 2826; x_wconf 88' lang='lat' dir='ltr'><strong>reppulit</strong></span> <span class='ocrx_word' id='word_1_249' title='bbox 793 2769 992 2812; x_wconf 84' lang='lat' dir='ltr'><strong>Zonaras</strong></span> <span class='ocrx_word' id='word_1_250' title='bbox 1011 2771 1082 2819; x_wconf 88' lang='lat'><strong>12,</strong></span> <span class='ocrx_word' id='word_1_251' title='bbox 1105 2771 1166 2812; x_wconf 84' lang='lat'><strong>23</strong></span> <span class='ocrx_word' id='word_1_252' title='bbox 1185 2782 1233 2822; x_wconf 91' lang='grc' dir='ltr'><strong>Ρ.</strong></span> <span class='ocrx_word' id='word_1_253' title='bbox 1252 2769 1345 2810; x_wconf 78' lang='grc'><strong>141.</strong></span> <span class='ocrx_word' id='word_1_254' title='bbox 1372 2769 1457 2809; x_wconf 76' lang='lat'><strong>142</strong></span> <span class='ocrx_word' id='word_1_255' title='bbox 1486 2764 1548 2807; x_wconf 81' lang='lat' dir='ltr'><strong>ed.</strong></span> <span class='ocrx_word' id='word_1_256' title='bbox 1568 2763 1773 2818; x_wconf 79' lang='lat' dir='ltr'><strong>Dindorf,</strong></span> <span class='ocrx_word' id='word_1_257' title='bbox 1806 2764 1914 2819; x_wconf 72' lang='lat' dir='ltr'><strong>Syn-</strong></span> 
     </span>
    </p>
   </div>
   <div class='ocr_carea' id='block_1_9' title="bbox 112 2837 950 2894">
    <p class='ocr_par' dir='ltr' id='par_1_23' title="bbox 112 2837 950 2894">
     <span class='ocr_line' id='line_1_38' title="bbox 112 2837 950 2894; baseline -0.004 -12"><span class='ocrx_word' id='word_1_258' title='bbox 112 2852 115 2855; x_wconf 72' lang='grc'><em>’</em></span> <span class='ocrx_word' id='word_1_259' title='bbox 191 2839 319 2882; x_wconf 84' lang='lat' dir='ltr'><strong>cellus</strong></span> <span class='ocrx_word' id='word_1_260' title='bbox 338 2854 387 2894; x_wconf 90' lang='grc' dir='ltr'><strong>Ρ.</strong></span> <span class='ocrx_word' id='word_1_261' title='bbox 411 2841 491 2881; x_wconf 86' lang='grc'><strong>716</strong></span> <span class='ocrx_word' id='word_1_262' title='bbox 520 2852 572 2881; x_wconf 77' lang='lat' dir='ltr'><strong>ex</strong></span> <span class='ocrx_word' id='word_1_263' title='bbox 601 2837 740 2880; x_wconf 83' lang='lat' dir='ltr'><strong>eodem</strong></span> <span class='ocrx_word' id='word_1_264' title='bbox 767 2840 950 2880; x_wconf 74' lang='lat' dir='ltr'><strong>auctore.</strong></span> 
     </span>
    </p>
   </div>
   <div class='ocr_carea' id='block_1_10' title="bbox 105 2918 160 2961">
    <p class='ocr_par' dir='ltr' id='par_1_24' title="bbox 105 2918 160 2961">
     <span class='ocr_line' id='line_1_39' title="bbox 105 2918 160 2961; baseline 0.036 -2"><span class='ocrx_word' id='word_1_265' title='bbox 105 2918 160 2961; x_wconf 84' lang='lat'><strong>37</strong></span> 
     </span>
    </p>
   </div>
   <div class='ocr_carea' id='block_1_11' title="bbox 107 3066 161 3108">
    <p class='ocr_par' dir='ltr' id='par_1_25' title="bbox 107 3066 161 3108">
     <span class='ocr_line' id='line_1_40' title="bbox 107 3066 161 3108; baseline 0 0"><span class='ocrx_word' id='word_1_266' title='bbox 107 3066 161 3108; x_wconf 83' lang='lat'><strong>38</strong></span> 
     </span>
    </p>
   </div>
   <div class='ocr_carea' id='block_1_12' title="bbox 191 2912 1917 3043">
    <p class='ocr_par' dir='ltr' id='par_1_26' title="bbox 191 2912 1917 3043">
     <span class='ocr_line' id='line_1_41' title="bbox 191 2912 1917 2973; baseline -0.005 -13"><span class='ocrx_word' id='word_1_267' title='bbox 191 2918 491 2973; x_wconf 82' lang='lat' dir='ltr'><strong>Ballomarius,</strong></span> <span class='ocrx_word' id='word_1_268' title='bbox 523 2918 902 2960; x_wconf 88' lang='lat' dir='ltr'><strong>Marcomanorum</strong></span> <span class='ocrx_word' id='word_1_269' title='bbox 927 2931 1007 2959; x_wconf 85' lang='lat' dir='ltr'><strong>rex</strong></span> <span class='ocrx_word' id='word_1_270' title='bbox 1028 2916 1110 2958; x_wconf 93' lang='lat' dir='ltr'><strong>sub</strong></span> <span class='ocrx_word' id='word_1_271' title='bbox 1136 2931 1175 2959; x_wconf 91' lang='lat' dir='ltr'><strong>a.</strong></span> <span class='ocrx_word' id='word_1_272' title='bbox 1198 2917 1276 2958; x_wconf 84' lang='lat'><strong>161</strong></span> <span class='ocrx_word' id='word_1_273' title='bbox 1302 2914 1457 2957; x_wconf 87' lang='lat' dir='ltr'><strong>Petrus</strong></span> <span class='ocrx_word' id='word_1_274' title='bbox 1476 2912 1696 2955; x_wconf 78' lang='lat' dir='ltr'><strong>Patricius</strong></span> <span class='ocrx_word' id='word_1_275' title='bbox 1714 2912 1869 2970; x_wconf 71' lang='lat' dir='ltr'><strong>fraym.</strong></span> <span class='ocrx_word' id='word_1_276' title='bbox 1891 2914 1917 2953; x_wconf 90' lang='lat'><em>6</em></span> 
     </span>
     <span class='ocr_line' id='line_1_42' title="bbox 193 2985 1050 3043; baseline -0.002 -14"><span class='ocrx_word' id='word_1_277' title='bbox 193 2987 231 3042; x_wconf 91' lang='lat' dir='ltr'><strong>(e</strong></span> <span class='ocrx_word' id='word_1_278' title='bbox 257 2986 407 3031; x_wconf 82' lang='lat' dir='ltr'><strong>Cassio</strong></span> <span class='ocrx_word' id='word_1_279' title='bbox 434 2986 592 3043; x_wconf 86' lang='lat' dir='ltr'><strong>Dione)</strong></span> <span class='ocrx_word' id='word_1_280' title='bbox 622 2985 772 3029; x_wconf 78' lang='lat' dir='ltr'><strong>FHG.</strong></span> <span class='ocrx_word' id='word_1_281' title='bbox 793 2985 874 3028; x_wconf 86' lang='lat' dir='ltr'><strong>IV</strong></span> <span class='ocrx_word' id='word_1_282' title='bbox 886 3000 935 3040; x_wconf 91' lang='grc' dir='ltr'><strong>Ρ.</strong></span> <span class='ocrx_word' id='word_1_283' title='bbox 955 2987 1050 3027; x_wconf 91' lang='grc'><strong>186.</strong></span> 
     </span>
    </p>
   </div>
   <div class='ocr_carea' id='block_1_13' title="bbox 192 3058 1916 3191">
    <p class='ocr_par' dir='ltr' id='par_1_27' title="bbox 192 3058 1916 3191">
     <span class='ocr_line' id='line_1_43' title="bbox 192 3058 1915 3119; baseline -0.006 -10"><span class='ocrx_word' id='word_1_284' title='bbox 192 3073 233 3108; x_wconf 91' lang='grc' dir='ltr'><strong>Ρ.</strong></span> <span class='ocrx_word' id='word_1_285' title='bbox 274 3072 559 3109; x_wconf 88' lang='lat' dir='ltr'><strong>BALSAMIVS</strong></span> <span class='ocrx_word' id='word_1_286' title='bbox 605 3071 926 3119; x_wconf 84' lang='lat' dir='ltr'><strong>SABINIANVS,</strong></span> <span class='ocrx_word' id='word_1_287' title='bbox 972 3063 1234 3106; x_wconf 87' lang='lat' dir='ltr'><strong>clarissimus</strong></span> <span class='ocrx_word' id='word_1_288' title='bbox 1280 3063 1449 3105; x_wconf 84' lang='lat' dir='ltr'><strong>iuvenis</strong></span> <span class='ocrx_word' id='word_1_289' title='bbox 1461 3061 1533 3116; x_wconf 69' lang='lat' dir='ltr'><strong>(P),</strong></span> <span class='ocrx_word' id='word_1_290' title='bbox 1581 3060 1786 3109; x_wconf 55' lang='lat' dir='ltr'><strong>tribunus,</strong></span> <span class='ocrx_word' id='word_1_291' title='bbox 1823 3058 1915 3100; x_wconf 90' lang='lat' dir='ltr'><strong>lati-</strong></span> 
     </span>
     <span class='ocr_line' id='line_1_44' title="bbox 193 3127 1916 3191; baseline -0.006 -14"><span class='ocrx_word' id='word_1_292' title='bbox 193 3135 370 3191; x_wconf 85' lang='lat' dir='ltr'><strong>clavius,</strong></span> <span class='ocrx_word' id='word_1_293' title='bbox 401 3134 515 3177; x_wconf 92' lang='lat' dir='ltr'><strong>filius</strong></span> <span class='ocrx_word' id='word_1_294' title='bbox 545 3127 714 3177; x_wconf 88' lang='lat' dir='ltr'><strong>Aurelii</strong></span> <span class='ocrx_word' id='word_1_295' title='bbox 741 3133 969 3176; x_wconf 87' lang='lat' dir='ltr'><strong>Sabiniani</strong></span> <span class='ocrx_word' id='word_1_296' title='bbox 994 3132 1083 3175; x_wconf 89' lang='lat' dir='ltr'><strong>IH</strong></span> <span class='ocrx_word' id='word_1_297' title='bbox 1103 3134 1214 3174; x_wconf 87' lang='grc'><em>1985</em></span> <span class='ocrx_word' id='word_1_298' title='bbox 1243 3145 1351 3173; x_wconf 84' lang='lat' dir='ltr'><strong>corr.</strong></span> <span class='ocrx_word' id='word_1_299' title='bbox 1371 3130 1460 3173; x_wconf 93' lang='lat' dir='ltr'><strong>III</strong></span> <span class='ocrx_word' id='word_1_300' title='bbox 1480 3129 1526 3177; x_wconf 72' lang='lat' dir='ltr'><strong>S.</strong></span> <span class='ocrx_word' id='word_1_301' title='bbox 1557 3131 1663 3172; x_wconf 86' lang='grc'><em>8571</em></span> <span class='ocrx_word' id='word_1_302' title='bbox 1693 3130 1722 3170; x_wconf 92' lang='lat' dir='ltr'><strong>t.</strong></span> <span class='ocrx_word' id='word_1_303' title='bbox 1745 3127 1916 3171; x_wconf 81' lang='lat' dir='ltr'><strong>Saloni-</strong></span> 
     </span>
    </p>
   </div>
   <div class='ocr_carea' id='block_1_14' title="bbox 111 3195 1916 3327">
    <p class='ocr_par' dir='ltr' id='par_1_28' title="bbox 111 3195 1916 3327">
     <span class='ocr_line' id='line_1_45' title="bbox 131 3195 1914 3255; baseline -0.006 -9"><span class='ocrx_word' id='word_1_304' title='bbox 131 3241 135 3246; x_wconf 81' lang='lat'><strong>.</strong></span> <span class='ocrx_word' id='word_1_305' title='bbox 192 3207 330 3246; x_wconf 85' lang='lat' dir='ltr'><strong>tanus.</strong></span> <span class='ocrx_word' id='word_1_306' title='bbox 385 3203 597 3246; x_wconf 80' lang='lat' dir='ltr'><strong>Traditur</strong></span> <span class='ocrx_word' id='word_1_307' title='bbox 627 3208 669 3244; x_wconf 86' lang='lat' dir='ltr'><strong>G.</strong></span> <span class='ocrx_word' id='word_1_308' title='bbox 700 3209 742 3245; x_wconf 85' lang='lat' dir='ltr'><strong>P.</strong></span> <span class='ocrx_word' id='word_1_309' title='bbox 772 3202 837 3244; x_wconf 86' lang='lat' dir='ltr'><strong>vel</strong></span> <span class='ocrx_word' id='word_1_310' title='bbox 863 3207 928 3244; x_wconf 86' lang='lat' dir='ltr'><strong>VC</strong></span> <span class='ocrx_word' id='word_1_311' title='bbox 958 3200 1022 3243; x_wconf 82' lang='lat' dir='ltr'><strong>vel</strong></span> <span class='ocrx_word' id='word_1_312' title='bbox 1052 3206 1104 3255; x_wconf 71' lang='grc' dir='ltr'><strong>ῦς</strong></span> <span class='ocrx_word' id='word_1_313' title='bbox 1134 3206 1176 3243; x_wconf 80' lang='grc' dir='ltr'><strong>Ο.</strong></span> <span class='ocrx_word' id='word_1_314' title='bbox 1207 3206 1249 3244; x_wconf 89' lang='lat' dir='ltr'><strong>P.</strong></span> <span class='ocrx_word' id='word_1_315' title='bbox 1278 3199 1454 3242; x_wconf 85' lang='lat' dir='ltr'><strong>retinuit</strong></span> <span class='ocrx_word' id='word_1_316' title='bbox 1483 3197 1720 3239; x_wconf 83' lang='lat' dir='ltr'><strong>Mommsen</strong></span> <span class='ocrx_word' id='word_1_317' title='bbox 1738 3195 1914 3249; x_wconf 75' lang='lat' dir='ltr'><strong>Ephem.</strong></span> 
     </span>
     <span class='ocr_line' id='line_1_46' title="bbox 111 3263 1916 3327; baseline -0.007 -11"><span class='ocrx_word' id='word_1_318' title='bbox 111 3323 114 3325; x_wconf 13' lang='grc' dir='ltr'><strong>Α</strong></span> <span class='ocrx_word' id='word_1_319' title='bbox 193 3286 255 3327; x_wconf 76' lang='lat' dir='ltr'><strong>ep.</strong></span> <span class='ocrx_word' id='word_1_320' title='bbox 276 3275 315 3323; x_wconf 76' lang='lat'><strong>4,</strong></span> <span class='ocrx_word' id='word_1_321' title='bbox 336 3274 433 3327; x_wconf 83' lang='lat'><strong><em>255,</em></strong></span> <span class='ocrx_word' id='word_1_322' title='bbox 469 3271 518 3313; x_wconf 74' lang='lat' dir='ltr'><strong>id</strong></span> <span class='ocrx_word' id='word_1_323' title='bbox 545 3270 656 3325; x_wconf 76' lang='lat' dir='ltr'><strong>quod</strong></span> <span class='ocrx_word' id='word_1_324' title='bbox 684 3271 732 3312; x_wconf 87' lang='lat' dir='ltr'><strong>in</strong></span> <span class='ocrx_word' id='word_1_325' title='bbox 762 3271 931 3312; x_wconf 82' lang='lat' dir='ltr'><strong>tribuno</strong></span> <span class='ocrx_word' id='word_1_326' title='bbox 962 3268 1178 3311; x_wconf 82' lang='lat' dir='ltr'><strong>laticlavio</strong></span> <span class='ocrx_word' id='word_1_327' title='bbox 1207 3268 1317 3321; x_wconf 83' lang='lat' dir='ltr'><strong>ferri</strong></span> <span class='ocrx_word' id='word_1_328' title='bbox 1343 3281 1428 3309; x_wconf 91' lang='lat' dir='ltr'><strong>non</strong></span> <span class='ocrx_word' id='word_1_329' title='bbox 1449 3268 1612 3321; x_wconf 75' lang='lat' dir='ltr'><strong>potest;</strong></span> <span class='ocrx_word' id='word_1_330' title='bbox 1633 3263 1916 3319; x_wconf 75' lang='lat' dir='ltr'><strong>praetulerim</strong></span> 
     </span>
    </p>
   </div>
   <div class='ocr_carea' id='block_1_15' title="bbox 194 3346 1644 3435">
    <p class='ocr_par' dir='ltr' id='par_1_29' title="bbox 194 3346 1644 3435">
     <span class='ocr_line' id='line_1_47' title="bbox 194 3346 426 3394; baseline -0.004 -12"><span class='ocrx_word' id='word_1_331' title='bbox 194 3354 291 3394; x_wconf 73' lang='lat' dir='ltr'><strong>erqo</strong></span> <span class='ocrx_word' id='word_1_332' title='bbox 322 3346 363 3384; x_wconf 86' lang='lat' dir='ltr'><strong>C.</strong></span> <span class='ocrx_word' id='word_1_333' title='bbox 394 3347 426 3382; x_wconf 91' lang='grc' dir='ltr'><strong>Ι.</strong></span> 
     </span>
     <span class='ocr_line' id='line_1_48' title="bbox 1572 3400 1644 3435; baseline -0.014 0"><span class='ocrx_word' id='word_1_334' title='bbox 1572 3400 1614 3435; x_wconf 89' lang='lat'><strong>15</strong></span> <span class='ocrx_word' id='word_1_335' title='bbox 1625 3400 1644 3419; x_wconf 70' lang='lat'><strong>¹⁸</strong></span> 
     </span>
    </p>
   </div>
  </div>
 </body>
</html>
