2202 3730
297 299 541 336 CLAVDIVS
1151 288 1234 332 378
1845 296 2092 335 CLAVDIVS

381 431 452 473 θον
483 431 553 485 μὲν
586 428 652 470 οὖν
684 428 729 469 ἐκ
757 426 906 483 Ρώμης
936 427 989 472 εἰς
1018 428 1086 481 τὴν
1118 427 1286 482 πατρίδα
1313 426 1641 482 πεπληρωμένων
1673 444 1738 483 μοι
1764 432 1842 470 τῶν
1864 429 1909 471 ἐκ
1935 433 2096 486 γενετῆς

380 498 478 540 ἑπτὰ
516 499 578 539 καὶ
617 497 823 551 τριάκοντα
851 497 974 547 atque
1003 493 1112 535 hune
1141 507 1359 535 numerum
1389 497 1497 536 reete
1527 494 1732 537 traditum
1761 509 1847 537 esse
1876 496 1973 538 inde
2002 510 2098 539 eon-

379 567 588 620 firmatur,
618 561 728 616 quod
757 561 840 603 ibd.
873 575 905 605 e.
935 565 961 602 1
984 576 1030 615 p.
1054 564 1119 612 15,
1152 574 1243 603 cum
1274 561 1322 603 de
1351 562 1475 603 rebus
1505 563 1579 604 sub
1602 564 1791 616 primum
1811 563 1994 606 Romam
2023 564 2099 607 ad-

378 635 541 674 ventum
571 631 700 684 factis
730 632 882 683 aqeret,
913 629 1179 671 memoravit:
1208 631 1272 672 καὶ
1302 629 1375 686 γὰρ
1408 631 1455 687 δὴ
1482 632 1546 673 καὶ
1568 630 1656 677 νέος
1676 632 1730 673 ὢν
1753 631 1808 674 ἔτι
1827 630 1930 674 τοῦτ’
1949 631 2097 689 ἔπραξα

378 702 559 756 τέταρτον
582 698 668 745 ἔτος
686 698 796 753 ἄγων
818 699 883 740 καὶ
901 697 1140 754 τριακοστόν.
1192 696 1296 740 Cum
1318 701 1455 739 autem
1485 699 1529 741 in
1550 700 1747 753 patriam
1776 699 1917 742 Roma
1943 700 2100 743 rediret

379 769 454 811 sub
485 768 609 822 finem
639 781 678 808 a.
709 768 789 808 165
817 765 881 807 vel
908 766 984 807 sub
1015 765 1184 807 initium
1214 780 1253 808 a.
1285 769 1378 816 166,
1400 769 1630 820 postquam
1661 781 1817 810 annum
1845 768 2099 811 tricesimum

378 837 597 890 septimum
624 835 777 876 aetatis
803 833 992 888 explevit,
1023 836 1151 876 natus
1179 837 1240 876 est
1269 848 1380 876 anno
1403 837 1489 878 128
1516 835 1578 877 vel
1608 838 1704 881 129.

467 902 659 947 Galenus
689 917 802 944 anno
839 902 918 943 169
948 902 1129 943 Romam
1159 917 1372 958 reversus,
1409 917 1507 946 cum
1537 904 1773 959 imperator
1799 904 1858 947 M.
1890 903 2096 948 Aurelius

379 974 424 1015 in
452 971 613 1014 bellum
635 971 998 1012 Marcomanicum
1021 970 1240 1026 profectus
1263 985 1360 1013 eum
1381 985 1427 1012 se
1453 972 1574 1027 sequi
1605 973 1819 1028 cupiisset,
1850 974 2098 1016 comitatum

379 1041 632 1096 deprecatus
672 1039 829 1080 mansit
869 1039 913 1079 in
953 1037 1059 1080 urbe
1097 1038 1290 1080 medicus
1331 1039 1557 1082 Commodi
1599 1039 1796 1082 Caesaris
1825 1043 1912 1097 περὶ
1940 1046 2018 1084 τῶν
2048 1043 2097 1084 ἰδ.

379 1111 478 1166 βιβλ.
505 1121 538 1150 6.
560 1110 604 1157 2,
630 1108 716 1163 περὶ
745 1110 814 1148 τοῦ
844 1109 1125 1163 προγινώσκειν
1156 1120 1190 1149 c.
1211 1110 1238 1149 9
1257 1107 1337 1150 XI
1341 1107 1383 1150 V
1386 1122 1434 1162 p.
1451 1110 1542 1150 650.
1590 1108 1761 1151 Deinde
1789 1109 1952 1152 Romae
1981 1108 2100 1164 degit

379 1184 421 1219 et
459 1175 574 1232 apud
614 1175 672 1219 M.
714 1174 940 1216 Aurelium
979 1175 1051 1229 (cf.
1093 1177 1179 1231 περὶ
1216 1179 1285 1217 τοῦ
1318 1179 1596 1232 προγινώσκειν
1637 1190 1671 1219 6.
1702 1180 1755 1219 11
1783 1177 1910 1220 XIV
1920 1192 1969 1233 p.
2000 1176 2098 1232 660)

377 1246 743 1299 imperatoresque
775 1241 977 1298 deinceps
1009 1249 1051 1285 et
1079 1243 1196 1299 apud
1230 1243 1423 1287 homines
1453 1244 1619 1287 nobiles
1650 1260 1815 1289 summa
1844 1252 1887 1287 et
1916 1245 2099 1288 auctori-

377 1319 463 1355 tate
504 1319 546 1353 et
583 1312 723 1366 gratia
762 1325 865 1353 usus
906 1313 966 1353 est
995 1313 1083 1368 περὶ
1112 1315 1190 1355 τῶν
1221 1312 1479 1356 πεπονθότων
1510 1313 1643 1357 τόπων
1673 1316 1712 1364 3,
1743 1316 1771 1356 3
1800 1313 1923 1356 VIII
1934 1327 1984 1368 p.
2004 1316 2098 1356 144.

376 1381 536 1424 Iterum
559 1383 697 1422 autem
716 1380 762 1422 in
777 1380 974 1433 patriam
994 1393 1084 1421 eum
1104 1380 1245 1422 neseio
1263 1394 1342 1434 quo
1374 1383 1554 1435 tempore
1574 1385 1676 1436 post
1697 1395 1737 1423 a.
1759 1385 1839 1424 169
1859 1382 2099 1436 profectum

378 1462 462 1491 esse
493 1463 542 1492 ea:
570 1449 625 1490 iis
655 1450 834 1502 apparet
864 1461 968 1501 quae
999 1447 1048 1490 de
1088 1448 1236 1490 itinere
1274 1449 1321 1490 in
1347 1449 1551 1491 Lemnum
1587 1449 1769 1491 insulam
1804 1450 1981 1503 repetito
2009 1450 2099 1504 ipse

376 1516 621 1559 memoravit
648 1518 735 1571 περὶ
763 1521 842 1558 τῶν
874 1517 1011 1558 ἁπλῶν
1041 1518 1263 1573 φαρμάκων
1292 1520 1375 1559 κτλ.
1397 1520 1436 1567 9,
1457 1519 1486 1558 8
1504 1516 1614 1559 ΧΙΙ
1627 1531 1675 1571 p.
1697 1520 1796 1567 216,
1827 1517 1880 1571 ef.
1899 1516 1985 1560 ibd.
2006 1520 2046 1568 9,
2067 1520 2100 1561 2

376 1586 482 1628 ΧΙΙ
496 1600 542 1639 p.
564 1588 657 1628 171.
705 1584 876 1640 Scripta
896 1585 988 1626 eius
1014 1584 1223 1641 pleraque
1243 1585 1405 1627 Romae
1435 1599 1590 1640 magno
1622 1585 1820 1627 incendio
1852 1584 1970 1628 urbis
2001 1600 2098 1627 con-

376 1654 614 1708 flagrarunt
652 1654 739 1709 περὶ
773 1652 1000 1699 συνθέσεως
1031 1654 1254 1710 φαρμάκων
1285 1653 1387 1696 κατὰ
1416 1653 1512 1710 γένη
1542 1657 1580 1704 1,
1613 1657 1639 1696 1
1665 1653 1800 1697 ΧΙΙΙ
1813 1667 1862 1708 p.
1882 1656 1980 1704 362,
2011 1656 2098 1712 περὶ
2142 1645 2145 1648 ”

376 1721 586 1764 ἀντιδότων
607 1724 646 1771 1,
667 1724 721 1763 13
739 1721 819 1763 XI
824 1720 865 1763 V
868 1735 917 1775 p.
939 1725 992 1763 66
1017 1724 1220 1776 reqnante
1240 1720 1462 1764 Commodo
1483 1722 1537 1775 cf.
1560 1721 1648 1764 Dio
1671 1725 1739 1772 72,
1761 1725 1830 1772 24,
1861 1721 2098 1765 Herodian.

376 1794 413 1838 1,
436 1793 498 1839 14,
521 1794 563 1843 2,
595 1789 750 1831 Euseb.
774 1803 880 1832 arm.
901 1789 1043 1831 chron.
1066 1789 1124 1831 ad
1152 1803 1192 1832 a.
1214 1789 1322 1832 Abr.
1344 1792 1466 1833 2202
1488 1810 1541 1825 =
1561 1790 1807 1845 Hieronym.
1828 1793 1958 1833 2204.
2005 1790 2097 1833 Sub

378 1858 604 1900 Pertinace
635 1857 807 1913 publice
839 1858 1171 1900 demonstravit:
1202 1860 1290 1914 περὶ
1309 1863 1388 1901 τῶν
1407 1859 1482 1900 ὑπὸ
1506 1858 1743 1914 Περτίνακος
1763 1860 1933 1916 δημοσίᾳ
1961 1859 2099 1916 ῥηθέν-

376 1943 454 1968 των
488 1926 669 1985 (βιβλίον)
700 1927 741 1968 ἕν
771 1929 1029 1968 memoratur
1060 1926 1113 1968 ab
1144 1926 1236 1979 ipso
1266 1927 1354 1982 περὶ
1383 1930 1460 1969 τῶν
1481 1927 1529 1968 ἰδ.
1562 1927 1661 1983 βιβλ.
1693 1940 1724 1969 c.
1747 1929 1812 1976 13,
1845 1933 1894 1968 ut
1923 1928 2095 1970 omnino

380 1997 540 2037 Romae
571 1995 613 2035 in
646 1994 803 2050 templo
826 1995 951 2036 Pacis
973 1994 1357 2036 demonstrationes
1380 1993 1575 2050 publicas
1601 1994 1806 2037 exhibere
1828 1993 1992 2037 solebat
2009 1997 2098 2053 περὶ

377 2069 454 2106 τῶν
485 2065 531 2105 ἰδ.
564 2064 660 2120 βιβλ.
685 2077 718 2104 6.
740 2066 783 2105 2.
828 2063 1083 2118 Imperatori
1115 2056 1360 2118 (Septimio)
1392 2062 1553 2105 Severo
1585 2061 1828 2104 antidotum
1859 2064 2099 2118 composuit

377 2134 464 2188 περὶ
490 2131 698 2174 ἀντιδότων
719 2135 756 2181 1,
780 2134 833 2174 13
851 2130 978 2173 XIV
985 2145 1033 2184 p.
1056 2133 1119 2173 65.
1172 2131 1457 2186 Septuaginta
1487 2145 1622 2173 annos
1650 2137 1777 2173 natus
1807 2137 2002 2173 mortuus
2032 2137 2097 2174 est

375 2200 532 2243 Suidas
553 2199 578 2243 l.
602 2199 642 2249 l„
672 2213 782 2241 anno
803 2199 892 2253 fere
911 2201 995 2241 198
1011 2198 1076 2240 vel
1096 2202 1191 2250 199,
1213 2198 1335 2241 modo
1361 2202 1585 2241 accuratus
1609 2199 1665 2240 sit
1692 2212 1889 2241 numerus
1909 2213 1937 2240 a
1958 2198 2097 2242 Suida

377 2267 573 2311 traditus.
627 2267 765 2310 Πολλὰ
795 2270 1044 2324 συντεταχὼς
1071 2269 1224 2324 ἰατρικά
1261 2284 1304 2311 τε
1343 2270 1408 2311 καὶ
1444 2268 1657 2324 φιλόσοφα,
1690 2267 1745 2311 ἔτι
1775 2269 1818 2310 δὲ
1845 2266 2096 2324 γραμματικᾶ

378 2339 442 2378 καὶ
474 2337 657 2392 ῥητορικά
677 2336 838 2379 Suidas
864 2336 889 2378 l.
912 2336 962 2387 l.;
990 2335 1148 2380 τοσαῦτ’
1176 2336 1379 2379 ἐκδέδωκε
1410 2339 1695 2394 συγγράμματα
1726 2336 1927 2392 φιλόσοφά
1954 2353 1998 2379 τε
2029 2337 2096 2379 καὶ

377 2404 525 2460 ἰατρικὰ
556 2407 610 2451 ὡς
634 2407 780 2451 πάντας
801 2406 1035 2462 ὑπερβαλεῖν
1055 2406 1145 2452 τοὺς
1164 2407 1239 2461 πρὸ
1262 2406 1393 2457 αὐτοῦ,
1415 2407 1479 2448 καὶ
1497 2405 1597 2447 κατὰ
1616 2406 1686 2462 τὴν
1707 2405 1916 2461 ἑρμηνείαν
1937 2405 2096 2451 οὐδενὸς

380 2474 434 2515 ὢν
465 2477 541 2515 τῶν
573 2474 751 2529 ἀρχαίων
784 2475 1077 2530 ἀδυνατώτερος
1106 2473 1349 2515 Athenaeus
1378 2477 1415 2524 1,
1438 2477 1463 2515 1
1478 2474 1510 2526 f,
1541 2473 1616 2526 qui
1643 2487 1735 2515 eum
1761 2472 2096 2515 inter-locatorem

375 2541 553 2581 convivii
572 2540 984 2595 dipnosophistarum
1003 2541 1172 2583 induxit
1191 2542 1245 2595 ef.
1267 2545 1306 2591 1,
1323 2544 1382 2585 26
1393 2555 1426 2592 e,
1447 2544 1486 2591 3,
1508 2544 1659 2583 1156-
1676 2544 1750 2584 116
1761 2555 1800 2583 α.
1836 2539 1905 2583 De
1925 2541 2097 2595 seriptis

380 2607 537 2649 Galeni
563 2609 616 2662 ef.
639 2609 908 2652 Aekermann
928 2609 1064 2652 Fabr.
1092 2609 1135 2652 V
1143 2624 1191 2663 p.
1211 2612 1293 2652 398
1312 2623 1411 2663 sqq.,
1434 2609 1584 2664 Ilberq
1602 2608 1878 2651 Rheinisehes
1899 2608 2096 2650 Museum

377 2676 576 2718 XLIIII
590 2677 735 2733 (1889)
759 2693 806 2732 p.
827 2681 918 2721 207
933 2691 1018 2732 sqq.
1041 2681 1080 2720 et
1099 2677 1291 2720 XLVII
1304 2677 1448 2733 (1892)
1469 2692 1516 2732 p.
1537 2680 1618 2720 489
1635 2691 1720 2731 sqq.
1742 2702 1794 2706 —
1815 2676 2096 2733 Epigramma

378 2745 422 2784 in
454 2759 549 2786 eum
582 2746 790 2801 scriptum
815 2746 988 2788 Anthol.
1006 2760 1072 2800 qr.
1093 2749 1158 2797 16,
1184 2749 1281 2796 270,
1312 2748 1568 2788 memoratur
1599 2749 1638 2787 et
1667 2746 1796 2800 epiyr.
1821 2749 1857 2796 7,
1878 2747 1971 2795 559,
1993 2747 2037 2788 2.

465 2813 731 2856 Memoratur
759 2815 821 2857 vel
856 2816 1015 2857 citatur
1044 2815 1199 2857 Euseb.
1230 2815 1327 2857 hist.
1359 2814 1453 2857 eccl.
1483 2817 1521 2870 5,
1546 2817 1617 2865 28,
1651 2818 1704 2857 14
1733 2813 1846 2869 (inde
1874 2813 2022 2868 Rufin.
2052 2812 2092 2856 h.

380 2881 472 2923 ecel.
493 2884 532 2931 5,
554 2882 652 2937 28)‚·
682 2882 859 2936 Syncell.
875 2898 923 2938 p.
935 2886 1013 2926 666
1033 2904 1088 2918 z
1110 2882 1281 2926 Gedren.
1303 2883 1337 2926 I
1349 2897 1397 2937 p.
1416 2886 1510 2934 439,
1531 2887 1559 2926 4
1577 2890 1632 2917 -—-'
1653 2882 1809 2925 Isidor.
1832 2882 1973 2926 chron.
1993 2883 2091 2932 275,

378 2949 451 3001 qui
471 2953 697 3003 praeterea
727 2965 776 2992 ex
806 2966 852 2994 6ο
880 2953 1009 2994 verba
1039 2950 1168 3003 affert
1196 2951 1312 3006 Oriy.
1344 2955 1414 3002 20,
1445 2955 1487 3002 2,
1518 2954 1583 3002 37,
1625 2952 1787 2995 Teetzes
1817 2950 1911 2993 ehil-
1941 2953 1981 3001 3,
2011 2953 2095 3002 32,-

377 3018 415 3066 7,
445 3019 554 3068 808,·
581 3020 650 3067 12,
681 3022 707 3060 5
737 3032 820 3072 sqq.
879 3020 1012 3074 Apud
1049 3020 1249 3062 medicos:
1289 3019 1475 3062 ducentis
1510 3019 1678 3062 circiter
1708 3018 1809 3061 locis
1836 3021 2094 3061 memoratur

380 3085 432 3125 ab
465 3084 660 3127 Oribasio
689 3088 925 3140 compositis
963 3088 1141 3131 Oeuvres
1172 3087 1399 3131 d'Oribase
1433 3087 1494 3129 ed.
1525 3086 1807 3130 Bussemaher
1845 3090 1885 3129 et
1913 3085 2092 3129 Darem-

380 3152 477 3206 berq
508 3152 575 3194 VI
588 3168 635 3207 p.
660 3157 752 3204 705,
782 3156 933 3208 viqinti
957 3159 1088 3210 eptem
1116 3157 1169 3198 ab
1195 3155 1444 3198 Alexandro
1479 3155 1711 3206 Tralliano,
1745 3169 1773 3196 a
1802 3168 1880 3208 quo
1904 3153 2093 3209 plerum-

380 3234 455 3272 que
494 3221 650 3262 citatur
690 3223 710 3264 ὁ
751 3223 950 3270 θειότατος
980 3225 1170 3282 Γαληνός,
1212 3225 1267 3278 ef.
1297 3223 1476 3266 indicem
1505 3223 1566 3266 ed.
1598 3222 1880 3266 Puschmann.
1905 3247 1957 3253 —
1988 3222 2093 3267 Sen-

381 3288 532 3329 tentiae
554 3289 831 3343 philosophae
858 3291 1014 3334 Galeni
1041 3295 1326 3334 memorantur
1361 3291 1559 3335 Themist.
1580 3290 1794 3346 paraphr.
1825 3290 1886 3333 ed.
1916 3289 2093 3345 Spenyel

382 3370 425 3411 p.
454 3358 747 3409 270‚12.25;
772 3360 866 3408 315,
885 3362 962 3409 16,·
990 3362 1088 3415 321,
1108 3363 1174 3410 16,
1204 3359 1328 3402 Alex.
1348 3358 1540 3414 Aphrod.
1560 3359 1608 3402 ra
1625 3358 1762 3401 Arist.
1789 3358 1930 3412 Τυρὼ.
1952 3372 1997 3414 p.
2010 3359 2092 3400 549
