2202 3730
112 282 421 319 CALPVRNIVS
967 278 1047 322 281
1602 284 1913 320 CALPVRNIVS

109 414 192 456 228
224 420 264 458 C.
298 420 608 457 CALPVRNIVS
649 421 780 470 PISO,
823 416 973 459 consul
1010 432 1049 462 a.
1089 418 1163 459 lll
1208 430 1308 458 cum
1343 415 1403 461 M.
1434 416 1579 459 Vettio
1619 415 1799 459 Bolano.
1858 417 1914 458 In

196 482 438 524 consulatu:
468 482 516 527 C.
540 482 803 540 Calpurnius
825 485 925 526 Piso
956 484 1025 527 VI
1036 488 1142 536 222,
1166 484 1246 539 [C.]
1267 483 1529 540 Calpurnius
1549 486 1649 527 Piso
1669 485 1776 527 XII
1789 487 1912 534 1840,

196 549 244 594 C.
277 549 560 606 Cal[purnius
590 551 710 608 Pis]0
741 553 867 595 XIV
884 556 995 595 3437
1004 553 1079 608 (ἓ),
1110 556 1289 595 ceterum
1317 553 1419 594 Piso
1448 553 1568 606 fasti.

109 619 192 660 229
223 624 265 660 C.
283 625 593 661 CALPVRNIVS
615 626 724 662 PISO
744 621 883 663 nescio
902 622 995 675 quis
1014 624 1272 663 memoratur
1290 621 1336 663 in
1357 624 1385 664 t.
1397 622 1695 675 procuratoris
1716 621 1785 664 VI
1791 623 1911 672 9831,

195 686 338 728 liberti
365 691 519 729 14203.
597 706 602 710 ’

108 755 192 798 230
223 761 300 799 ΟΝ.
333 762 642 798 CALPVRNIVS
673 763 804 812 PISO,
846 758 994 800 consul
1034 773 1072 803 a.
1105 758 1186 801 747
1221 778 1276 793 =
1313 759 1337 800 7
1369 773 1405 802 a.
1440 757 1488 800 C.
1522 773 1620 800 cum
1651 758 1825 800 Tiberio
1856 759 1912 801 ΙΙ.

195 823 464 866 Memoratur
493 825 539 867 in
567 826 748 868 nummis
777 826 964 881 Auyusti
989 826 1183 869 Babelon
1196 860 1206 877 ‚
1240 827 1468 869 Monnaies
1499 826 1547 868 cle
1578 827 1621 868 la
1650 827 1913 881 Rc'publz'quc

193 891 401 933 Romaine
427 893 460 934 I
473 907 521 946 p.
540 896 623 935 306
649 908 691 937 n.
711 896 765 936 36
785 895 859 951 (1),
888 898 946 936 37
965 895 1042 950 (2),
1070 898 1136 937 38.
1157 898 1223 937 39.
1243 898 1298 937 40
1319 895 1391 950 (3).

282 959 542 1005 Nominatur
561 962 608 1003 in
629 962 869 1004 consulatu:
889 962 968 1005 Cn.
986 963 1248 1019 Calpurnius
1265 964 1364 1005 Piso
1385 963 1434 1005 X
1449 966 1546 1013 924,
1569 962 1658 1004 Dio
1678 963 1764 1006 incl.
1786 963 1812 1006 l.
1836 966 1889 1006 55
1901 977 1913 1014 ;

189 1030 254 1078 55,
270 1031 311 1078 8,
335 1028 596 1084 Calpurnius
615 1030 715 1071 Piso
727 1029 905 1084 Dionys.
917 1031 1144 1078 Halicarn.
1162 1035 1200 1081 1,
1216 1034 1263 1082 3,·
1283 1031 1364 1073 Cn.
1383 1032 1482 1072 Piso
1501 1032 1533 1072 I
1543 1034 1634 1081 747,
1659 1031 1909 1082 7811283,

197 1096 265 1138 VI
278 1100 396 1146 7461,
428 1097 461 1138 Ι
461 1097 509 1138 Χ
524 1100 646 1147 5308,
680 1098 1001 1141 Monumentum
1020 1099 1296 1153 Ancyranum
1326 1099 1401 1141 lat.
1420 1103 1460 1150 3,
1479 1102 1538 1142 26
1566 1119 1621 1133 2
1648 1114 1788 1153 yraec.
1811 1103 1850 1149 9,
1871 1103 1910 1149 4,

192 1164 458 1215 Cassiodor.;
483 1168 662 1207 ceterum
684 1166 784 1208 Piso
807 1167 926 1220 fasti.
952 1194 1000 1198 —
1028 1167 1106 1211 Cn.
1128 1168 1230 1209 Piso
1255 1168 1301 1209 in
1320 1168 1513 1218 numnis,
1545 1167 1662 1222 apud
1688 1168 1913 1221 scriptores

190 1231 270 1274 Cn.
302 1227 402 1275 Piso
431 1233 495 1275 vel
523 1234 635 1277 Piso.

276 1301 355 1344 Cn.
387 1300 500 1343 filius
528 1316 684 1344 numm.
715 1305 755 1353 3,
786 1302 875 1345 Dio
904 1303 990 1345 incl.
1023 1304 1050 1345 l.
1080 1307 1145 1355 55,
1181 1305 1356 1359 Fru(gi)
1386 1304 1500 1346 filius
1527 1318 1684 1346 numm.
1714 1307 1769 1355 2,·
1798 1303 1912 1345 filius

189 1370 378 1424 Pisonis,
417 1371 492 1426 qui
537 1370 655 1412 civili
697 1370 808 1413 bello
850 1379 1124 1426 resurgentes
1163 1374 1207 1414 in
1237 1372 1387 1414 Africa
1426 1373 1634 1414 acerrimo
1674 1372 1910 1414 ministerio

187 1438 396 1480 adversus
427 1437 656 1480 Caesarem
686 1440 807 1493 iuvit,
844 1454 949 1482 mox
979 1441 1164 1483 Brutum
1195 1447 1237 1483 et
1268 1440 1467 1483 Cassium
1509 1447 1680 1482 secutus
1710 1455 1908 1482 concesso

190 1505 331 1548 reditu
370 1507 576 1562 petitione
617 1507 828 1549 honorum
869 1508 1099 1561 abstinuit,
1142 1508 1278 1551 donec
1310 1508 1424 1550 ultro
1455 1508 1691 1550 ambiretur
1720 1507 1910 1550 delatum

188 1575 244 1617 ab
273 1574 472 1629 Augusto
503 1575 772 1618 consulatum
802 1577 998 1632 accipere
1025 1577 1125 1619 Tac.
1146 1591 1185 1619 a.
1207 1580 1251 1627 2,
1272 1580 1339 1620 43.
1384 1576 1530 1619 Filius
1555 1577 1688 1631 iyitur
1714 1576 1790 1620 Gn.
1814 1576 1910 1619 Cal-

184 1643 338 1697 purnii
364 1642 536 1686 Pisonis
566 1644 747 1686 consulis
776 1659 815 1688 a.
840 1648 918 1686 731
939 1664 994 1680 =
1013 1649 1071 1688 23
1102 1660 1141 1687 a.
1171 1645 1217 1690 Ο.
1250 1646 1304 1699 cf.
1335 1645 1457 1699 infra
1484 1659 1526 1687 n.
1547 1647 1646 1689 248.

273 1711 410 1753 IIIvir
439 1726 538 1754 aere
568 1719 746 1767 argento
777 1727 883 1755 auro
913 1711 1057 1755 flando
1090 1713 1291 1756 feriundo
1319 1714 1493 1763 nummi,
1526 1712 1700 1768 collegis
1727 1713 1778 1756 L.
1807 1713 1910 1755 Sur-

188 1779 306 1821 dinio
348 1779 398 1822 C.
430 1780 568 1822 Plotio
609 1781 721 1824 Rufo
760 1795 915 1824 numm.
946 1786 986 1824 1.
1054 1782 1169 1824 Eum
1210 1781 1457 1824 monetalem
1496 1782 1629 1836 fuisse
1667 1795 1751 1823 non
1796 1782 1910 1822 circa

189 1862 228 1890 a.
251 1851 334 1890 739
365 1867 421 1883 =
451 1851 503 1891 15
534 1863 574 1891 a.
603 1849 664 1899 O„
694 1849 769 1892 sed
795 1851 911 1892 circa
942 1865 980 1892 a.
1013 1854 1097 1894 729
1129 1871 1183 1885 =
1211 1854 1269 1894 25
1300 1866 1339 1895 α.
1368 1850 1415 1893 C.
1446 1850 1544 1892 inde
1572 1850 1769 1903 sequitur,
1801 1850 1912 1903 quod

187 1917 462 1959 moribundus
490 1932 530 1959 a.
561 1921 620 1960 20
650 1918 767 1972 apud
799 1919 993 1961 Tacitum
1022 1933 1063 1961 a.
1094 1922 1133 1970 6,
1164 1923 1218 1961 16
1245 1922 1385 1962 monet
1418 1919 1630 1962 Tiberium
1663 1926 1756 1974 ‘per
1785 1919 1909 1974 quin-

81 1984 110 2017 ',
188 1999 272 2040 que
303 1991 346 2027 et
375 1986 665 2042 quadraginta
695 2001 905 2029 annorum
937 1987 1226 2044 obsequium‘.
1273 1987 1435 2030 Consul
1465 2003 1503 2030 a.
1535 1987 1616 2029 747
1646 2007 1702 2022 τ-
1734 1987 1757 2029 7
1789 2002 1827 2032 a.
1859 1986 1907 2030 C.

189 2053 305 2106 fasti.
364 2054 621 2110 Hispaniam
654 2055 880 2098 ambitiose
909 2071 1126 2113 avareque
1154 2057 1268 2098 rexit
1302 2057 1400 2099 Tac.
1431 2071 1468 2098 a.
1488 2059 1527 2106 3,
1549 2058 1603 2097 13
1630 2054 1910 2109 probabiliter

188 2121 349 2175 leyatus
378 2122 620 2177 Hispaniae
650 2124 860 2166 citerioris
887 2125 964 2166 sub
986 2125 1186 2179 'Auyusto
1218 2125 1272 2179 cf.
1300 2125 1398 2167 Tac.
1432 2139 1471 2166 a.
1502 2127 1540 2174 3,
1572 2126 1630 2166 12
1662 2124 1812 2179 ‘patris
1842 2124 1908 2164 sui

186 2188 376 2244 legatum
406 2190 570 2232 fuisse'.
631 2191 870 2234 Proconsul
899 2191 1074 2234 Africae
1105 2192 1265 2235 Strabo
1294 2195 1336 2242 2,
1368 2195 1406 2242 5,
1437 2195 1492 2234 33
1522 2206 1570 2245 p.
1594 2194 1675 2233 130
1704 2192 1907 2233 incertum

186 2271 266 2310 quo
289 2271 424 2309 ann0;
455 2258 513 2300 acl
530 2259 640 2301 hunc
658 2260 999 2313 proconsulatum
1020 2264 1183 2314 spectat
1202 2260 1312 2314 quod
1332 2260 1492 2303 Seneca
1520 2259 1622 2301 dial.
1645 2262 1685 2309 3,
1706 2262 1761 2301 18
1780 2260 1909 2313 refert

186 2326 388 2368 Pisonem
419 2333 505 2368 tres
539 2327 698 2370 milites
734 2328 983 2370 innocentes
1014 2328 1070 2370 ad
1100 2328 1360 2385 supplicium
1392 2327 1491 2370 duci
1519 2328 1693 2369 iussisse
1714 2327 1770 2380 cf.
1795 2334 1907 2383 ‘pro-

186 2394 418 2436 consulem’
447 2394 533 2438 ibol.
561 2398 621 2446 19,
649 2399 691 2438 3.
749 2395 888 2438 Annis
921 2398 972 2439 15
1004 2403 1047 2439 et
1079 2397 1131 2439 16
1163 2397 1325 2439 Romae
1354 2396 1458 2438 fuit:
1487 2396 1725 2438 sententiae
1762 2394 1816 2437 ab
1857 2409 1906 2437 eo

187 2463 231 2504 in
262 2469 414 2505 senatu
443 2463 583 2506 dictae
613 2479 650 2508 a.
686 2466 736 2507 15
773 2465 870 2507 Tae.
901 2479 941 2507 a.
967 2469 1004 2515 1,
1036 2468 1098 2516 74,
1130 2481 1168 2508 a.
1201 2467 1254 2508 16
1282 2465 1369 2508 ibel.
1395 2469 1439 2517 2,
1464 2467 1530 2515 35,
1563 2463 1652 2506 Dio
1681 2467 1746 2514 57,
1774 2466 1839 2506 15.

271 2530 400 2573 Anno
425 2532 475 2574 17
497 2531 700 2574 Tiberius
730 2533 776 2574 in
806 2532 948 2575 locum
978 2533 1173 2587 (Caecilii
1204 2533 1386 2588 Metelli)
1418 2533 1579 2576 Cretici
1610 2532 1746 2575 Silani
1778 2531 1907 2587 Syria

185 2598 346 2641 demoti
386 2599 465 2644 Cn.
498 2601 696 2642 Pisonem
738 2602 776 2643 ei
816 2602 1066 2657 provinciae
1101 2601 1311 2658 praefecit
1347 2602 1444 2644 Tac.
1477 2616 1518 2643 a.
1553 2603 1593 2651 2,
1625 2603 1691 2651 43,
1733 2600 1904 2642 Sueton.

191 2668 328 2710 Tiber.
358 2671 429 2719 52,
462 2668 594 2723 Caliy.
625 2672 669 2712 2.
730 2669 906 2712 Aestate
936 2670 1026 2711 fere
1058 2671 1232 2712 ineunte
1262 2671 1365 2712 anni
1398 2670 1448 2711 18
1479 2670 1549 2724 (cf.
1587 2669 1685 2712 Tac.
1717 2683 1756 2712 a.
1788 2671 1831 2718 2,
1853 2669 1906 2710 55

186 2735 338 2778 collato
377 2750 411 2778 c.
441 2740 494 2779 53
533 2740 572 2779 et
604 2741 662 2780 62
699 2737 810 2792 init.)
850 2737 980 2780 celeri
1019 2739 1294 2792 navigatione
1335 2739 1644 2782 Germanicum
1679 2737 1907 2793 praevenit

187 2810 228 2846 et
264 2811 364 2846 ante
394 2820 492 2847 eum
524 2806 790 2861 provinciam
821 2807 965 2860 attigit
990 2807 1088 2849 Tac.
1113 2821 1152 2849 a.
1172 2810 1216 2857 2,
1236 2809 1301 2850 55.
1364 2805 1613 2850 Simultates
1644 2812 1764 2848 ortae
1795 2806 1907 2846 inter

184 2871 489 2915 Germanicum
511 2880 554 2915 et
574 2874 776 2915 Pisonem
806 2874 892 2916 ibcl.
912 2879 955 2922 2,
976 2878 1042 2919 57.
1064 2877 1131 2917 58.
1181 2875 1437 2917 Inimicitiae
1467 2881 1620 2916 auctae
1651 2880 1762 2927 sunt,
1794 2880 1906 2929 post-

185 2951 315 2996 quam
346 2942 630 2985 Germanicus
662 2957 701 2984 a.
724 2943 777 2985 19
808 2957 862 2984 ex
885 2942 1084 2998 Aegypto
1117 2943 1158 2984 in
1183 2943 1355 2999 Syriam
1382 2958 1577 2985 remeans
1608 2950 1765 2984 cuncta
1794 2957 1905 2998 quae

185 3008 301 3065 apud
343 3009 532 3064 legiones
572 3017 647 3052 aut
684 3010 834 3052 urbem
874 3011 1077 3062 iusserat,
1118 3010 1279 3054 abolita
1310 3011 1380 3053 vel
1412 3012 1456 3053 in
1486 3012 1749 3053 contrarium
1779 3024 1905 3051 versa

188 3079 391 3131 cognovit
418 3078 504 3120 ibcl.
534 3082 578 3129 2,
607 3081 673 3121 68.
719 3079 830 3122 Cum
851 3078 1137 3122 Germanicus
1158 3080 1415 3123 Antiochiae
1444 3087 1671 3135 aegrotans
1702 3079 1783 3121 sibi
1812 3093 1906 3135 per-

188 3146 391 3188 suasisset
421 3161 466 3188 se
495 3161 521 3188 a
552 3148 707 3189 Pisone
737 3147 947 3190 veneficia
976 3148 1214 3203 accepisse,
1257 3149 1488 3190 amicitiam
1521 3150 1559 3190 ei
1591 3163 1669 3204 per
1699 3146 1905 3203 epistulas

183 3215 448 3256 renuntiavit
483 3215 580 3257 Tac.
614 3230 652 3259 a.
680 3219 723 3265 2,
759 3219 823 3266 70,
857 3216 1028 3260 Sueton.
1057 3216 1193 3270 Caliy.
1214 3220 1253 3258 4.
1305 3217 1486 3259 Addunt
1515 3216 1709 3273 plerique
1741 3217 1903 3257 iussum

184 3283 409 3337 provincia
447 3282 657 3325 decedere
697 3284 783 3338 (cui
820 3284 1049 3326 sententiae
1090 3287 1232 3339 aperte
1269 3289 1478 3339 repuynat
1518 3285 1745 3328 Suetonius
1776 3284 1802 3327 l.
1836 3283 1905 3339 l.),·

185 3350 286 3392 Piso
317 3366 498 3393 ancoras
520 3350 650 3393 solvit
674 3351 1065 3408 moderabaturque
1085 3354 1243 3407 cursui,
1273 3368 1356 3409 quo
1378 3354 1556 3409 propius
1587 3352 1902 3406 regrederetur,
