2202 3730
107 307 305 345 ASINIVS
975 300 1055 342 167
1718 303 1916 339 ASINIVS

194 438 279 481 illis
318 437 435 480 horis
474 437 662 494 ponebat
689 437 852 481 Seneca
881 437 982 480 dial.
1015 440 1055 488 9,
1086 440 1153 488 17,
1186 439 1224 479 7.
1260 460 1319 467 —·
1355 435 1537 478 Amicus
1575 433 1764 477 Herodis
1803 435 1918 489 regis

193 507 475 561 Iudaeorum,
517 507 639 548 cuius
677 506 754 548 filii
785 505 1036 548 Alexander
1077 512 1120 548 et
1148 504 1427 548 Aristobulus
1458 504 1621 546 Romae
1661 502 1780 559 apud
1818 517 1919 545 eum

194 575 450 618 habitabant
473 574 639 629 Ioseph.
661 578 748 617 ant.
773 577 833 625 15,
855 578 923 625 10,
944 578 983 617 1.

281 645 428 688 Gener
455 643 508 686 L.
540 643 730 698 Quintfi,
774 644 851 699 qui
881 658 907 685 a
935 642 1172 685 triumviris
1206 642 1474 698 proscriptus
1508 646 1574 683 est
1600 639 1792 695 Appian.
1824 639 1918 683 bell.

195 713 269 756 civ.
292 716 331 763 4,
351 716 421 757 12.
442 715 513 756 27.
564 711 736 755 Liberi:
769 711 818 755 C.
849 710 1029 754 Asinius
1059 709 1235 765 Gallus,
1266 709 1448 752 Asinius
1479 708 1723 763 Saloninus,
1755 709 1918 751 Herius

193 780 396 835 Asinius3
436 780 532 836 filia
562 784 792 836 praeterea
831 781 871 822 ei
897 780 995 834 fuit,
1027 793 1134 833 quae
1160 781 1366 833 nupserat
1399 778 1465 820 M.
1495 777 1677 823 Claudio
1708 777 1921 821 Marcello

195 849 430 892 Aesernino
447 862 528 891 cos.
550 863 588 891 a.
609 851 693 892 732
712 868 767 883 =
785 851 860 898 22,
890 861 1066 902 quorum
1089 846 1206 902 filius
1224 845 1458 888 Marcellus
1473 844 1740 888 Aeserninus
1762 845 1918 889 Pollio-

195 918 262 960 nis
293 931 426 974 nepos
456 917 615 959 dicitur
640 916 812 960 Sueton.
838 915 1018 970 August.
1038 918 1104 966 43,
1137 914 1299 958 Seneca
1328 917 1510 958 controv.
1530 917 1558 956 4
1578 914 1724 968 praef.
1743 917 1783 958 3.
1803 917 1844 957 4.
1864 939 1919 944 -

197 985 468 1028 Memoratur
495 985 542 1027 in
572 984 695 1027 titulo
725 983 802 1028 Cn.
834 983 982 1026 Asinii
1007 984 1170 1038 nepotis
1201 983 1250 1025 X
1277 985 1403 1032 1682,
1443 983 1595 1025 incerti
1623 982 1842 1025 cuiusdam
1871 996 1922 1026 ex

195 1054 383 1109 posteris
413 1053 481 1095 VI
492 1055 611 1103 1353,
641 1054 688 1095 in
718 1055 747 1097 t.
778 1066 992 1095 servorum
1019 1052 1083 1094 vel
1113 1051 1358 1094 libertorum
1387 1050 1456 1094 VI
1471 1053 1593 1094 5019.
1618 1054 1744 1094 9901.
1763 1053 1919 1095 12523.

202 1123 382 1178 Tequlae
401 1121 528 1165 XIV
537 1125 661 1172 4090,
681 1124 770 1164 4—9
792 1140 846 1155 =
866 1120 1245 1164 XV2231—2234
1275 1134 1332 1161 ex
1362 1119 1522 1174 figlinis
1544 1118 1685 1161 Asinii
1712 1119 1921 1163 Pollionis

197 1191 266 1246 (O.
295 1191 373 1234 As.
409 1189 504 1234 Pol.
542 1204 586 1232 n.
616 1189 751 1245 2234)
789 1192 935 1232 utrum
974 1189 1032 1231 ad
1068 1202 1199 1231 unum
1238 1187 1447 1230 hominem
1477 1187 1724 1242 pertineant
1763 1202 1821 1230 an
1866 1187 1925 1230 ad

192 1259 362 1315 plures,
400 1259 621 1302 dubitatur
659 1258 714 1312 cf.
743 1257 919 1301 Dressel
955 1257 1013 1300 acl
1049 1271 1091 1299 n.
1125 1259 1265 1307 2231,
1305 1257 1379 1310 qui
1418 1256 1736 1310 antiquissimas
1775 1271 1922 1299 earum

197 1327 303 1381 (scil.
335 1343 376 1371 n.
407 1331 537 1372 2233.
567 1327 702 1382 2234)
734 1327 792 1370 acl
822 1330 1031 1370 oratorem
1059 1326 1219 1380 referri
1238 1338 1365 1380 posse
1394 1325 1557 1367 statuit.

409 1396 548 1432 Suidas
564 1396 590 1431 Ι
604 1408 646 1442 p.
662 1398 752 1433 786.-
776 1393 933 1436 Ἀσίνιος
950 1397 1110 1430 Πωλίων
1123 1393 1299 1443 Ῥωμαῖος
1324 1396 1488 1440 ἱστορίας
1509 1391 1713 1441 Ῥωμαικὰς
1729 1394 1923 1432 συνέταξεν

294 1456 335 1490 ἐν
358 1457 518 1500 βιβλίοις
541 1450 603 1498 ιζ’,
635 1449 761 1498 [οὗτος
793 1454 939 1499 πρῶτος
969 1449 1183 1496 Ἑλληνικὴν
1216 1453 1384 1495 ἱστορίαν
1413 1447 1622 1495 Ῥωμαικῶς
1654 1450 1922 1496 συνέγραψεν],

294 1511 358 1546 ubi
375 1512 494 1555 verba,
519 1521 610 1555 quae
627 1510 733 1546 uncis
756 1509 982 1553 inclusimus,
1007 1509 1086 1543 sine
1108 1507 1219 1543 dubio
1242 1507 1291 1543 ad
1310 1506 1424 1542 alium
1447 1507 1649 1550 spectantia
1673 1507 1851 1551 (fortasse
1874 1507 1924 1542 ad

296 1569 509 1614 Pompeium
533 1568 700 1614 Troyum,
723 1570 766 1602 ut
788 1566 936 1602 coniecit
959 1577 1031 1602 von
1047 1563 1282 1606 Gutschmid)
1304 1563 1518 1609 confusione
1534 1562 1669 1599 Suidae
1685 1562 1733 1599 ad
1748 1563 1924 1599 Asinium

295 1627 410 1662 relata
434 1629 537 1661 sunt.-
560 1625 660 1660 Idem
682 1624 735 1659 II
750 1626 776 1661 2
800 1636 842 1669 p.
867 1625 964 1660 387:
996 1625 1154 1659 Πωλίων
1178 1620 1198 1657 ὁ
1217 1621 1380 1661 Ἀσίνιος
1408 1624 1654 1669 χρηματίσας,
1682 1618 1922 1669 Τραλλιανός,

297 1681 478 1731 σοφιστὴς
507 1686 571 1718 καὶ
601 1680 813 1730 φιλόσοφος
844 1679 1094 1729 σοφιστεύσας
1122 1680 1164 1715 ἐν
1185 1677 1303 1729 Ῥώμῃ
1336 1680 1402 1715 ἐπὶ
1426 1681 1636 1726 Πομπηίου
1666 1686 1733 1714 τοῦ
1755 1676 1922 1727 μεγάλου

297 1744 360 1777 καὶ
390 1739 656 1788 διαδεξάμενος
687 1739 754 1785 τὴν
787 1738 928 1787 σχολὴν
955 1741 1204 1787 Τιμαγένους·
1235 1738 1399 1785 ἔγραψεν
1423 1756 1468 1762 —-
1494 1757 1540 1762 -
1565 1737 1782 1781 (sequumtwr
1804 1746 1923 1780 opera,

297 1809 388 1843 quae
409 1798 572 1843 plinium
597 1801 783 1833 auctorum
806 1797 922 1842 fuisse
945 1796 1122 1838 videntur,
1151 1794 1235 1830 dein
1258 1794 1332 1830 loco
1355 1793 1507 1838 ultimo)
1533 1796 1621 1841 περὶ
1645 1801 1711 1829 τοῦ
1737 1795 1923 1843 ἐμφυλίου

298 1855 361 1900 τὴς
390 1853 529 1904 Ῥώμης
557 1859 740 1903 πολέμου,
773 1852 818 1891 ὃν
848 1856 1088 1902 ἐπολέμησαν
1115 1851 1264 1901 Καῖσάρ
1294 1864 1334 1888 τε
1367 1855 1430 1887 καὶ
1464 1849 1675 1900 Πομπήιος.
1722 1851 1785 1886 Ea:
1807 1852 1925 1887 verbis

298 1914 460 1949 eaetremis
479 1917 582 1959 patet
605 1913 769 1958 Swidam,
793 1916 834 1948 ut
857 1913 953 1958 falso
975 1912 1062 1948 huic
1077 1910 1240 1947 Pollioni
1255 1910 1384 1946 aetatis
1403 1910 1534 1945 liberae
1553 1910 1606 1945 rei
1616 1908 1784 1954 publicae
1799 1909 1929 1944 tribuit

299 1969 675 2019 ἀπομνημονεύματα
692 1974 926 2006 Μουσωνίου
949 1976 1016 2005 τοῦ
1042 1966 1256 2016 φιλοσόφου
1281 1967 1414 2003 mortui
1436 1968 1509 2011 fere
1532 1966 1598 2001 sub
1623 1965 1849 2008 Domitiano,
1875 1966 1928 2001 ita

299 2039 375 2065 non
396 2029 518 2063 minus
538 2038 728 2072 perperam
750 2028 920 2063 tribuisse
942 2037 1035 2071 opus
1059 2026 1268 2062 historicum
1291 2024 1420 2060 Asinii
1442 2024 1611 2059 oratoris.
1653 2022 1818 2068 Quacum
1844 2033 1927 2058 con·

300 2086 445 2130 fusione
468 2089 545 2121 arte
569 2085 740 2128 cohaeret,
765 2084 861 2128 quod
877 2084 1039 2120 Pollioni
1055 2083 1242 2119 Tralliano
1264 2092 1394 2118 nomen
1418 2081 1547 2116 Asinii
1571 2079 1723 2115 inditum
1749 2083 1801 2115 est
1808 2092 1820 2124 ;
1843 2091 1929 2115 nam

301 2141 395 2187 quod
412 2141 516 2177 multi
531 2141 763 2177 Trallianum
778 2141 942 2176 libertum
957 2139 1111 2176 oratoris
1135 2139 1251 2184 fuisse
1274 2140 1487 2179 statuerunt,
1513 2136 1577 2171 vioe
1599 2147 1691 2181 opus
1715 2139 1766 2171 est
1788 2147 1927 2172 monere

300 2199 475 2235 neminem
502 2209 665 2242 unquam
697 2198 862 2234 libertum
887 2197 1050 2241 potuisse
1079 2197 1207 2232 habere
1233 2195 1384 2240 patroni
1407 2204 1606 2238 coyrwmen.
1632 2215 1675 2219 —
1700 2193 1759 2228 De
1782 2194 1928 2237 scriptis

302 2255 493 2299 Tralliani,
517 2256 581 2300 qui
603 2255 645 2290 in
666 2255 762 2290 hanc
785 2254 952 2300 sylloyem
975 2264 1051 2289 non
1077 2253 1183 2296 cadit,
1208 2252 1445 2297 disputarwnt
1467 2251 1518 2284 H.
1543 2250 1648 2286 Peter
1672 2250 1792 2286 Jahns
1815 2251 1929 2285 Jahr-

303 2314 431 2349 bucher
454 2312 588 2348 CXIX
607 2323 646 2357 p.
671 2314 765 2356 422,
795 2311 917 2347 Flach
945 2310 1180 2346 Rheinisches
1206 2309 1376 2345 Museum
1403 2307 1584 2343 XXXVI
1600 2319 1639 2352 p.
1656 2310 1745 2351 316,
1777 2307 1931 2344 Tkowret

301 2370 490 2416 Leipziyer
514 2369 665 2405 Studien
686 2370 715 2404 I
730 2381 767 2414 p.
783 2371 857 2405 324
875 2379 950 2413 sqq.

123 2431 233 2473 1026
265 2435 306 2472 G.
337 2434 536 2471 ASINIVS
567 2433 762 2482 POLLIO,
794 2426 944 2478 consul
973 2441 1012 2468 a.
1034 2427 1088 2468 23
1120 2439 1217 2467 cum
1248 2422 1296 2468 O.
1316 2422 1505 2466 Antistio
1523 2422 1696 2465 Vetere.
1754 2421 1931 2464 Nummi

205 2497 418 2542 Sardiani
453 2497 502 2539 in
531 2499 662 2551 parte
700 2495 879 2538 adversa
915 2494 1110 2537 exhibent
1138 2493 1314 2549 Δροῦσος
1352 2493 1418 2535 καὶ
1449 2491 1693 2547 Γερμανικὸς
1732 2492 1812 2534 νεοὶ
1843 2491 1930 2533 θεοὶ

207 2568 460 2624 φιλάδελφοι,
491 2566 537 2607 in
567 2578 719 2607 aversa
747 2565 856 2621 Γαίῳ
885 2561 1036 2619 Ἀσινίῳ
1068 2561 1267 2604 Πολλίωνι
1296 2561 1524 2616 ἀνθυπάτῳ,
1554 2559 1602 2601 in
1630 2558 1767 2601 medio
1796 2562 1929 2602 κοινοῦ

206 2633 332 2682 Ἀσίας
359 2633 521 2677 Eckbel
560 2632 630 2676 VI
642 2648 691 2688 p.
712 2636 820 2683 211,
863 2632 1060 2674 Mionnet
1096 2629 1178 2673 IV
1189 2644 1238 2683 p.
1260 2631 1365 2679 121,
1397 2630 1492 2672 688.
1523 2630 1604 2670 689
1644 2627 1795 2682 Suppl.
1833 2627 1929 2670 VII

204 2719 252 2760 p.
272 2706 366 2754 418,
396 2706 490 2753 465,
522 2701 821 2756 Waddin9t0u‚
853 2701 986 2754 fastes
1006 2714 1054 2754 p.
1075 2702 1177 2742 122.

291 2772 347 2815 In
376 2771 619 2814 consulatu:
648 2769 697 2813 O.
728 2769 907 2812 Asinius
938 2767 1076 2810 Pollio
1107 2766 1196 2809 Dio
1225 2765 1312 2808 ind.
1340 2765 1367 2808 l.
1388 2767 1456 2816 57,
1487 2763 1606 2809 Plin.
1636 2778 1678 2807 n.
1710 2764 1749 2807 h.
1770 2767 1837 2815 33,
1857 2767 1928 2815 32,

206 2841 406 2884 Frontin.
429 2840 478 2883 de
499 2840 621 2894 aquis
639 2842 726 2882 102
747 2852 798 2881 eoe
825 2837 1101 2886 restitutione,
1130 2868 1252 2878 .....
1268 2833 1342 2877 11ἰο
1363 2833 1472 2888 fasti
1484 2832 1635 2875 Arval.
1647 2846 1661 2884 ,·
1681 2831 1728 2875 O.
1749 2831 1929 2875 Asinius

214 2910 311 2953 Tac.
341 2923 380 2953 a.
404 2912 507 2959 4,1‚
540 2908 608 2951 VI
629 2910 778 2950 10051.
809 2908 962 2956 29681,
994 2905 1042 2947 X
1067 2906 1162 2954 895,
1200 2902 1468 2954 Cassiodor.‚·
1506 2901 1614 2944 alibi
1640 2900 1778 2943 Pollio
1809 2901 1929 2954 fasti.

293 2977 342 3021 C.
373 2977 403 3020 f.
433 2976 522 3020 Dio
551 2976 639 3019 ind.
671 2976 698 3020 l.
728 2978 795 3026 57,
826 2974 940 3016 filius
971 2973 1020 3016 O.
1042 2972 1183 3015 Asinii
1204 2970 1332 3026 Galli,
1364 2985 1497 3026 nepos
1528 2969 1578 3013 O.
1600 2968 1742 3011 Asinii
1773 2968 1929 3012 Pollio-

208 3048 298 3101 nis3
338 3051 513 3103 praetor
551 3046 806 3101 peregrinus
846 3058 884 3085 a.
914 3043 970 3085 20
1000 3041 1108 3095 fasti
1134 3039 1311 3091 Arval.‚·
1349 3038 1502 3082 consul
1541 3053 1581 3080 a.
1612 3038 1667 3080 23
1703 3050 1740 3080 v.
1774 3050 1931 3092 supra;

208 3113 441 3172 proconsul
469 3113 603 3156 Asiae
641 3113 716 3155 sub
746 3112 1002 3166 imperatore
1033 3108 1147 3152 Gaio
1176 3107 1348 3151 nummi.
1369 3131 1427 3136 —
1456 3106 1529 3150 Vel
1558 3105 1617 3148 acl
1643 3105 1753 3148 hunc
1779 3104 1844 3148 vel
1873 3104 1933 3147 ad

205 3187 377 3240 patrem
405 3182 595 3237 pertinet
632 3184 661 3223 t.
698 3180 805 3224 GIA
834 3180 923 3222 III
942 3181 1024 3221 583
1068 3178 1186 3221 Γάιον
1227 3174 1386 3220 Ἀσίνιον
1426 3175 1549 3219 Γαίου
1590 3175 1675 3218 υἱὸν
1711 3174 1928 3230 στρατηγὸν

188 3250 556 3309 ἀποδεδειγμένον.
607 3249 839 3292 Praeterea
867 3248 1121 3289 memoratus
1141 3258 1226 3287 esse
1245 3243 1449 3287 videtur
1429 3257 1477 3286 in
1499 3245 1528 3286 t.
1548 3243 1715 3285 urbano
1745 3240 1814 3284 VI
1824 3243 1932 3284 1353

209 3322 275 3363 ita
311 3319 473 3370 mutilo,
510 3322 560 3361 ut
588 3317 876 3373 probabiliter
913 3314 1081 3357 restitui
1117 3315 1345 3367 nequeat.
1420 3311 1676 3367 .[Xvirum
1705 3309 1773 3352 stl.
1804 3310 1849 3351 iu
1859 3308 1930 3364 ?]d

210 3388 518 3446 q(uaestorem)
549 3387 618 3429 Ti.
650 3385 878 3441 Cae[saris]
910 3416 920 3426 .
939 3415 950 3426 .
968 3416 977 3425 .
996 3416 1006 3425 .
1037 3381 1247 3438 [frat]rem
1275 3344 1430 3423 Drusi
1445 3379 1642 3423 Caesaris
1674 3410 1795 3421 .....
