2202 3730
311 291 553 329 BRVTTIVS
1170 282 1253 325 242
1791 288 2109 326 BRYONIANVS

315 422 395 465 142
427 428 467 466 e.
503 425 744 462 BRVTTIVS
785 424 1041 460 PRAESENS
1083 418 1221 460 nescio
1261 418 1354 471 quis
1390 418 1436 460 in
1473 417 1628 472 fistulis
1658 418 1869 471 plumbeis
1901 418 1979 462 IX
2002 423 2113 462 4906

398 489 453 542 of.
480 488 699 530 Additam.
721 501 770 541 χο.
792 489 871 529 686
902 489 940 528 et
967 487 1013 529 in
1043 486 1191 541 teyulis
1219 485 1300 528 'IX
1318 500 1366 540 p.
1389 488 1480 536 686,
1511 485 1560 528 X
1569 485 1699 528 V331
1728 488 1904 540 repertis
1932 488 1978 530 in
2008 501 2112 542 ayro

402 556 606 599 Trebulae
644 555 904 598 Mutueseae,
975 554 1047 597 Vel
1086 554 1144 596 ad
1181 554 1354 596 eundem
1390 553 1454 596 vel
1494 553 1552 596 ad
1587 553 1794 597 hominem
1833 557 2112 610 cognominem

396 624 576 666 eiusdem
614 624 762 678 stirpis
787 623 1002 677 pertinere
1035 622 1228 664 videntur
1258 625 1286 665 t.
1323 622 1556 665 Trebulani
1582 636 1793 665 servorum
1822 622 2113 666 libertorumve

394 692 538 734 Brutti
570 692 815 733 Praesentis
845 691 926 733 IX
950 694 1076 741 4920,
1107 689 1153 732 C.
1185 691 1277 733 Bru
1294 723 1303 733 .
1322 723 1332 733 .
1349 723 1360 733 .
1389 693 1507 741 4915,
1541 690 1715 745 [BrJutti
1747 724 1757 734 .
1775 723 1785 733 .
1804 724 1814 734 .
1833 726 1842 735 .
1871 695 1992 734 4943.

313 761 393 802 143
422 767 466 804 L.
497 766 739 801 BRVTTIVS
771 765 1041 813 PRAESENS,
1076 758 1336 801 clarissimus
1365 759 1446 813 vir,
1479 765 1685 814 patronus
1717 758 1910 802 coloniae
1935 759 2112 803 Canusii

396 827 475 870 IX
499 829 581 869 338
611 827 753 870 album
781 826 1042 870 Canusinum
1071 841 1110 871 a.
1142 830 1242 871 223.

314 896 393 938 144
423 903 466 938 L.
498 902 740 937 BRVTTIVs
774 902 1006 947 QVINTIVS
1042 901 1314 950 CRISPINVS,
1358 894 1508 937 consul
1544 910 1583 938 a.
1617 896 1695 938 187
1738 910 1835 937 cum
1873 895 1926 939 L.
1957 896 2111 938 Roscio

395 963 589 1007 Aeliano.
623 964 894 1006 Memoratur
914 965 958 1006 in
984 963 1106 1006 titulo
1126 963 1270 1006 liberti
1290 964 1436 1018 patris
1466 963 1534 1006 VI
1547 966 1669 1014 7582,
1691 964 1768 1006 ubi
1786 963 1921 1018 plena
1939 964 2112 1006 nomina

397 1036 554 1075 extant.
585 1033 641 1074 In
662 1032 904 1074 consulatu:
932 1032 983 1074 L.
1004 1032 1201 1074 Bruttius
1223 1031 1449 1088 Crispinus
1468 1031 1517 1074 X
1534 1034 1654 1082 1784,
1686 1034 1865 1074 ceterum
1886 1031 2112 1087 Crispinus

395 1100 514 1154 fasti,
545 1101 632 1143 nisi
650 1100 760 1154 quod
784 1101 966 1154 fortasse
991 1100 1048 1142 ad
1076 1100 1185 1142 hune
1213 1103 1374 1154 spectat
1402 1099 1543 1154 teyula
1566 1100 1773 1154 inscripta
1793 1114 1861 1143 ex.
1883 1099 1955 1154 fig.
1977 1099 2111 1156 Cuspi

397 1168 546 1210 Rufini
575 1169 732 1210 Brittio
765 1183 849 1211 eos.
879 1168 1006 1211 XIV
1023 1171 1146 1219 4091,
1177 1171 1242 1211 35.
1283 1193 1339 1197 —
1381 1167 1526 1210 Filius
1568 1166 1614 1210 Ο.
1655 1167 1828 1210 Bruttii
1865 1167 2113 1211 Praesentis

396 1237 577 1279 consulis
604 1237 666 1279 II
688 1251 728 1278 a.
754 1239 835 1278 180
865 1237 918 1290 of.
949 1236 1071 1290 infra
1099 1235 1148 1278 F
1168 1238 1261 1279 355.

322 1329 381 1335 —
422 1311 466 1347 L.
512 1312 724 1348 FVLVIVS
781 1337 791 1346 .
932 1310 973 1347 C.
1019 1310 1262 1346 BRVTTIVS
1321 1310 1579 1346 PRAESENS
1630 1310 1724 1346 MIN
1862 1309 2112 1346 VALERIVS

394 1379 623 1415 MAXIMVS
664 1379 912 1414 POMPEIVS
951 1379 983 1414 L
1002 1404 1124 1415 .....
1153 1378 1351 1414 VALENS
1383 1378 1663 1414 CORNELIVS
1703 1378 1957 1414 PROOVLVS
1986 1403 2112 1415 .....

392 1448 626 1500 AQVILIVS
657 1447 894 1483 VEIENTO.

313 1511 392 1552 145
424 1510 675 1564 (BRVTTIA)
690 1515 1224 1551 CRISPINA=CRISPINA
1240 1515 1481 1552 AVGVSTA.
1504 1508 1618 1551 Filia
1629 1508 1852 1552 C.Bruttii
1866 1509 2111 1552 Praesentis
2174 1556 2176 1560 y

396 1593 481 1621 eos,
500 1579 545 1620 II
565 1593 603 1622 a.
623 1579 703 1620 180
723 1579 795 1620 vit.
821 1578 971 1620 Marci
987 1581 1057 1628 27,
1076 1580 1104 1619 8
1125 1578 1179 1631 of.
1201 1578 1265 1620 tit.
1279 1578 1424 1632 patris
1437 1578 1486 1620 X
1502 1580 1586 1620 408
1605 1581 1645 1620 et
1662 1591 1798 1632 supra
1817 1592 1858 1620 n.
1875 1581 1969 1622 141.
2000 1577 2112 1621 Cum

394 1645 555 1688 bellum
574 1646 942 1688 Marcomanieum
958 1645 1101 1687 denuo
1125 1646 1366 1700 exarsisset,
1385 1646 1559 1688 Marcus
1579 1646 1852 1702 profecturus
1876 1661 1970 1688 eam
1986 1645 2110 1689 Com-

395 1714 520 1756 modo
537 1714 625 1756 filio
643 1713 826 1756 celerius
843 1728 973 1770 quam
987 1712 1185 1755 voluerat
1204 1715 1248 1755 in
1270 1715 1591 1756 matrimonium
1616 1713 1844 1756 collocavit
1857 1713 1945 1756 Dio
1965 1717 2029 1765 71,
2044 1717 2110 1765 33,

395 1783 466 1826 vit.
490 1783 640 1824 Marci
667 1782 692 1826 l.
721 1782 747 1824 l.
781 1796 890 1824 anno
921 1783 1052 1836 iyitur
1071 1784 1165 1832 178,
1195 1796 1280 1824 non
1308 1786 1393 1824 177
1418 1786 1466 1824 ut
1493 1782 1624 1824 voluit
1640 1782 1802 1825 Eekhel
1832 1782 1928 1825 VII
1939 1778 1988 1837 p.
2009 1785 2114 1834 107,-

395 1864 524 1904 neque
553 1850 621 1892 illi
651 1863 762 1892 anno
792 1849 1069 1891 adversantur
1097 1850 1258 1891 nummi
1283 1849 1506 1904 Crispinae
1530 1853 1570 1891 et
1599 1849 1816 1892 Commodi
1840 1849 1980 1893 Coben
2004 1851 2092 1893 III
2095 1849 2113 1874 ²

393 1933 441 1973 p.
464 1921 548 1960 388
567 1931 640 1972 sq„
671 1918 746 1960 ubi
773 1917 1020 1960 Commodus
1051 1917 1205 1959 dieitur
1235 1918 1340 1973 Imp.
1363 1917 1625 1960 Commodus
1649 1917 1764 1972 Aug.
1788 1919 1935 1962 Germ.
1962 1918 2114 1972 sarm„

396 1990 435 2028 et
466 1986 782 2040 adstipulantur
810 1987 974 2028 nummi
994 1985 1283 2028 Alexandrini
1308 1985 1533 2040 Crispinae
1563 1986 1617 2039 (v.
1639 1986 1777 2042 infra)
1808 1986 1881 2039 qui
1907 1986 2118 2041 incipiunt

398 2056 450 2097 ab
482 2069 522 2097 a.
551 2068 660 2096 nono
691 2054 846 2096 decimo
879 2054 1033 2096 Marci
1060 2053 1107 2096 id
1142 2057 1202 2096 est
1232 2068 1270 2097 a.
1302 2054 1493 2097 178l179.
1549 2053 1656 2095 Inde
1687 2053 1889 2109 Crispina
1916 2053 2116 2108 Augusta

405 2123 527 2166 VIII
557 2126 679 2177 2366,
731 2122 854 2164 VIII
882 2122 928 2166 S.
959 2124 1105 2172 16530,
1138 2122 1306 2176 passim
1349 2123 1395 2164 in
1435 2122 1617 2164 nummis
1657 2121 1795 2164 Gohen
1827 2136 1874 2176 p.
1908 2124 1996 2165 382
2024 2115 2114 2176 sqq.

396 2190 612 2233 Adulterii
652 2190 899 2232 insimulata
938 2191 982 2231 in
1013 2189 1202 2246 Capreas
1242 2190 1427 2232 insulam
1466 2190 1668 2245 relegata,
1705 2190 1861 2232 deinde
1890 2190 2117 2233 interfecta

398 2265 464 2301 est
491 2258 579 2301 Dio
609 2261 677 2309 72,
709 2262 747 2302 4.
777 2283 835 2288 —-
866 2259 1135 2300 Memoratur
1163 2258 1400 2301 Herodian.
1429 2262 1467 2309 1,
1497 2261 1536 2314 8,
1567 2262 1606 2300 4.

479 2327 731 2381 Releyatam
758 2340 843 2369 esse
869 2341 961 2368 eam
987 2326 1126 2369 eodem
1155 2326 1244 2380 fere
1275 2330 1467 2381 tempore,
1495 2340 1576 2380 quo
1598 2326 1836 2368 coniuratio
1855 2325 2048 2368 Daeillae
2077 2329 2117 2368 et

399 2395 597 2438 meidii
622 2395 838 2448 Quadrati
858 2395 1088 2450 patefacta
1109 2398 1180 2445 est,
1202 2409 1253 2437 ex
1270 2394 1412 2437 Dione
1434 2397 1624 2449 apparet.
1668 2393 1928 2437 Aeeuratius
1957 2394 2118 2438 nummi

392 2463 683 2506 Alexandrini
703 2461 923 2518 Crispinae
944 2466 1102 2518 tempus
1123 2463 1328 2518 definiunt
1354 2476 1487 2506 annos
1506 2463 1730 2517 inscriptos
1748 2462 1947 2505 habentes
1968 2462 2118 2505 Marci

393 2546 549 2574 nonum
571 2532 773 2574 decimum
792 2545 919 2585 usque
951 2531 1009 2574 ad
1034 2532 1274 2573 vicesimum
1303 2531 1525 2574 seeundum
1546 2531 1619 2586 (=
1637 2529 1859 2584 181l182),·
1886 2545 1988 2574 nam
2006 2529 2118 2585 quod

396 2600 445 2641 de
483 2600 560 2642 hoe
598 2600 746 2641 ultimo
784 2599 1053 2642 dubitaverat
1090 2613 1170 2641 von
1208 2600 1364 2651 Sallet,
1409 2599 1556 2642 Daten
1596 2599 1669 2641 der
1706 2598 2116 2642 Alexandrinisehen

396 2667 732 2710 Kaisermu‘neen
753 2682 801 2722 p.
823 2672 892 2718 42,
933 2671 1089 2710 eertum
1130 2668 1361 2722 exemplum
1389 2683 1439 2710 ex
1467 2681 1606 2710 museo
1635 2667 1891 2709 Britannico
1918 2667 2114 2717 innotuit,

396 2735 588 2790 Cataloy.
615 2735 886 2778 Alexandria
903 2750 951 2790 p.
971 2739 1054 2778 180
1083 2751 1125 2781 n.
1147 2740 1268 2780 1417.
1316 2737 1468 2791 Itaque
1499 2735 1700 2790 Orispina
1729 2750 1770 2778 a.
1800 2738 1886 2779 182
1915 2735 2018 2778 aula
2047 2748 2115 2777 ex-

390 2803 522 2858 pulsa
553 2806 624 2846 est.

315 2871 395 2914 146
426 2872 599 2925 Brutus,
634 2872 796 2913 amicus
828 2871 986 2926 Ovidii,
1018 2872 1072 2914 ad
1103 2887 1232 2929 quem
1266 2873 1437 2928 scripsit
1464 2886 1515 2914 ex
1542 2870 1679 2914 Ponto
1708 2874 1748 2922 1,
1778 2874 1828 2923 1,-
1853 2873 1894 2922 3,
1924 2873 1976 2922 9;
2001 2873 2042 2921 4,
2066 2872 2094 2913 6
2101 2882 2116 2922 ;
2179 2897 2184 2900 ⁴

393 2939 579 2981 Brutum
616 2939 662 2981 in
702 2940 841 2981 eausis
883 2940 1056 2994 ayendis
1084 2943 1295 2983 versatum
1326 2953 1410 2982 esse
1440 2942 1620 2994 apparet
1649 2953 1699 2982 ex
1726 2943 1765 2990 4,
1797 2942 1836 2981 6.
1866 2941 1924 2982 29
1941 2951 2026 2992 sqq.
2058 2961 2111 2968 —

394 3006 591 3048 Absurde
621 3007 792 3060 quidam
820 3007 929 3049 hune
950 3007 1135 3050 Brutum
1156 3008 1326 3050 eundem
1347 3021 1432 3050 esse
1452 3010 1688 3051 statuerunt
1708 3010 1831 3061 atque
1853 3006 1918 3049 M.
1939 3006 2114 3049 Iunium

395 3075 593 3118 Silanum
627 3088 709 3116 eos.
741 3089 780 3118 a.
805 3078 858 3117 15
878 3090 927 3130 10.
957 3075 1028 3128 0.;
1058 3077 1240 3131 ooyitari
1258 3078 1402 3131 potest
1431 3076 1480 3118 de
1508 3067 1733 3118 Bruttedio
1762 3075 1914 3118 Bruto.

322 3167 380 3173 —
422 3142 675 3185 Bruttedius
706 3143 877 3186 Brutus.

312 3210 392 3253 147
425 3211 698 3266 Bryonianus
719 3210 940 3253 Lollianus
962 3211 1134 3266 publice
1153 3212 1385 3255 honoratus
1403 3214 1430 3254 t.
1454 3211 1586 3255 Sidae
1604 3211 1651 3253 in
1672 3210 1930 3265 Pamphylia
1947 3211 2112 3264 reperto

394 3279 724 3328 Lanekorooiski‚
767 3278 916 3321 Stadte
946 3279 1247 3335 Pamphyliens
1274 3279 1364 3323 und
1392 3279 1607 3322 Pisidiens
1636 3279 1670 3321 I
1682 3293 1731 3333 p.
1757 3280 1837 3321 185
1864 3291 1906 3322 n.
1927 3280 2012 3320 107
2037 3277 2110 3333 (1),

392 3347 469 3388 ubi
506 3346 694 3388 traditur
736 3345 977 3402 Βριωνιανὸν
1018 3348 1238 3392 Λολλιανὸν
1278 3349 1361 3403 τ[ὸν
1403 3346 1620 3404 κράτιστον]
1671 3348 1924 3404 δουκηνάριον
1968 3361 2113 3403 πρειμι-
