2202 3730
138 272 375 310 BELLIGIV
376 275 400 310 S
999 273 1082 315 235
1681 281 1943 318 BELLICIVS

218 416 319 467 post
363 405 629 463 adoptionem
676 409 808 463 fuisse
851 409 904 451 L.
944 409 1173 452 Bellicium
1218 410 1448 454 Sollertem
1490 411 1798 466 Augustanum
1842 412 1946 466 (sive

225 477 564 536 Augustianum)
597 476 802 533 Alpinum
835 478 1052 520 coniciam.

305 548 392 604 [Ti.
424 544 652 601 Claudius]
682 544 868 601 Alpinus
898 549 926 590 t.
956 550 996 597 1,
1027 546 1232 589 Bellicius
1265 547 1425 590 Sollers
1455 550 1485 590 t.
1506 551 1550 592 2.
1574 551 1614 599 3,
1646 548 1945 603 Augustianus

222 616 411 658 Bellicus
433 619 461 658 t.
483 619 522 665 4,
545 613 704 657 Sollers
727 613 915 656 Plinius.
935 639 986 644 -
1010 614 1077 658 Ti.
1099 615 1141 669 f.,
1164 614 1281 657 tribu
1302 615 1425 668 Quir.
1449 618 1477 659 t.
1496 620 1544 668 1,·
1564 614 1677 659 filius
1698 616 1943 672 (naturalis)

220 683 356 740 [Ti]b.
398 683 570 726 Claudii
610 681 856 736 Augustani
896 685 925 724 t.
960 686 1012 734 2,·
1059 683 1304 739 praefectus
1353 683 1446 726 alae
1487 684 1701 739 Gallicae,
1744 685 1943 727 tribunus

220 752 401 806 legionis
422 752 468 794 II
489 750 727 803 Augustae,
754 750 996 806 praefectus
1018 750 1204 793 cohortis
1224 751 1270 793 II
1289 753 1531 808 praetoriae
1552 750 1800 804 (auxiliaris
1818 767 1943 807 quae-

221 820 320 862 dam
349 819 590 875 siqniticari
617 818 794 868 violetur,
836 832 929 860 eum
950 819 1245 873 praetorianis
1273 820 1576 874 imperatorum
1591 825 1839 875 praeessent
1868 823 1943 864 tri—

222 888 353 943 bum),
377 888 500 930 donis
521 885 680 930 donato
705 886 818 929 bello
841 887 1100 930 Germanico
1122 886 1384 942 (Domitiani
1399 891 1448 931 ut
1465 889 1645 943 videtur)
1667 893 1694 932 t.
1711 894 1749 932 1.
1788 890 1944 933 Postea

221 955 448 1010 adoptatus
469 970 497 997 a
517 954 697 997 Bellieio
720 954 899 997 Sollerte
918 956 1057 997 neseio
1077 969 1157 1009 quo
1180 963 1434 1012 procurator
1454 957 1641 1012 Augusti
1662 958 1943 1012 (Dalmatiae)

219 1027 248 1066 t.
277 1015 317 1074 4,
357 1023 503 1066 deinde
532 1023 579 1064 in
610 1021 799 1064 ordinem
829 1022 1134 1077 amplissimum
1165 1023 1354 1066 adlectus
1381 1028 1453 1067 est.
1509 1026 1592 1068 Vir
1621 1027 1882 1082 praetorius3
1918 1043 1944 1069 a

219 1098 375 1134 senatu
397 1093 533 1148 petiit,
554 1097 603 1132 ut
624 1090 706 1132 sibi
726 1091 951 1132 instituere
970 1091 1186 1134 nundinas
1208 1093 1252 1134 in
1273 1093 1388 1147 agris
1408 1094 1496 1135 suis
1518 1092 1581 1145 (in
1599 1095 1766 1149 reyione
1786 1094 1942 1137 Trans-

220 1160 399 1213 padana
427 1159 537 1214 sitis)
568 1159 910 1215 permitteretur3
942 1165 1091 1201 contra
1117 1159 1323 1203 dixerunt
1350 1160 1481 1216 legati
1502 1162 1802 1205 Vicetinorum
1821 1162 1941 1205 Plin.

219 1228 338 1282 epist,
355 1231 395 1279 5,
415 1232 443 1270 4
474 1228 528 1282 ef.
550 1230 590 1277 5,
612 1229 666 1269 13
695 1227 857 1281 (script.
881 1240 991 1269 anno
1021 1228 1110 1281 fere
1130 1227 1240 1282 105).
1287 1228 1449 1272 Consul
1481 1233 1508 1271 t.
1529 1233 1569 1281 3,
1600 1229 1802 1282 suffectus
1831 1245 1943 1273 anno

219 1297 376 1338 incerto
404 1296 479 1338 sub
517 1295 721 1338 Traiano.
751 1319 810 1325 —-
838 1293 1025 1337 Claudia
1054 1296 1122 1337 Ti.
1154 1295 1183 1338 f.
1214 1296 1470 1338 Marcellina
1501 1312 1622 1349 uxor*
1643 1301 1671 1341 t.
1701 1302 1740 1343 1.
1770 1302 1814 1343 2.
1844 1302 1884 1341 3.

302 1361 378 1406 Ad
403 1364 526 1406 hune
545 1363 703 1417 referri
732 1365 915 1417 possunt
953 1363 1115 1417 teyulae
1152 1364 1346 1406 urbanae
1384 1363 1483 1407 XV
1504 1368 1591 1407 887
1618 1365 1848 1420 inseripme
1887 1381 1942 1408 ex

220 1430 248 1472 f.
279 1431 332 1474 L.
363 1431 518 1474 Bellici
548 1431 745 1474 Sollertis
774 1430 838 1473 vel
866 1431 918 1473 L.
950 1431 1105 1473 Vellici
1138 1431 1333 1474 Sollertis
1362 1433 1427 1475 vel
1455 1433 1507 1476 L.
1539 1433 1697 1476 Vellici
1726 1434 1852 1489 soll„
1885 1435 1940 1488 ef.

216 1501 302 1542 888
330 1500 385 1542 de
414 1500 586 1557 praedis
615 1500 667 1542 L.
699 1500 748 1542 B.
781 1499 825 1542 S.
857 1513 1066 1541 annorum
1092 1503 1190 1543 123.
1220 1504 1316 1544 125.
1347 1505 1445 1544 126.

131 1603 189 1608 -
220 1611 346 1622 .....
365 1586 472 1622 CIVS
513 1585 720 1621 DEXTER
758 1578 1101 1634 AVGVS[TANVS
1142 1580 1372 1635 ALPINJVS
1412 1587 1675 1624 BELLICIVS
1719 1588 1940 1624 SOLLERS

215 1654 454 1691 METILIVS
487 1682 614 1692 .....
631 1654 689 1690 VS
720 1654 1038 1690 RVTILIANVS.

133 1752 187 1757 —
218 1734 261 1779 Q.
303 1734 551 1771 POMPEIVS
599 1734 813 1771 SENECIO
858 1734 1064 1770 ROSCIVS
1110 1735 1326 1771 MVRENA
1373 1735 1584 1772 COELIVS
1626 1737 1733 1775 SEX.
1774 1737 1940 1772 IVLIVS

216 1802 500 1839 FRONTINVS
533 1803 691 1839 SILIVS
723 1802 976 1839 DECIANVS
1008 1803 1048 1840 C.
1081 1804 1246 1840 IVLIVS
1277 1804 1539 1840 EVRYCLES
1570 1805 1940 1841 HERCVLANEVS

216 1871 259 1908 L.
306 1871 570 1907 VIBVLLIVS
618 1871 729 1907 PIVS
777 1871 1105 1907 AVGVSTANVS
1150 1872 1364 1908 ALPINVS
1410 1873 1672 1909 BELLICIVS
1721 1873 1940 1909 SOLLERS

123 1971 132 1973 ,
216 1938 382 1975 IVLIVS
423 1939 556 1975 APER
595 1939 846 1975 DVCENIVS
887 1939 1144 1976 PROCVLVS
1185 1940 1488 1977 RVTILIANVS
1529 1941 1745 1977 RVFINVS
1782 1942 1940 1977 SILIVS

217 2007 414 2044 VALENS
445 2008 695 2044 VALERIVS
734 2007 892 2043 NIGER
930 2008 1004 2044 CL.
1035 2009 1221 2045 FVSCVS
1255 2010 1383 2045 SAXA
1412 2010 1740 2047 AMYNTIANVS
1773 2010 1940 2047 SOSIVS

215 2075 432 2113 PRISCVS.

132 2148 187 2190 86
219 2154 260 2191 G.
301 2155 565 2192 BELLIGIVS
606 2155 923 2204 TORQVATVS,
968 2149 1117 2193 consul
1156 2166 1194 2194 a.
1228 2152 1308 2194 143
1349 2166 1447 2193 cum
1477 2151 1544 2195 Ti.
1577 2151 1759 2195 Claudio
1795 2151 1940 2194 Attico

217 2217 408 2259 Herode.
443 2218 500 2260 In
523 2217 766 2260 consulatu:
787 2217 835 2261 O.
857 2217 1061 2260 Bellicius
1083 2219 1330 2275 Torquatus
1353 2219 1422 2262 VI
1432 2223 1591 2263 20217.
1611 2223 1765 2263 24162.
1788 2222 1939 2270 29335,

215 2284 296 2327 XI
300 2284 487 2337 V3692;
518 2289 697 2328 ceterum
721 2285 970 2342 Torquatus
999 2287 1117 2340 fasti.

131 2363 185 2405 87
218 2369 258 2408 C.
289 2371 554 2407 BELLICIVS
595 2371 910 2420 TORQVATVS,
953 2366 1103 2408 consul
1142 2382 1179 2409 a.
1215 2368 1294 2409 148
1337 2382 1438 2410 cum
1478 2369 1527 2410 P.
1569 2368 1716 2411 Salvio
1757 2367 1938 2410 Iuliano.

217 2431 274 2474 In
304 2433 546 2475 consulatu:
577 2433 624 2476 O.
648 2432 855 2475 Bellicius
885 2435 1134 2490 Torquatus
1165 2434 1232 2477 VI
1252 2438 1347 2486 375,
1377 2436 1459 2478 XI
1479 2439 1601 2487 3778,
1634 2440 1813 2479 ceterum
1834 2436 1939 2477 Tor-

217 2507 373 2556 quatus
403 2501 522 2555 fasti.
1335 2519 1339 2522 ⁴

131 2580 185 2621 88
218 2586 258 2622 e.
300 2587 561 2624 BELLIclvs
611 2582 714 2636 (sive
757 2583 1019 2637 BELLIcvs)
1065 2589 1358 2634 TORQVATVS
1402 2590 1743 2638 TERANLANVS,
1791 2582 1940 2625 consul

217 2663 255 2690 a.
289 2650 371 2692 124
410 2651 596 2706 primum
640 2665 738 2692 cum
778 2651 854 2692 Μ’.
894 2651 1036 2693 Acilio
1079 2651 1338 2706 Glabrione,
1380 2652 1482 2694 dein
1522 2665 1618 2694 cum
1658 2653 1726 2694 Ti.
1757 2651 1936 2694 Claudio

219 2716 375 2760 Attico.
435 2718 491 2760 In
521 2718 764 2761 consulatu:
797 2718 846 2762 G.
877 2719 1083 2761 Bellicius
1113 2720 1360 2776 Torquatus
1391 2720 1460 2763 VI
1479 2724 1626 2763 10048.
1657 2720 1784 2763 XIV
1803 2721 1916 2762 3692
1926 2731 1939 2769 ;

218 2784 266 2827 C.
298 2785 490 2828 Bellicus
521 2788 769 2843 Torquatus
799 2787 925 2842 XIV
944 2791 1022 2839 51;
1052 2789 1159 2844 Γαίῳ
1190 2821 1228 2830 ..
1248 2821 1286 2830 ..
1327 2788 1602 2846 [Τηβ]ανιανῷ
1640 2789 1839 2832 Μουσεῖον
1876 2790 1939 2830 καὶ

218 2854 448 2911 βιβλιοθήκῃ
491 2860 561 2912 τῆς
600 2857 855 2913 εὐαγγελικῆς
891 2860 1043 2913 σχολῆς
1081 2860 1189 2899 1875
1229 2860 1255 2898 t.
1285 2858 1320 2899 I
1341 2872 1390 2911 p.
1413 2861 1465 2900 91
1493 2872 1535 2902 n.
1558 2861 1610 2900 75
1621 2871 1634 2909 ;
1663 2857 1939 2899 Tebanianus

216 2921 385 2964 Annali
413 2923 490 2966 del'
516 2924 719 2966 Instituta
757 2924 905 2967 XLII
927 2939 974 2979 p.
1001 2927 1086 2967 183
1117 2939 1159 2967 n.
1185 2928 1306 2978 181,
1326 2925 1432 2968 Teb.
1471 2926 1556 2970 ibd.
1579 2940 1628 2980 p.
1657 2928 1737 2968 190
1766 2939 1807 2966 n.
1838 2927 1936 2967 257.

220 2989 413 3033 Ceterum
442 2993 688 3048 Torquatus
718 2994 836 3047 fasti.
864 3018 922 3022 —
958 2993 1173 3036 Incertum
1211 2997 1271 3036 est
1306 3008 1407 3036 num
1437 2994 1495 3037 ad
1522 2995 1631 3037 hunc
1660 2995 1879 3049 pertineat
1909 2997 1937 3035 t.

218 3058 478 3113 Bulyaricus
497 3060 1189 3116 Archaoloyiseh-F492'9raphiseke
1211 3062 1539 3118 Mittheelunyen
1569 3077 1647 3105 aus
1681 3062 1938 3106 Oesterreieh

216 3126 395 3183 XVIII
431 3129 572 3184 (1895)
604 3143 652 3183 p.
689 3132 770 3172 111
808 3143 849 3173 n.
887 3133 941 3171 16
986 3128 1183 3173 Βελλικίω
1225 3130 1478 3187 Τορκ[ουάτω
1523 3131 1774 3189 Τηβα]νιανῶ
1815 3133 1859 3174 τὸ
1902 3129 1936 3188 β’

207 3194 315 3250 νκ[ᾳι’]
335 3227 510 3247 .......
525 3201 527 3203 ’
551 3198 616 3239 ita
654 3200 702 3239 ut
739 3198 980 3240 iterationis
1016 3201 1119 3240 nota
1158 3198 1270 3252 falso
1311 3199 1462 3242 addita
1499 3201 1568 3242 sit.
1628 3200 1685 3242 Id
1713 3199 1823 3254 quod
1850 3199 1940 3241 veri

215 3263 353 3306 simzle
381 3264 517 3307 videri
541 3268 703 3319 potest,
745 3279 837 3307 eum
878 3266 1045 3308 omnino
1074 3265 1301 3309 Bellieium
1337 3269 1541 3311 neminem
1572 3269 1645 3323 qui
1674 3268 1807 3311 altero
1843 3282 1937 3310 eon-

216 3331 359 3374 sulatu
388 3333 559 3386 functus
588 3333 645 3375 sit
671 3347 800 3387 usque
830 3333 968 3376 adhuc
998 3335 1208 3388 eoynitum
1236 3335 1479 3390 habeamus.
