2202 3730
279 286 587 323 CALPVRNIVS
1136 278 1221 320 284
1767 284 2075 321 CALPVRNIVS

359 419 487 458 misso
530 417 573 457 in
615 429 710 456 eam
751 429 841 455 rem
881 413 1022 467 legato
1064 412 1240 455 tradidit
1267 412 1356 455 Dio
1383 415 1450 464 59,
1480 417 1538 457 20
1570 414 1737 469 (contra
1771 412 1941 457 Tacitus
1979 414 2075 458 hist.

359 488 397 534 4,
415 487 469 526 48
490 483 536 525 icl
554 484 714 536 factum
736 495 821 524 esse
842 496 870 523 a
887 480 1002 524 Gaio
1021 481 1204 535 scripsit,
1226 495 1319 523 cum
1335 481 1401 524 M.
1418 481 1596 525 Silanus
1607 482 1808 536 Africam
1827 482 2077 537 reymest—

362 553 412 593 L.
434 552 547 605 Piso,
570 557 692 606 pater
713 550 880 591 Pisonis
912 549 1025 591 illius
1056 550 1130 604 qui
1161 564 1187 591 a
1207 548 1383 591 Valerio
1404 550 1533 592 Festo
1564 551 1607 591 in
1628 550 1778 592 Africa
1807 551 1974 604 opeisus
2002 557 2077 604 est,

362 620 504 660 dieere
544 618 707 660 solebat
746 618 963 658 neminem
994 632 1039 658 se
1068 616 1218 658 videre
1249 618 1292 658 in
1324 624 1487 672 senatu,
1525 632 1654 673 quem
1685 618 1835 660 consul
1864 619 1956 674 ipse
1986 632 2078 659 sen-

362 688 535 728 tentiam
569 686 808 739 rogavisset
836 683 955 726 Plin.
979 684 1096 738 epist.
1116 687 1155 734 3,
1181 688 1217 735 7,
1240 687 1308 735 12,
1333 688 1464 739 pater
1494 699 1590 739 erqo
1621 686 1673 728 L.
1701 685 1929 741 Calpurnii
1957 686 2079 728 Piso-

359 755 426 796 nis
456 753 637 796 consulis
668 767 707 795 a.
739 755 804 795 57.

277 824 359 865 238
390 829 435 864 L.
468 827 776 863 CALPVRNIVS
810 827 929 874 PISO,
964 820 1113 862 consul
1144 836 1182 863 a.
1215 821 1267 863 57
1301 836 1397 863 eum
1427 822 1599 863 Nerone
1629 822 1685 863 II.
1739 822 2007 864 Memoratur
2035 822 2080 864 in

360 891 465 932 actis
495 889 722 931 Arvalium
762 903 800 933 a.
830 892 896 931 57.
928 891 994 931 58.
1024 891 1091 931 59.
1121 892 1187 931 60.
1219 892 1272 930 63
1309 889 1372 932 VI
1398 893 1521 933 2039.
1552 893 1678 932 2041.
1709 893 1838 933 2042.
1862 893 1992 933 2043.
2023 914 2079 919 —-

361 959 416 1000 In
447 957 686 1000 consulatu:
716 957 767 999 L.
794 956 1059 1013 Calpurnius
1091 957 1190 999 Piso
1222 957 1290 999 VI
1301 960 1395 1000 845.
1416 960 1508 1008 853,
1540 958 1588 1000 Χ
1603 960 1725 1008 5204,
1758 958 1907 1000 tabula
1937 961 2082 1000 cerata

361 1026 625 1080 Pompeiana
654 1028 725 1075 28,
759 1026 807 1068 L.
841 1025 1104 1081 Calpurnius
1137 1026 1219 1068 tab.
1253 1029 1419 1068 23—27.
1448 1028 1513 1076 30,
1542 1026 1592 1068 L.
1618 1027 1714 1067 Piso
1742 1027 1841 1069 Tac.
1863 1041 1903 1070 a.
1926 1029 1989 1076 13,
2013 1029 2079 1076 31,

359 1098 536 1136 ceterum
566 1094 666 1136 Piso
700 1094 817 1147 fasti.
842 1117 894 1122 ——
920 1093 968 1135 L.
994 1093 1258 1150 Calpurnius
1279 1094 1379 1135 Piso
1409 1094 1494 1135 sive
1523 1094 1573 1137 L.
1596 1095 1696 1136 Piso
1725 1098 1823 1136 acta
1842 1094 2080 1143 Arvalium,

361 1162 477 1216 apucl
504 1163 731 1216 scriptores
760 1162 809 1204 L.
843 1162 942 1203 Piso
973 1162 1056 1204 sive
1086 1162 1202 1204 Piso.

446 1231 497 1273 L.
529 1230 556 1271 f.
587 1244 748 1285 semper
780 1230 953 1273 additur
983 1231 1028 1272 in
1059 1231 1166 1272 actis
1195 1230 1422 1272 Arvalium
1453 1230 1511 1272 acl
1539 1230 1875 1284 ‹listinyuenolum
1905 1245 1997 1273 eum
2027 1231 2081 1272 ab

361 1299 524 1341 homine
545 1299 808 1353 coynomine;
828 1298 943 1353 filius
962 1298 1127 1340 videtur
1147 1299 1198 1341 L.
1222 1298 1395 1340 Pisonis
1415 1299 1503 1341 eius
1525 1300 1597 1353 qui
1615 1299 1698 1352 suit
1717 1299 1859 1341 consul
1879 1314 1918 1341 a.
1940 1301 2011 1342 27.
2026 1323 2083 1328 —

364 1367 527 1410 Consul
555 1367 805 1421 designatus
849 1383 886 1408 a.
919 1368 972 1410 56
1010 1368 1107 1409 Tae.
1132 1382 1171 1409 a.
1196 1370 1261 1418 13,
1283 1370 1353 1418 28,
1388 1366 1538 1409 consul
1567 1382 1605 1411 a.
1625 1358 1690 1409 '57
1722 1368 1839 1421 fasti.
1898 1367 2084 1410 curator

362 1450 572 1490 aquarum
603 1435 704 1478 inde
733 1436 788 1478 ab
819 1451 931 1478 anno
955 1436 1010 1478 60
1038 1451 1175 1491 usque
1205 1435 1260 1477 ad
1291 1450 1451 1477 annum
1472 1436 1527 1478 63
1548 1435 1746 1479 Frontin.
1769 1435 1819 1478 cle
1840 1437 1962 1490 aquis
1983 1439 2080 1479 102.

362 1503 416 1545 A.
449 1504 503 1546 62
535 1519 633 1545 eum
665 1503 834 1546 duobus
866 1503 961 1546 aliis
993 1503 1291 1546 consularibus
1323 1519 1349 1545 a
1378 1503 1551 1545 Nerone
1581 1503 1868 1558 vectigalibus
1898 1502 2082 1559 publicis

362 1573 633 1628 praepositus
666 1579 729 1613 est
766 1572 862 1615 Tac.
887 1586 925 1614 a.
947 1575 1013 1622 15,
1035 1574 1104 1614 18.
1154 1572 1208 1614 A.
1240 1572 1295 1614 69
1325 1571 1555 1628 proconsul
1585 1571 1779 1614 Africam
1811 1573 1935 1627 rexit,
1968 1573 2084 1614 eirca
2111 1577 2113 1579 ’

366 1639 575 1681 kalendas
598 1641 821 1682 Ianuarias
843 1655 879 1682 a.
905 1641 958 1683 70
981 1640 1173 1682 Africam
1197 1640 1429 1682 descivisse
1449 1656 1517 1682 res
1539 1655 1673 1683 novas
1704 1640 1903 1682 moliente
1926 1640 2083 1682 Pisone

363 1709 542 1749 Romam
573 1709 815 1750 nuntiatum
838 1715 902 1750 est
927 1708 1046 1750 falsis
1068 1708 1326 1763 rumoribus,
1350 1724 1444 1751 eum
1468 1709 1568 1751 Piso
1589 1723 1862 1765 nequaquam
1884 1707 2083 1750 turbidus

365 1777 535 1830 ingenio
560 1783 670 1818 esset
696 1777 792 1819 Tac.
810 1777 849 1819 h.
870 1780 908 1827 4,
931 1779 999 1821 38.
1033 1776 1124 1820 Sub
1144 1777 1313 1819 initium
1335 1792 1372 1819 a.
1387 1777 1440 1819 70
1463 1777 1726 1831 Carthagine
1747 1777 1907 1819 scelere
1918 1775 2081 1819 Valerii

363 1845 480 1885 Festi
503 1844 634 1898 legati
654 1845 886 1886 Numidiae
908 1845 1159 1888 interfectus
1182 1852 1245 1887 est
1266 1845 1351 1888 ibd.
1372 1849 1411 1896 4,
1432 1848 1587 1895 48-50,
1611 1845 1730 1888 Plin.
1752 1846 1868 1900 epist.
1887 1848 1927 1895 3,
1951 1848 1988 1894 7,
2012 1847 2081 1888 12.

449 1913 608 1954 Romae
640 1912 773 1954 frater
802 1912 978 1954 Arvalis
1010 1913 1148 1955 adfuit
1178 1914 1221 1954 in
1252 1912 1432 1967 collegio
1465 1928 1504 1955 a.
1526 1916 1593 1958 57.
1623 1916 1689 1963 58.
1719 1916 1787 1956 59.
1812 1916 1876 1956 60.
1903 1916 1956 1954 63
1986 1915 2084 1954 acta

363 1980 600 2024 Arvalium.
650 2006 701 2011 -
753 1980 1053 2037 (Calpurnius)
1101 1980 1358 2025 Galerianus
1403 1981 1685 2024 consobrinus
1731 1982 1822 2023 eius
1864 1995 2083 2037 generque

369 2048 466 2090 Tac.
498 2049 537 2092 h.
568 2053 606 2099 4,
637 2052 703 2092 49.

450 2115 669 2158 Consulem
690 2131 728 2160 a.
740 2120 796 2159 57
806 2120 976 2171 patrem
996 2117 1127 2171 fuisse
1139 2117 1408 2171 proconsulis
1425 2131 1465 2160 a.
1479 2118 1604 2160 69s70
1618 2120 1857 2160 statuerunt
1876 2118 1924 2161 de
1947 2109 2022 2161 Vit
2034 2119 2080 2162 in

366 2184 631 2226 Onomastico
653 2185 714 2227 II
718 2200 766 2239 p.
782 2188 849 2235 86,
871 2186 943 2238 qui
965 2185 1081 2239 apud
1098 2185 1295 2228 Plinium
1315 2186 1432 2240 epist.
1448 2188 1487 2236 3,
1506 2189 1543 2235 7,
1561 2189 1619 2229 12
1639 2186 1689 2228 L.
1702 2185 1899 2229 Pisonem
1911 2190 2082 2242 patrem

363 2266 412 2293 ex
443 2255 634 2294 contcoetu
672 2252 991 2307 intelleyendum
1022 2266 1107 2295 esse
1134 2267 1264 2295 unum
1295 2267 1346 2295 ex
1380 2253 1672 2295 consularibus
1703 2253 1964 2297 Neronianis
1995 2255 2082 2309 opi-

361 2323 503 2370 natur,
527 2323 566 2361 et
587 2320 832 2374 Nipperdey
854 2320 912 2363 acl
930 2321 1029 2363 Tac.
1052 2335 1090 2365 a.
1114 2324 1178 2372 13,
1200 2324 1260 2364 28
1279 2322 1444 2363 ratione
1464 2336 1548 2364 non
1567 2321 1771 2364 indicata.
1803 2323 1866 2365 At
1883 2323 2081 2377 quoniam

364 2391 500 2430 aetate
532 2388 715 2430 Neronis
754 2389 865 2430 inter
904 2389 1164 2432 consulatum
1195 2393 1234 2431 et
1267 2389 1616 2443 proconsulatum
1655 2390 1913 2433 consularem
1946 2390 2082 2433 decern

359 2456 555 2510 pluresve
585 2457 690 2498 anni
718 2457 1042 2507 intercedebant,
1076 2457 1191 2500 nullo
1220 2457 1341 2500 modo
1372 2457 1516 2500 consul
1543 2472 1583 2501 a.
1603 2461 1659 2500 57
1678 2459 1823 2512 potuit
1841 2462 1971 2513 pater
1998 2472 2083 2502 esse

279 2542 283 2545 ’
360 2524 628 2578 proconsulis
659 2539 698 2566 a.
728 2528 792 2575 69,
825 2525 898 2567 secl
924 2526 1014 2568 veri
1047 2525 1306 2568 simillimum
1337 2529 1397 2568 est
1422 2525 1532 2568 hune
1563 2539 1648 2568 esse
1677 2527 1849 2569 eundem
1877 2527 2082 2570 hominem

367 2596 488 2645 atque
511 2592 645 2634 illum.
685 2592 856 2635 Plinius
877 2597 1016 2635 autem
1033 2597 1260 2648 postquam
1281 2595 1471 2648 eoeposuit
1488 2593 1650 2636 nullum
1679 2595 1767 2636 iam
1794 2608 2006 2649 superesse
2035 2608 2085 2636 eat

364 2659 658 2717 consularibus
689 2659 951 2703 Neronianis
979 2676 1024 2704 eo
1056 2665 1236 2716 tempore
1263 2676 1344 2715 quo
1378 2662 1588 2704 scribebat
1617 2663 1906 2717 epistulam-3,
1938 2665 1994 2705 17
2021 2662 2085 2718 (id

368 2731 427 2769 est
458 2728 573 2769 circa
604 2743 643 2772 a.
672 2729 782 2782 101),
810 2730 948 2784 pcryit
980 2737 1255 2786 ‘quamquam
1287 2729 1392 2786 quid
1423 2729 1503 2772 hoe
1533 2730 1695 2772 miror?
1727 2746 1866 2786 nuper
1895 2731 1944 2773 L.
1969 2731 2079 2784 Piso,

368 2802 488 2850 pater
532 2795 666 2850 illius,
719 2798 791 2852 qui
843 2813 868 2839 a
906 2797 1081 2848 Valerio
1129 2799 1255 2841 Festo
1306 2798 1351 2839 in
1390 2798 1542 2841 Africa
1592 2798 1756 2840 occisus
1805 2805 1890 2853 est,
1940 2798 2083 2841 dicere

366 2862 529 2905 solebat
568 2864 780 2906 neminem
823 2881 867 2906 se
897 2866 1046 2908 videre
1076 2867 1119 2908 in
1151 2873 1327 2918 senatu,
1365 2881 1493 2922 quem
1524 2866 1672 2908 eonsul
1703 2868 1795 2922 ipse
1824 2867 2098 2924 sententiam-

366 2932 638 2984 rogavisset'.
701 2932 871 2975 Scilicet
914 2948 999 2976 non
1041 2935 1194 2976 mirum
1239 2947 1324 2976 esse
1357 2928 1460 2988 post
1504 2935 1683 2988 triyinta
1725 2935 1813 2988 fere
1856 2949 1990 2978 annos
2032 2949 2083 2978 ex

367 2998 658 3041 consularibus
689 3001 952 3044 Neronianis
980 3002 1142 3044 nullum
1172 3016 1404 3056 superesse,
1447 3016 1539 3044 cum
1567 3002 1631 3044 vel
1669 3002 1716 3044 id
1755 3003 1994 3053 accidisset,
2034 3006 2081 3045 ut
2151 3046 2154 3050 ,

367 3080 504 3108 omnes
532 3068 620 3120 fere
650 3072 864 3111 senatores
894 3071 965 3123 qui
992 3071 1164 3124 fuerant
1192 3071 1306 3112 eirca
1328 3085 1366 3114 a.
1390 3074 1450 3113 27
1467 3071 1513 3113 in
1533 3074 1693 3121 senatu,
1717 3085 1799 3125 per
1817 3072 1928 3114 vitae
1955 3072 2082 3114 unius

365 3133 545 3175 hominis
565 3136 748 3188 spatium
773 3141 1042 3180 morerentur.
1095 3138 1240 3191 Neque
1261 3141 1438 3192 propter
1466 3139 1712 3181 vocabulum
1736 3146 1903 3195 ‘nuper‘
1928 3139 2082 3181 (lictum

367 3201 476 3243 illusl
506 3202 676 3244 Pisonis
707 3204 764 3245 ad
794 3208 952 3259 tempus
981 3220 1059 3260 quo
1089 3206 1264 3248 Plinius
1292 3207 1474 3260 scripsit,
1503 3207 1661 3260 referri
1690 3207 1806 3250 debet
1833 3221 1907 3250 nec
1927 3209 2079 3261 potest,

366 3270 559 3322 quoniam
603 3285 647 3312 eo
685 3273 884 3314 vocabulo
929 3287 996 3315 res
1034 3274 1097 3316 vel
1137 3278 1233 3316 ante
1273 3274 1483 3316 saeculum
1524 3278 1643 3317 aetas
1683 3275 1924 3330 siqnificari
1962 3288 2081 3318 nemo

365 3338 507 3381 nescit.
