2202 3730
143 268 406 305 ANTISTIVS
1019 264 1074 307 87
1689 270 1759 306 AN
1761 270 1955 307 TISTIVS

229 401 376 456 ficans,
399 400 641 455 Porphyrio
660 401 872 456 (similiter
890 400 1007 443 Acro
1028 404 1069 443 et
1085 401 1318 444 scholiasta
1343 399 1488 456 (ἶνας.)
1518 400 1682 444 rettulit
1704 401 1763 444 ad
1782 401 1848 446 Μ.
1865 401 1957 444 An-

226 471 388 513 tistium
416 470 668 512 Labeone-m.
726 469 832 512 Cum
870 484 1095 525 coynomen
1123 471 1338 513 Labeonis
1362 473 1411 512 ut
1435 484 1522 513 non
1549 470 1746 525 vulyare‚
1781 471 1846 513 ita
1873 484 1959 513 non

227 539 285 581 sit
309 538 540 593 sinqulare,
570 539 775 580 incertum
805 542 877 589 est,
908 553 1010 580 num
1040 539 1184 581 Labeo
1212 539 1386 593 quidam
1415 554 1436 581 e
1462 542 1584 594 yente
1602 539 1799 582 Antistia
1826 540 1957 594 siqni-

226 608 400 662 ficetum
438 606 550 660 quod
586 607 626 649 si
655 610 861 661 ponatur,
903 622 954 649 ex
993 611 1225 662 temporum
1262 608 1431 650 ratione
1461 607 1511 650 de
1541 608 1731 651 Pacuvio
1759 609 1958 651 Labeone

227 675 502 730 probabilius
540 675 723 730 coyitari
751 677 891 729 possit
918 690 1045 729 quam
1075 676 1125 719 de
1154 676 1259 731 filio.
1286 701 1343 706 —-
1371 676 1635 719 Nominatur
1665 676 1781 731 apud
1810 676 1958 719 Petro-

227 745 344 786 nium
365 746 449 786 137
475 743 538 797 (in
567 743 770 798 carmine)
804 751 950 800 ‘atque
981 751 1071 787 esto
1102 744 1310 801 quicquid
1341 745 1520 788 Servius
1550 752 1594 788 et
1622 745 1803 789 Labeo'.

143 814 225 856 595
257 811 355 854 Tib.
376 811 592 854 Antistius
621 812 882 866 Marcianus,
915 813 1067 855 Fausti
1095 812 1223 867 filius,
1252 813 1371 856 tribu
1392 813 1588 867 Quirina,
1621 813 1747 856 domo
1768 813 1954 867 Uimina,

228 881 473 938 praefectus
513 880 701 922 cohortis
740 881 786 923 II
826 881 1069 937 Hispanae,
1110 881 1311 924 tribunus
1350 881 1531 937 legionis
1564 883 1653 925 XV
1692 880 1957 938 Apollinaris

225 951 331 992 Piae
351 949 523 1003 Fidelis,
553 949 799 1005 praefectus
827 948 922 991 alae
944 949 1164 1006 Sulpiciae
1185 965 1220 994 c.
1242 951 1308 1004 R„
1338 950 1578 993 secundum
1598 951 1803 993 mandata
1822 951 1956 1007 impp.

226 1019 498 1060 dominorum
529 1032 601 1059 nn.
622 1016 766 1072 Augg.
798 1017 900 1073 (non
930 1021 1028 1061 ante
1056 1018 1256 1062 Severum
1284 1022 1324 1061 et
1342 1018 1622 1074 Antoninum)
1652 1020 1956 1074 integerrimus

226 1086 706 1142 abstinentissimusque
733 1092 1000 1142 procurator,
1032 1102 1059 1128 a
1083 1086 1286 1129 censibus
1310 1087 1574 1143 accipiendis
1605 1087 1712 1142 (scil.
1743 1088 1790 1130 in
1820 1087 1956 1129 tribus

228 1154 419 1211 Galliis),
451 1169 584 1211 eques
611 1155 832 1197 Romanus
860 1154 1094 1198 honoratus
1122 1170 1151 1197 a
1181 1156 1317 1198 tribus
1337 1156 1577 1209 provinciis
1604 1155 1766 1198 Galliis
1790 1158 1819 1198 t.
1842 1155 1955 1210 [καρ-

227 1223 405 1266 clunensi
426 1223 639 1273 Boissieu,
670 1223 944 1277 inscriptions
973 1223 1024 1266 de
1053 1225 1175 1278 Isyon
1196 1239 1245 1278 p.
1264 1226 1363 1267 269.

139 1293 224 1336 596
251 1299 295 1334 L.
326 1297 590 1334 ANTISTIVS
620 1298 693 1333 MV
697 1297 898 1334 NDIGIVS
928 1299 1124 1335 BVRRVS
1158 1293 1235 1347 (Sic
1266 1295 1293 1335 t.
1316 1296 1355 1342 1,
1387 1291 1604 1334 Antistius
1634 1292 1802 1335 Burrus
1835 1296 1862 1337 ἰ.
1892 1291 1953 1346 2),

227 1361 280 1415 Q.
298 1361 475 1403 Antistii
493 1359 683 1402 Adventi
705 1360 900 1403 Postumi
914 1360 1113 1417 Aquilini
1135 1364 1338 1415 coynatus
1358 1360 1483 1403 VIII
1488 1363 1626 1404 18893
1641 1361 1714 1416 (1).
1736 1364 1877 1404 18898
1891 1362 1954 1416 (2)

226 1433 254 1472 t.
291 1429 550 1472 Thibilitani
579 1443 667 1483 pro
704 1429 842 1471 salute
879 1429 1018 1471 Burri
1054 1433 1095 1471 et
1123 1429 1323 1483 Aquilini
1360 1444 1472 1471 anno
1507 1432 1588 1472 164
1628 1429 1824 1472 dedicati.
1883 1430 1956 1472 Ea:

223 1500 372 1540 neutro
413 1500 522 1540 certe
559 1500 739 1552 apparet
766 1496 941 1540 Burrus
978 1501 1123 1540 utrum
1161 1497 1279 1552 filius
1319 1512 1376 1540 an
1404 1498 1544 1552 frater
1571 1497 1771 1551 Aquilini
1794 1498 1954 1541 intelle-

222 1565 383 1621 9endus
410 1566 479 1608 sit.
540 1565 686 1608 Potest
713 1565 824 1608 idem
853 1579 939 1609 esse
968 1567 1020 1608 L.
1050 1566 1265 1608 Antistius
1294 1565 1467 1608 Burrus
1493 1566 1639 1609 consul
1667 1581 1707 1609 a.
1738 1569 1845 1611 181.Δ

139 1635 222 1677 597
255 1641 296 1678 C.
327 1640 591 1676 ANTISTIVS
621 1640 854 1688 REGINVS,
887 1635 1036 1677 HIvir
1066 1634 1330 1689 (monetalis)
1362 1634 1442 1677 sub
1471 1633 1669 1689 Augusto
1699 1635 1746 1677 in
1773 1636 1956 1678 nummis

225 1704 367 1746 aureis
406 1706 444 1745 et
485 1704 694 1758 argenteis
734 1704 845 1746 cusis
874 1707 972 1746 ante
1002 1719 1043 1746 a.
1077 1707 1157 1747 739
1187 1723 1245 1739 =
1273 1706 1327 1747 15
1354 1703 1495 1746 Cohen
1523 1704 1579 1746 12
1602 1718 1650 1758 p.
1676 1707 1759 1746 310
1787 1719 1829 1748 n.
1859 1707 1953 1755 346,

222 1787 270 1827 p.
291 1775 372 1815 311
399 1787 442 1814 n.
462 1775 558 1814 347.
608 1771 753 1814 Filius
781 1772 948 1814 videtur
974 1771 1021 1816 0.
1052 1772 1238 1815 Antistii
1262 1772 1422 1827 Reyini
1450 1772 1582 1827 leyati
1606 1771 1808 1816 Caesaris
1832 1773 1952 1816 Caes.

226 1841 320 1883 bell.
347 1840 450 1896 yall.
475 1844 512 1891 6,
534 1844 583 1892 1,·
615 1844 651 1890 7,
673 1842 741 1883 83.
762 1844 830 1883 90.

139 1909 222 1957 598
242 1908 461 1951 Antistius
477 1910 692 1964 Rusticus,
749 1910 885 1951 aritus
897 1910 1169 1965 (Mummiae)
1180 1910 1390 1965 Nigrinae
1406 1910 1451 1952 in
1465 1909 1742 1966 Cappadocia
1757 1916 1954 1952 mortuus

225 1977 426 2020 Martial.
445 1980 485 2028 4,
505 1979 556 2020 75
567 1991 580 2029 ,·
609 1981 650 2028 9,
666 1956 738 2022 δῖ
773 1977 867 2020 Vna
885 1992 978 2020 cum
996 1992 1129 2021 uxore
1147 1981 1408 2021 memoratur
1427 1979 1474 2020 in
1495 1981 1523 2020 t.
1545 1992 1691 2021 servae
1717 1978 1787 2021 VI
1797 1980 1951 2021 27881.

151 2071 208 2077 —
250 2052 294 2089 Τ.
324 2046 576 2100 FL(AV1VS)
606 2053 829 2089 VMBRIVS
869 2053 1132 2089 ANTISTIVS
1175 2053 1489 2089 SATVRNINVS
1530 2052 1952 2088 FORTVNATIANVS

220 2115 341 2170 siyno
369 2121 636 2157 HYDATIVS.

137 2183 220 2225 599
250 2189 513 2225 ANTISTIVS
546 2189 784 2226 SOSIANVS
816 2184 893 2238 (sic
927 2184 1026 2226 Tac.
1060 2198 1101 2226 a.
1126 2187 1192 2235 16,
1215 2187 1279 2234 14,
1310 2184 1352 2227 h.
1381 2187 1421 2234 4,
1443 2187 1519 2234 44,
1559 2183 1774 2225 Antistius
1811 2183 1950 2234 alibi),

223 2251 424 2294 tribunus
455 2251 592 2308 plebis
622 2267 660 2295 a.
682 2253 737 2295 56
773 2252 871 2294 Tac.
895 2267 935 2294 a.
957 2256 1023 2302 13,
1044 2255 1128 2303 28;
1158 2267 1195 2296 a.
1217 2253 1272 2295 62
1302 2259 1476 2308 praetor
1496 2267 1523 2294 a
1543 2251 1800 2295 Cossutiano
1824 2251 1951 2308 Capi·

224 2326 324 2362 tone
352 2321 589 2362 maiestatis
619 2319 788 2362 delatus
818 2327 861 2362 et
886 2321 928 2362 in
952 2320 1138 2363 insulam
1157 2320 1374 2375 relegatus
1396 2320 1480 2364 ibol.
1502 2324 1567 2370 14,
1588 2322 1655 2364 48.
1676 2323 1755 2371 49;
1782 2323 1849 2370 16,
1870 2323 1953 2370 21;

225 2403 263 2430 a.
285 2389 340 2431 66
370 2394 419 2431 ut
448 2389 496 2431 P.
528 2387 736 2431 Anteium
766 2394 810 2430 et
837 2388 1061 2431 Ostorium
1092 2388 1324 2445 Scapulam
1354 2389 1470 2445 apud
1500 2389 1717 2430 Neronem
1749 2387 1950 2441 deferret,

222 2463 450 2500 revocatus
485 2457 572 2499 ibcl.
603 2460 669 2508 16,
701 2460 755 2499 14
764 2471 778 2508 ;
816 2472 855 2499 a.
886 2457 942 2500 70
978 2471 1178 2512 egressus
1219 2457 1398 2500 exilium
1437 2458 1483 2499 in
1521 2456 1709 2500 insulam
1750 2456 1951 2499 redactus

228 2525 326 2569 Tac.
346 2525 385 2568 h.
407 2530 446 2576 4,
467 2529 534 2570 44.

136 2595 221 2636 600
250 2593 467 2637 Antistius
493 2594 632 2636 Vetus
662 2609 686 2636 e
715 2594 978 2650 primoribus
997 2594 1279 2637 Macedoniae
1306 2595 1544 2637 maiestatis
1575 2594 1805 2637 damnatus
1835 2610 1874 2638 a.
1895 2597 1947 2639 21

227 2662 327 2705 Tac.
360 2678 399 2705 a.
424 2665 464 2713 3,
490 2665 559 2705 38.

135 2731 215 2774 601
247 2730 463 2774 Antistius
482 2731 621 2774 Vetus
641 2732 885 2773 nominatur
911 2732 958 2773 in
987 2731 1109 2773 titulo
1138 2731 1375 2786 Berytensi,
1407 2746 1526 2786 quem
1554 2731 1764 2773 dedicavit
1793 2732 1949 2774 Flavia

222 2800 274 2842 Τ.
304 2800 334 2842 f.
365 2798 556 2842 Nicolais
587 2798 788 2843 Saddane
818 2799 966 2853 (uxor)
997 2799 1087 2841 III
1109 2799 1156 2842 S.
1181 2802 1302 2842 6680.

135 2868 220 2910 602
248 2866 465 2910 Antistius
494 2868 631 2910 Vetus
660 2868 801 2911 nescio
826 2869 919 2922 quis
948 2871 1206 2910 memoratur
1234 2869 1281 2910 in
1310 2868 1432 2910 titulo
1461 2869 1572 2911 servi
1601 2867 1669 2910 VI
1691 2871 1843 2910 17180.

136 2936 220 2979 603
251 2935 503 2991 (Antistius)
518 2937 656 2979 Vetus
676 2937 814 2979 nescio
835 2937 929 2990 quis
947 2937 1193 2978 nominatur
1214 2937 1259 2978 in
1280 2936 1416 2978 titulis
1436 2937 1682 2979 libertorum
1709 2936 1777 2979 VI
1789 2939 1945 2981 11922.

220 3008 372 3048 11923.
403 3008 557 3048 11928.

135 3074 220 3116 604
250 3074 307 3128 [G.
345 3073 624 3128 ANTIS]TIVS
664 3080 844 3128 VETVS,
883 3073 932 3116 O.
963 3073 993 3116 f.
1032 3074 1170 3116 nescio
1209 3074 1302 3127 quis
1337 3074 1384 3115 in
1423 3073 1547 3116 titulo
1585 3074 1730 3116 liberti
1767 3074 1949 3129 bilinyui

220 3142 309 3184 III
331 3141 379 3185 S.
401 3144 556 3186 12241.

135 3210 218 3252 605
250 3215 291 3253 C.
321 3215 584 3252 ANTISTIVS
614 3216 776 3252 VETVS
804 3211 943 3253 nescio
970 3211 1065 3264 quis
1093 3210 1275 3263 fortasse
1303 3213 1562 3253 memoratur
1590 3211 1634 3252 in
1663 3213 1692 3253 t.
1721 3210 1948 3253 Sidonensi

221 3279 310 3321 III
331 3281 423 3329 151,
455 3279 540 3333 qui,
576 3294 830 3333 quamquam
870 3279 990 3322 lectio
1025 3279 1159 3333 plane
1198 3282 1314 3321 certa
1353 3283 1434 3331 est,
1467 3294 1494 3321 a
1525 3279 1715 3334 lapicida
1744 3280 1808 3322 ita
1836 3279 1946 3322 male

218 3347 388 3390 habitus
417 3351 489 3399 est,
524 3351 573 3390 ut
601 3348 705 3403 quid
739 3349 826 3391 sibi
854 3347 954 3390 velit
993 3347 1140 3391 titulus
1168 3348 1375 3391 incertum
1403 3349 1473 3392 sit.
1530 3348 1639 3392 Esse
1667 3348 1945 3404 sepulcralem
