2202 3730
127 287 359 324 OEIONIVS
994 284 1078 326 327
1703 289 1854 326 CEION
1856 290 1935 330 IVS

207 433 288 461 von
318 418 466 469 Sallet,
507 418 574 460 die
603 418 748 461 Daten
778 419 851 462 der
879 419 1291 462 Aleoeandrinischen
1322 420 1660 463 Kaisermiineen
1678 435 1727 474 p.
1757 424 1824 471 33,
1866 422 1938 474 qui

207 488 300 529 iure
329 486 435 528 mihi
464 486 513 529 de
541 486 618 529 hoc
647 501 815 530 nummo
847 488 1059 531 dubitasse
1092 488 1269 531 videtur.
1329 488 1504 531 Pariter
1533 489 1642 531 enim
1684 487 1937 540 offendimur

207 568 253 597 eo
283 555 394 609 quod
421 568 558 597 annus
589 555 804 606 Caesaris,
841 570 926 598 non
957 556 1156 610 Auqusti,
1197 559 1246 598 ut
1284 570 1445 611 semper
1475 557 1588 599 alias
1625 557 1723 612 fieri
1758 556 1861 599 solet
1890 557 1937 599 in

209 622 530 674 Alexandrinis,
555 623 793 678 adscriptus
813 638 899 666 esse
920 624 1076 666 dicitur
1097 627 1220 678 atque
1240 626 1363 667 tertio
1385 639 1509 676 anno,
1535 624 1645 668 unde
1673 625 1939 680 adoptionem

207 692 371 745 factam
401 704 486 733 esse
518 695 615 734 ante
643 705 822 734 mensem
852 692 1139 747 Septembrem
1169 707 1209 734 a.
1231 696 1310 736 136
1339 693 1590 748 efficeretur.

220 783 224 785 -
292 760 348 802 In
377 759 597 802 consulatu
624 760 659 802 I
682 774 794 803 anno
825 763 908 803 136
943 760 1100 803 dicitur
1134 761 1185 804 L.
1219 761 1423 804 Ceionius
1455 761 1718 804 Commodus
1754 761 1823 804 VI
1841 764 1935 804 975.

208 831 374 878 10242,
405 828 495 870 ΙΙΙ
518 831 613 878 720,
654 828 780 871 XIV
794 831 912 872 2852
938 832 1012 871 etc.
1049 830 1134 872 sive
1165 828 1369 872 Ceionius
1399 828 1661 872 Commodus
1699 830 1783 872 sive
1813 829 1936 872 Com·

207 895 358 938 modus
398 897 527 950 fasti;
557 896 691 951 plane
731 897 904 939 dubium
944 901 1026 948 est,
1066 912 1165 940 num
1203 901 1313 941 recte
1346 897 1581 952 suppletmn
1611 901 1651 940 et
1687 897 1745 940 ad
1783 912 1823 940 a.
1854 901 1938 941 136

206 964 388 1006 relatum
417 965 473 1007 sit
505 965 569 1019 [L.
601 965 741 1020 Ael]i0
774 965 960 1008 Caesare
985 980 1068 1008 cos.
1104 966 1171 1009 VI
1192 970 1316 1010 2377.
1368 966 1426 1009 In
1455 965 1676 1008 consulatu
1704 966 1767 1008 II
1788 981 1828 1009 a.
1855 970 1939 1008 137

205 1045 367 1087 semper
386 1033 437 1075 L.
458 1032 610 1076 Aelius
632 1033 793 1076 Caesar
812 1035 941 1087 fasti;
961 1035 1060 1076 item
1071 1038 1172 1089 post
1192 1035 1457 1089 adoptionem
1476 1035 1522 1076 in
1540 1035 1723 1077 nummis
1743 1038 1781 1077 et
1802 1035 1936 1077 titulis

207 1101 420 1154 plerisque
451 1102 520 1155 (L.
551 1101 713 1144 Caesar
743 1105 771 1144 t.
801 1105 866 1145 11.
897 1105 961 1145 13.
992 1106 1057 1145 14.
1089 1104 1172 1157 15).
1220 1103 1352 1158 Apud
1378 1102 1562 1145 Dionem
1591 1103 1641 1145 L.
1672 1102 1935 1146 Commodus

207 1171 274 1219 69,
295 1172 361 1210 17.
384 1172 468 1220 20,·
499 1173 561 1220 70,
584 1174 609 1211 1
622 1183 635 1221 ,·
667 1173 731 1220 71,
752 1174 790 1220 1,
823 1170 874 1212 L.
905 1170 1056 1212 Aelius
1078 1170 1239 1214 Caesar
1270 1171 1411 1213 Victor
1430 1175 1496 1214 14.
1539 1171 1666 1213 Mira
1691 1171 1936 1225 confusione

205 1237 431 1291 scriptores
450 1238 525 1291 qui
545 1237 743 1280 dicuntur
761 1238 966 1280 historiae
985 1238 1206 1293 Auyustae
1226 1240 1271 1281 in
1293 1239 1532 1281 nominibus
1551 1239 1677 1281 huius
1707 1238 1936 1291 afferendis

204 1305 274 1347 usi
290 1307 410 1347 sunt:
432 1308 542 1347 recte
560 1306 611 1347 L.
629 1305 833 1348 Ceionius
855 1305 1116 1349 Commodus
1138 1307 1208 1349 vit.
1232 1307 1383 1349 Marci
1398 1311 1438 1358 4,
1459 1309 1486 1350 5
1494 1320 1509 1359 ;
1529 1310 1568 1357 6,
1589 1310 1621 1349 2
1645 1306 1710 1349 vel
1730 1307 1935 1350 Ceionius

207 1372 469 1415 Commodus
493 1374 565 1417 vit.
588 1374 804 1418 Hadrian.
827 1378 901 1425 23,
923 1378 991 1425 10,
1022 1374 1143 1417 Aelii
1169 1379 1212 1425 2,
1244 1379 1271 1416 1
1299 1375 1363 1417 vel
1390 1375 1441 1419 L.
1471 1374 1634 1417 Caesar
1659 1375 1809 1417 Marci
1834 1378 1873 1425 5,
1895 1379 1934 1418 1.

208 1440 370 1484 Contra
401 1440 605 1484 Ceionius
642 1442 903 1485 Commodus
933 1443 1076 1485 Verus
1115 1443 1187 1486 vit.
1219 1443 1359 1485 Hadr.
1395 1446 1474 1494 23,
1505 1447 1570 1494 11,
1610 1443 1761 1485 Aelius
1794 1443 1935 1485 Verus

206 1508 368 1552 Caesar
385 1510 470 1555 ibd.
483 1514 553 1562 23,
570 1514 636 1554 11.
651 1515 721 1561 24,
745 1515 771 1553 1
786 1512 848 1566 (in
864 1511 1075 1554 codicibus
1086 1511 1336 1566 plerumque
1358 1512 1544 1554 traditur
1558 1511 1726 1566 Helius,
1746 1512 1835 1554 vita
1850 1514 1893 1562 2,
1909 1515 1935 1553 1

207 1577 360 1633 Elius),
391 1579 441 1621 L.
473 1579 624 1622 Aelius
645 1580 788 1622 Verus
817 1580 889 1622 vit.
923 1579 1022 1622 Veri
1037 1584 1075 1631 1,
1099 1583 1136 1631 6,
1169 1579 1318 1622 Aelius
1339 1580 1482 1622 Verus
1500 1581 1586 1622 sive
1607 1581 1749 1623 Verus
1769 1580 1936 1635 passim

206 1647 252 1688 in
281 1647 383 1697 vita,
425 1647 476 1691 L.
505 1647 710 1690 Aurelius
742 1649 883 1691 Verus
912 1649 1002 1690 vita
1030 1652 1075 1699 2,
1106 1652 1153 1706 6,,
1186 1648 1236 1691 L.
1270 1648 1474 1691 Ceionius
1504 1648 1763 1691 Commodus
1795 1650 1936 1691 Verus

205 1714 357 1757 Aelius
384 1715 545 1759 Caesar
564 1717 654 1759 vita
674 1720 711 1767 6,
733 1721 772 1761 6.
821 1716 966 1771 Neque
988 1717 1150 1759 nummi
1168 1731 1296 1771 neque
1318 1717 1443 1767 tituli,
1476 1717 1698 1760 dummodo
1727 1718 1936 1772 exceperis

203 1783 313 1826 male
351 1784 573 1838 suppletos‚
616 1799 839 1840 coynomen
869 1786 973 1828 Veri
1010 1780 1056 1828 in
1091 1784 1262 1828 Ceionio
1299 1784 1523 1828 Commodo
1554 1789 1630 1828 aut
1663 1787 1715 1830 L.
1752 1786 1935 1829 Caesare

208 1856 450 1906 agynoscunt.
499 1853 677 1896 Accedit
708 1854 819 1908 quod
846 1854 898 1896 L.
932 1853 1201 1896 Commodum
1233 1853 1383 1909 filium,
1424 1855 1497 1908 qui
1516 1858 1669 1909 postea
1697 1856 1933 1909 imperavit,

218 1919 317 1962 Veri
344 1935 567 1976 coynomen
595 1936 680 1964 non
709 1925 757 1964 ut
777 1925 1008 1976 paternum
1037 1922 1246 1973 habuisse,
1277 1922 1352 1964 sed
1379 1918 1434 1965 eo*
1452 1922 1614 1965 demum
1645 1926 1826 1978 tempore
1855 1938 1934 1978 quo

117 1983 126 1985 ”
207 1988 428 2042 imperium
456 1990 576 2041 iniit,
616 2005 644 2032 a
674 1990 741 2032 M.
770 1990 990 2033 Antonino
1024 1991 1164 2045 fratre
1195 1991 1401 2045 accepiSSe
1431 1995 1604 2036 constat.
1659 1992 1934 2034 Reiciendum

205 2060 265 2098 est
293 2057 426 2112 iyitur
456 2060 735 2102 testimonium
765 2060 1116 2114 bioqraphorum,
1152 2060 1227 2113 qui
1254 2060 1429 2102 nomina
1457 2061 1627 2114 privati
1655 2065 1694 2104 et
1722 2060 1931 2112 Caesaris,

200 2127 348 2179 patris
387 2130 426 2169 et
464 2127 568 2182 filii,
612 2128 710 2170 Veri
740 2131 779 2170 et
808 2128 960 2170 Marci
987 2128 1108 2182 foede
1138 2128 1390 2182 conflarunt.

290 2195 406 2236 Huic
450 2202 572 2252 pater
617 2195 820 2239 Ceionius
867 2196 1126 2239 Commodus
1171 2196 1275 2250 fuit,
1328 2211 1457 2252 quem
1502 2196 1575 2238 alii
1621 2198 1806 2252 Verum,
1857 2197 1932 2240 alii

206 2262 256 2304 L.
287 2262 534 2318 Aurelium,
576 2264 700 2306 multi
731 2264 923 2307 Annium
962 2264 1192 2320 prodidere
1226 2265 1316 2306 vita
1343 2267 1388 2315 2,
1420 2267 1458 2314 7,
1489 2264 1616 2306 immo
1645 2264 1697 2307 L.
1736 2265 1932 2309 Ceionius

205 2329 453 2374 Commodus
493 2332 637 2374 consul
677 2346 716 2376 a.
747 2335 828 2375 106
857 2333 910 2386 cf.
942 2335 1128 2374 stemma.
1187 2332 1254 2374 De
1289 2345 1414 2374 cursu
1452 2332 1656 2374 honorum
1689 2347 1795 2387 quae
1826 2333 1931 2386 affe-

202 2402 357 2441 runtur
373 2400 462 2442 vita
481 2403 520 2451 3,
541 2401 614 2442 vit.
636 2400 852 2445 Hadrian.
873 2403 934 2444 23
953 2400 1087 2455 plane
1106 2400 1246 2443 eodem
1267 2400 1388 2442 modo
1416 2401 1595 2454 confusa
1623 2404 1742 2452 sunt,·
1770 2403 1931 2444 utrobi-

202 2481 279 2520 que
316 2471 526 2510 narratur
561 2475 658 2525 post
686 2468 958 2525 adoptionem
990 2474 1195 2525 praetura
1224 2468 1479 2510 honoratum
1510 2475 1554 2510 et
1583 2469 1819 2511 Pannoniis
1854 2471 1928 2512 im-

205 2536 389 2591 positum
418 2551 512 2578 esse
541 2537 714 2579 decreto
745 2536 971 2579 consulatu
1002 2552 1100 2579 eum
1131 2536 1388 2593 sumptibus,
1424 2535 1581 2578 deinde
1611 2537 1801 2580 seeundo
1833 2553 1931 2580 eon—

203 2603 340 2646 sulem
371 2605 657 2659 designatum.
718 2605 805 2649 Sed
835 2604 1081 2648 Commodus
1110 2605 1225 2660 filius
1257 2606 1346 2647 eius
1373 2608 1501 2647 natus
1530 2608 1590 2648 est
1627 2605 1666 2648 d.
1696 2607 1750 2649 15
1777 2608 1932 2650 mensis

202 2671 448 2716 Decembris
487 2675 531 2715 in
572 2680 776 2730 praetura
814 2675 948 2730 patris
983 2675 1049 2716 sui
1079 2674 1150 2716 vit.
1184 2673 1283 2716 Veri
1310 2677 1349 2724 1,
1379 2676 1419 2728 8,
1459 2689 1498 2715 a.
1531 2674 1626 2730 130,
1664 2677 1714 2716 ut
1751 2678 1931 2729 apparet

201 2741 298 2783 inde
328 2741 438 2795 quod
467 2741 624 2784 dicitur
658 2749 755 2798 post
794 2743 1026 2799 septimum
1065 2756 1227 2784 annum
1264 2742 1309 2783 in
1348 2741 1555 2784 familiam
1583 2741 1806 2785 Aureliam
1845 2750 1927 2785 tra-

202 2809 357 2851 ductus
379 2809 463 2854 ibd.
484 2813 528 2860 2,
546 2813 599 2852 10
611 2824 625 2862 ,·
654 2817 827 2867 praetor
848 2824 951 2866 ergo
972 2817 1094 2866 pater
1114 2810 1197 2852 fuit
1216 2825 1254 2854 a.
1273 2811 1367 2853 130.
1419 2809 1580 2853 Consul
1601 2811 1624 2853 I
1643 2826 1682 2854 a.
1706 2811 1788 2853 136
1809 2811 1928 2864 fasti.

204 2877 275 2920 Ab
305 2877 530 2921 Hadriano
561 2878 791 2935 adoptatus
821 2886 886 2921 est
913 2880 1004 2921 vita
1026 2879 1203 2933 passim,
1234 2878 1305 2920 vit.
1328 2877 1545 2921 Hadrian.
1566 2882 1638 2929 23,
1669 2878 1758 2922 Dio
1788 2882 1853 2930 69,
1876 2883 1932 2922 17

202 2944 418 2998 (Zonaras
436 2949 503 2997 11,
524 2949 612 3003 24),
644 2961 757 2989 anno
781 2948 874 2989 136.
926 2947 1010 3000 Qui
1038 2960 1174 2989 annus
1203 2946 1301 2989 inde
1329 2947 1512 3001 emeryit,
1543 2947 1655 3001 quod
1679 2947 1928 2990 Commodus

201 3014 462 3057 consulatum
480 3015 672 3068 primum
697 3015 909 3069 privatus,
944 3015 1124 3057 alterum
1155 3014 1313 3057 Caesar
1342 3015 1451 3065 iniit,
1484 3018 1523 3057 et
1555 3015 1852 3069 comprobatur
1882 3029 1927 3057 eo

201 3081 313 3135 quod
339 3082 387 3125 in
416 3085 444 3126 t.
465 3086 504 3125 1.
524 3085 568 3126 2.
588 3086 616 3125 3
646 3082 802 3125 dicitur
821 3083 873 3125 L.
895 3082 1046 3125 Aelius
1066 3081 1225 3125 Caesar
1251 3082 1351 3125 trib.
1372 3089 1524 3139 potest.
1548 3098 1635 3126 cos.
1655 3083 1710 3138 Π,
1744 3083 1929 3125 Hadria-

204 3164 284 3192 nus
324 3150 422 3195 trib.
463 3157 616 3207 potest.
655 3151 770 3193 XXI
809 3151 864 3206 (d.
902 3154 955 3193 10
994 3164 1119 3196 mens,
1158 3150 1404 3194 Decembris
1443 3165 1484 3194 a.
1515 3150 1708 3207 136l137)
1744 3166 1829 3195 cos,
1861 3152 1929 3194 III

202 3218 304 3274 imp.
326 3219 384 3262 Π.
436 3218 547 3262 Cum
566 3219 657 3261 veri
674 3220 730 3261 sit
748 3219 884 3261 simile
904 3218 1173 3262 Commodum
1194 3219 1335 3262 eodem
1361 3220 1450 3273 fere
1472 3223 1652 3274 tempore
1682 3222 1722 3261 et
1750 3219 1927 3273 adopta-

202 3289 291 3328 tum
320 3300 405 3329 esse
434 3290 474 3329 et
503 3287 776 3330 tribuniciam
806 3290 1059 3341 potestatem
1088 3288 1308 3341 accepisse,
1345 3301 1452 3341 quae
1480 3288 1528 3330 in
1564 3286 1698 3330 titulis
1726 3287 1926 3330 nummis-

201 3367 278 3407 que
303 3367 464 3409 semper
490 3355 579 3397 sine
608 3355 847 3397 iterationis
870 3358 972 3397 nota
992 3356 1213 3410 invenitur,
1236 3355 1524 3410 probabiliter
1542 3355 1618 3398 sub
1639 3356 1764 3410 finem
1785 3370 1825 3397 a.
1847 3358 1927 3397 136
