2202 3730
309 283 519 319 COELIVS
1160 273 1244 314 432
1890 280 2100 316 COELIVS

392 427 442 455 ex
472 412 682 461 Morcllio‚
715 410 755 464 b)
788 411 831 452 Γ.
859 411 1019 456 Κοίλιος
1048 408 1208 466 Βάλβος
1238 409 1434 451 Mionnet
1463 409 1509 452 S.
1542 409 1584 451 V
1596 424 1644 463 p.
1669 413 1759 459 171,
1791 412 1873 452 994
1901 423 1952 452 ex
1987 409 2103 451 Vail-

392 481 524 523 lantio
560 499 614 513 Ξ
646 494 694 532 p.
726 482 810 521 172
838 492 877 519 n.
911 481 1004 519 996.
1075 477 1271 530 Quisquis
1314 477 1600 519 incredibilem
1634 491 1772 531 paene
1816 477 2022 520 levitatem
2065 481 2104 520 et

392 548 673 596 temeritatem,
704 560 788 599 qua
808 545 1033 587 Morellius
1059 548 1098 587 et
1122 544 1377 587 Vaillantius
1404 546 1451 587 in
1469 559 1732 588 nummorum
1760 546 2104 600 inscriptionibus

391 615 570 670 legendis
597 614 666 656 usi
694 617 801 667 sunt,
824 616 1089 667 perspectam
1118 613 1324 664 habuerit,
1355 627 1439 655 non
1469 613 1690 664 dubitabit,
1722 614 1821 667 quin
1849 614 2010 655 nummi
2037 613 2106 656 illi

389 699 435 726 re
464 697 563 724 vera
593 682 650 723 ad
678 683 729 725 L.
763 681 979 723 Mindium
1009 681 1196 723 Balbum
1227 681 1518 735 proconsulem
1547 681 1776 736 Bithyniae
1814 682 1889 724 sub
1921 680 2102 724 Claudio

389 750 461 805 (cf.
494 751 554 792 M
575 750 674 803 425)
699 750 956 803 pertineant.

305 820 387 861 992
416 818 587 861 Coelius
610 817 782 871 Caldus,
816 816 1066 858 adulescens
1086 823 1302 859 vetustate
1333 817 1521 859 familiae
1547 833 1649 859 suae
1673 818 1949 872 dignissimus
1981 817 2101 860 clade

392 888 583 929 Variana
616 901 640 927 a
672 886 900 929 Germanis
941 891 1091 941 captus
1132 885 1380 941 complexus
1420 892 1688 939 catenarum,
1732 885 1891 941 quibus
1929 886 2101 928 vinctus

390 962 491 1008 erat,
526 956 679 996 seriem
709 955 770 995 ita
799 953 893 995 illas
925 953 1058 994 inlisit
1088 954 1218 1009 capiti
1249 968 1337 1008 suo,
1374 959 1422 995 ut
1451 954 1646 1009 protinus
1678 955 1895 1010 expiraret
1925 953 2102 996 Velleius

387 1028 429 1074 2,
461 1027 558 1073 120,
590 1026 638 1073 6;
669 1021 840 1064 Caelius
871 1021 1001 1063 edidit
1025 1021 1159 1063 Halm
1189 1021 1408 1064 editionem
1428 1022 1668 1076 principem
1695 1025 1869 1072 secutus,
1900 1021 1973 1064 sed
2001 1036 2102 1076 apo-

384 1091 595 1146 9raphum
623 1089 952 1131 Amerbacltium
980 1092 1090 1131 recte
1121 1089 1311 1131 exhibere
1342 1089 1512 1132 Coelius
1546 1090 1640 1132 inde
1668 1091 1865 1144 sequitur,
1897 1090 2008 1143 quod
2033 1090 2102 1132 hic

388 1158 544 1202 Caldus
582 1159 671 1200 sinc
711 1158 836 1200 dubio
875 1158 960 1211 fuit
999 1172 1049 1199 ex
1078 1154 1261 1211 posteris
1291 1156 1339 1200 C.
1373 1157 1508 1200 Coelii
1545 1157 1668 1200 Caldi
1709 1157 1895 1200 consulis
1935 1174 1972 1201 a.
2003 1159 2099 1213 660,

388 1229 505 1270 cuius
527 1227 575 1269 de
593 1227 760 1269 nomine
781 1229 942 1268 constat
971 1226 1097 1279 fastis
1119 1224 1371 1280 Capitolinis
1392 1225 1490 1268 CIL
1519 1227 1552 1268 I
1557 1227 1573 1251 2
1595 1241 1644 1280 p.
1668 1230 1723 1268 77
1750 1230 1789 1268 et
1818 1226 1938 1268 titulo
1977 1225 2100 1268 Cam-

381 1311 500 1351 pano
529 1295 578 1338 X
602 1297 727 1337 3772.

301 1367 386 1408 993
416 1363 588 1407 Coelius
613 1363 823 1417 Clemens,
856 1362 997 1405 affinis
1029 1377 1176 1404 socrus
1198 1362 1327 1404 Plinii
1351 1378 1376 1404 a
1397 1362 1584 1404 Traiano
1614 1363 1658 1403 in
1690 1362 1939 1418 Bithyniam
1970 1368 2105 1404 trans-

386 1433 510 1481 latus,
542 1440 628 1488 'quo
660 1439 850 1487 tempore
877 1432 1043 1474 Plinius
1082 1431 1346 1488 provinciam
1377 1431 1556 1486 regebat
1585 1431 1704 1475 Plin.
1737 1431 1795 1474 ad
1828 1432 2005 1476 Traian.
2033 1433 2101 1473 51.

389 1502 569 1544 Munere
599 1501 778 1554 quodam
809 1501 990 1554 equestri
1015 1500 1126 1542 velut
1150 1500 1448 1554 procuratoris
1477 1500 1647 1553 functus
1676 1513 1760 1542 esse
1789 1499 1964 1542 videtur.

304 1571 388 1612 994
418 1577 463 1612 L.
496 1575 705 1611 COELIVS
735 1575 944 1622 FESTVS,
977 1568 1168 1610 adlectus
1203 1569 1315 1610 inter
1344 1568 1611 1622 tribunicios,
1644 1575 1829 1624 praetor,
1859 1568 2101 1624 praefectus

386 1638 589 1679 frumenti
630 1636 762 1678 dandi
803 1652 859 1678 ex
898 1643 1069 1679 senatus
1110 1636 1327 1690 consulto,
1380 1636 1546 1691 legatus
1582 1637 1851 1692 imperatoris
1890 1636 2098 1679 Antonini

384 1705 572 1760 Augusti
602 1705 806 1747 Asturiae
836 1711 878 1747 et
908 1704 1158 1759 Callaeciae,
1191 1705 1433 1760 praefectus
1463 1706 1618 1747 aerarii
1650 1705 1837 1758 Saturni,
1870 1703 2100 1760 proconsul
2151 1757 2155 1762 .

387 1775 633 1830 provinciae
654 1773 782 1815 Ponti
805 1779 846 1815 et
864 1773 1107 1828 Bithyniae,
1131 1772 1279 1815 consul
1301 1772 1517 1825 (suffectus
1537 1787 1647 1815 anno
1668 1773 1864 1828 incerto);
1892 1779 2099 1828 patronus

387 1842 660 1885 Velleiatium
683 1841 763 1883 XI
775 1844 883 1884 1183
913 1845 940 1883 t.
967 1841 1129 1884 Veleias
1149 1841 1322 1895 publice
1344 1842 1522 1895 positus.
1568 1843 1696 1895 Quem
1717 1842 1884 1884 titulum
1904 1843 2100 1883 accurate

388 1913 626 1964 conceptum
656 1923 741 1951 esse
770 1910 969 1963 quoniam
993 1909 1102 1951 nihil
1132 1912 1191 1951 cst
1221 1923 1295 1951 cur
1318 1923 1522 1963 neycmus,
1545 1925 1637 1952 cum
1658 1910 1791 1965 leyato
1811 1910 1999 1964 Auqusti
2015 1923 2099 1952 non

387 1978 573 2020 addatur
605 1985 699 2032 ‘pro
720 1981 953 2031 praetore‘,
989 1991 1151 2020 necesse
1184 1981 1243 2020 est
1271 1978 1444 2020 Festum
1474 1978 1708 2032 intelleyere
1740 1978 1920 2032 leyatum
1948 1977 2100 2019 iuridi-

386 2062 477 2090 cum
508 2061 591 2101 per
618 2046 844 2088 Asturiam
878 2050 917 2089 et
948 2046 1205 2089 Callaeciam
1243 2047 1313 2101 (cf.
1348 2046 1525 2100 Ephem.
1559 2047 1688 2101 epiqr.
1719 2050 1746 2088 4
1767 2062 1814 2100 p.
1834 2049 1940 2101 224)
1970 2060 2100 2100 neque

383 2116 603 2169 quicquam
644 2115 801 2164 obstat,
843 2128 895 2156 ne
934 2129 1025 2156 eum
1067 2115 1247 2168 leyatum
1277 2114 1487 2156 Antonini
1513 2113 1588 2156 Pii
1616 2115 1747 2167 fuisse
1767 2127 2019 2168 ponamus,·
2042 2114 2101 2156 ad

385 2185 503 2226 cuius
543 2186 720 2225 aetatem
757 2186 866 2225 recte
904 2182 1068 2225 rettulit
1104 2183 1272 2225 titulum
1312 2181 1504 2224 Brandis
1543 2182 1720 2224 Hermes
1755 2182 1928 2225 XXXI
1959 2183 2098 2238 (1896)

382 2266 428 2305 p.
451 2254 543 2294 164.
605 2250 707 2294 Sine
746 2250 899 2292 idonea
938 2264 1068 2292 causa
1106 2251 1239 2305 iyitur
1278 2250 1489 2304 Boryhesi
1524 2264 1616 2304 opp.
1649 2250 1771 2293 VIII
1782 2266 1831 2305 p.
1852 2254 1950 2302 329,
1982 2264 2100 2305 quem

384 2322 547 2361 secutus
583 2322 643 2361 est
673 2318 957 2372 Marquardt,
999 2318 1223 2361 Romische
1253 2318 1660 2372 Staatsverwaltuny
1686 2319 1720 2361 I
1725 2319 1741 2342 2
1762 2334 1812 2373 p.
1832 2321 1917 2362 255
1944 2321 2029 2362 not.
2058 2321 2098 2369 3,

386 2387 553 2429 titulum
592 2386 649 2428 ad
683 2386 901 2429 Caracalli
940 2390 1119 2429 aetatem
1156 2388 1311 2429 reiecit.
1374 2386 1490 2428 Nam
1526 2386 1637 2440 quod
1662 2386 1710 2430 C.
1742 2386 1878 2429 Iulius
1910 2386 2099 2429 Cerealis

385 2455 507 2497 titulo
538 2456 788 2509 Leyionensi
806 2456 868 2497 II
881 2459 991 2498 2661
1024 2455 1180 2497 dicitur
1207 2455 1288 2509 leg.
1309 2454 1424 2509 Aug.
1447 2470 1511 2510 pr.
1532 2470 1595 2510 pr.
1618 2455 1902 2511 pr(0vinciae)
1923 2454 2099 2510 H(ispa-

385 2523 496 2577 niae)
528 2525 685 2576 n(ovae
696 2522 736 2576 P)
767 2523 994 2576 c(iterioris
1009 2523 1049 2577 P)
1080 2522 1398 2565 Antoninianae
1429 2529 1527 2578 post
1556 2523 1814 2565 divisionem
1850 2524 2099 2579 provinciae

386 2592 549 2647 primus
581 2590 635 2632 ab
667 2606 713 2632 eo
745 2591 944 2645 m[issus],
976 2591 1130 2633 Festus
1168 2595 1310 2633 noster
1348 2592 1388 2633 si
1421 2591 1560 2633 eodem
1587 2606 1756 2634 munere
1784 2592 1954 2645 functus
1982 2593 2098 2642 esset,

383 2659 649 2713 provinciam
678 2673 829 2700 novam
859 2659 1002 2702 eadem
1030 2660 1196 2702 ratione
1227 2662 1349 2713 atque
1389 2659 1477 2701 illic
1514 2660 1753 2714 siqniflcari
1782 2659 2100 2714 exspectandum

387 2730 488 2769 esset
536 2730 575 2769 et
623 2727 931 2769 desideraretur
980 2735 1072 2782 ‘pro
1111 2731 1344 2782 praetore‘.
1393 2753 1450 2757 —
1506 2727 1622 2770 Num
1669 2731 1777 2770 recte
1829 2727 1887 2769 ad
1928 2727 2100 2770 eundem

385 2795 591 2848 Boryliesi
621 2795 647 2836 l.
682 2795 707 2836 l.
738 2796 947 2838 rettulerit
986 2796 1152 2838 titulum
1186 2796 1509 2838 Praenestinum
1545 2795 1792 2850 acephalum
1829 2795 1955 2838 XIV
1973 2798 2096 2848 2941,

383 2877 543 2917 parum
572 2866 727 2904 certum
755 2864 930 2906 videtur.

302 2931 384 2972 995
417 2937 460 2980 Q.
484 2936 692 2971 COELIVS
713 2936 1025 2986 HONORATVS,
1058 2931 1299 2988 praefectus
1326 2931 1530 2973 frumenti
1551 2931 1693 2985 dandi,
1726 2930 1891 2985 legatus
1912 2931 2098 2986 Siciliae,

387 2997 553 3052 legatus
584 2998 710 3039 Ponti
742 3005 784 3040 et
813 2999 1056 3055 Bithyniae,
1089 2998 1318 3055 proconsul
1349 2999 1484 3055 Cypri
1505 2999 1968 3054 Lebas-Waddinyton
1987 3002 2101 3043 2814

387 3069 415 3108 t.
454 3064 637 3119 Cyprius
669 3080 818 3119 yraece
855 3068 1056 3122 scriptus,
1100 3068 1216 3109 cuius
1255 3067 1419 3109 litteras
1456 3067 1615 3110 saeculi
1646 3068 1782 3122 primi
1819 3068 2005 3110 exeuntis
2037 3067 2101 3110 vel

386 3133 557 3175 secundi
583 3134 765 3175 ineuntis
795 3148 879 3177 esse
908 3135 1111 3178 iudicavit
1141 3135 1435 3190 Waddinyton.

301 3201 384 3243 996
416 3206 624 3242 COELIVS
656 3207 942 3258 MARTIALIS,
981 3203 1242 3246 clarissimus
1273 3204 1352 3257 vir,
1387 3204 1553 3247 ...liae
1584 3205 1833 3247 Honoratae
1862 3204 1987 3259 filius,
2020 3203 2100 3247 Cn.

388 3267 522 3310 Coelii
564 3268 810 3311 Senecionis
850 3270 1075 3314 clarissimi
1115 3272 1198 3313 viri
1240 3278 1281 3313 et
1320 3271 1455 3314 Coclii
1497 3272 1685 3314 Senecae
1726 3273 1881 3327 equitis
1918 3272 2100 3314 Romani

389 3335 521 3378 frater
551 3336 673 3378 VIII
686 3336 732 3379 S.
753 3341 891 3380 20449
918 3343 945 3381 t.
970 3340 1272 3383 Mauretaniae
1291 3339 1518 3393 Sitifensis.
1580 3340 1650 3382 Vel
1675 3339 1782 3382 idem
1807 3343 1867 3382 est
1889 3339 1952 3381 vel
1971 3342 2100 3394 pater
