2202 3730
129 275 325 311 APICIVS
998 270 1013 311 l
1025 270 1045 311 l
1054 269 1075 310 1
1578 274 1939 310 APOLLODORVS

148 433 199 438 ——
247 406 421 450 Caelius
450 405 631 462 Apicius
643 405 717 460 (P).

153 498 203 505 —
246 473 307 517 M.
339 473 507 517 Gavius
536 475 733 531 Apicius.

132 543 216 586 734
245 541 426 598 Apicius
455 543 650 586 Iulianus
681 547 938 586 memoratur
968 545 1013 585 in
1035 547 1063 585 t.
1087 558 1240 598 qraeco
1263 543 1458 586 Soadeno
1479 543 1643 585 Lebas-
1655 542 1943 596 Waddinqton

215 616 331 656 2306
349 613 494 666 posito
517 613 564 654 in
583 613 781 655 honorem
801 613 1013 655 Antonini
1032 612 1108 654 Pii
1128 616 1167 654 et
1189 613 1254 654 M.
1275 611 1450 654 Aurelii
1470 611 1689 654 Caesaris:
1711 610 1812 667 [ἐπὶ]
1835 610 1940 653 'Am-

216 683 300 724 κίου
319 680 532 724 Ἰουλιανοῢ
554 682 754 736 [ὑπατικοῦ
764 681 801 736 ‘?]
834 682 912 736 [διὰ
936 680 1198 739 γραμμά]των
1224 681 1343 723 αὐτοῦ
1370 682 1514 737 βουλῆς
1536 678 1940 738 [συναχῦείσης....].

218 749 504 804 Wadclinqton
535 750 714 804 lcqatum
739 751 894 804 Syriae
922 751 1054 804 fuisse
1084 753 1123 792 et
1152 750 1316 804 quidem
1346 764 1385 791 a.
1407 752 1487 791 149
1519 750 1695 791 coniecit
1722 750 1941 791 coniuncto

218 818 455 872 sraqmento
480 820 606 867 2307,
636 819 713 860 ubi
741 818 929 860 consules
960 833 998 860 a.
1021 821 1100 860 149
1131 819 1419 860 nominantur.
1458 817 1546 859 Res
1574 817 1681 858 satis
1710 818 1884 859 incerta.

133 887 215 929 735
246 893 446 928 APIDIVS
476 893 710 941 MERVLA‚
753 887 871 943 quod
911 888 954 928 in
985 894 1082 929 acta
1112 886 1201 928 divi
1229 886 1416 941 Augusti
1446 900 1533 927 non
1562 887 1800 940 iuraverat,
1843 884 1940 927 albo

219 956 436 997 senatorio
466 970 492 996 a
519 954 694 996 Tiberio
724 970 838 997 anno
870 956 923 998 25
955 970 1102 997 erasus
1133 962 1199 997 est
1234 956 1331 997 Tac.
1354 969 1394 996 a.
1415 958 1454 1004 4,
1475 958 1545 997 42.

133 1023 216 1066 736
245 1029 445 1065 APINIVS
472 1028 606 1077 TIRO,
639 1024 884 1079 praetorius
915 1038 1027 1065 anno
1059 1024 1114 1066 69
1150 1024 1247 1065 Tac.
1269 1023 1309 1065 Ιι.
1330 1026 1370 1073 3,
1392 1026 1458 1066 57.
1481 1026 1545 1064 76.

134 1091 215 1134 ’737
246 1090 402 1147 Apion,
435 1092 757 1146 grammaticus,
791 1091 1014 1133 Plistonici
1045 1091 1160 1133 filius
1181 1091 1343 1134 Suidas
1371 1105 1405 1133 s.
1432 1105 1466 1135 v.
1491 1090 1652 1142 Ἀπίων,
1683 1091 1757 1146 qui
1788 1089 1941 1132 Plisto-

218 1160 335 1202 nices
356 1161 680 1215 cognominatus
702 1166 766 1202 est
786 1160 906 1202 Plin.
927 1174 970 1202 n.
991 1160 1032 1204 h.
1053 1164 1120 1210 37,
1139 1164 1203 1210 75,
1233 1159 1342 1202 Gell.
1363 1162 1402 1210 5,
1426 1163 1490 1209 14,
1513 1163 1560 1210 1,·
1578 1163 1616 1209 6,
1633 1162 1673 1209 8,
1697 1159 1942 1214 Aegyptius

218 1229 262 1270 in
293 1227 396 1271 Oasi
426 1235 553 1270 natus
583 1228 748 1282 Ioseph.
781 1231 930 1270 contra
958 1228 1166 1283 Apione‘m
1198 1232 1242 1278 2,
1272 1231 1312 1278 3,
1343 1228 1398 1270 ab
1427 1227 1736 1270 Alexandrinis
1768 1227 1943 1268 civitate

219 1296 403 1339 donatus
431 1296 518 1339 ibd.
549 1297 629 1339 sub
660 1297 834 1339 Tiberio
865 1297 1028 1339 Romae
1058 1297 1206 1338 docuit
1235 1296 1396 1339 Suidas
1426 1297 1453 1338 l.
1486 1296 1535 1346 l.,
1577 1297 1651 1352 qui
1691 1310 1788 1337 eum
1826 1309 1940 1350 cym-

218 1364 367 1408 balum
398 1365 560 1407 mundi·
579 1367 753 1408 vocavit
773 1365 888 1408 Plin.
910 1380 952 1408 n.
973 1365 1014 1407 h.
1027 1366 1173 1420 praef.
1194 1369 1276 1416 25;
1303 1364 1383 1407 sub
1405 1365 1452 1410 C.
1474 1364 1660 1406 Caesare
1685 1371 1775 1406 tota
1804 1365 1941 1406 circu-

218 1433 331 1475 latus
359 1439 425 1475 est
454 1434 639 1478 Graecia
667 1441 710 1476 et
739 1435 783 1475 in
814 1448 970 1477 nomen
1000 1434 1179 1476 Homeri
1214 1434 1269 1475 ab
1304 1432 1503 1475 omnibus
1534 1433 1783 1475 civitatibus
1811 1431 1942 1487 adop-

220 1508 334 1544 tatus
355 1502 518 1545 Seneca
538 1517 599 1556 ep.
621 1505 690 1553 88,
706 1506 776 1545 40.
807 1503 1000 1558 Legatus
1022 1502 1420 1545 Alexandrinorum
1440 1502 1624 1544 Iudaeos
1646 1501 1762 1557 apud
1782 1501 1942 1544 Gaium

218 1571 439 1612 accusavit
466 1570 632 1625 Ioseph.
664 1574 751 1613 ant.
780 1574 856 1622 18,
888 1574 938 1621 8,
969 1575 1020 1622 1,·
1060 1572 1214 1613 iterum
1257 1572 1417 1613 Romae
1455 1570 1601 1612 docuit
1638 1570 1719 1612 sub
1760 1568 1942 1611 Claudio

217 1638 378 1682 Suiolas
400 1638 426 1683 l.
449 1639 489 1689 l„
522 1639 596 1682 ubi
627 1638 795 1681 Plinius
826 1639 1079 1681 adulescens
1111 1654 1208 1681 eum
1239 1638 1350 1681 vidit
1369 1638 1488 1680 Plin.
1508 1652 1550 1680 n.
1572 1638 1612 1683 h.
1633 1641 1700 1688 30,
1722 1640 1788 1680 18.
1841 1634 1944 1679 Cum

219 1707 268 1749 de
305 1707 473 1762 inqenio
516 1707 789 1762 doctrinaque
833 1709 922 1750 eius
965 1711 1054 1750 tum
1099 1708 1148 1750 cle
1191 1707 1347 1750 studiis
1388 1707 1629 1750 Homericis
1672 1706 1755 1761 eqit
1795 1704 1942 1754 Lehrs,

214 1777 486 1830 Quaestiones
515 1777 656 1830 epicae
671 1791 721 1831 p.
738 1780 764 1819 1
783 1790 895 1831 sqq.;
922 1777 971 1819 dc
999 1777 1171 1831 scripas
1202 1776 1366 1818 Muller
1394 1775 1544 1819 FHG.
1581 1775 1671 1817 III
1686 1790 1732 1829 p.
1751 1777 1834 1817 506
1853 1787 1939 1828 sqq.

146 1869 204 1875 —
246 1845 299 1887 L.
328 1844 479 1887 Aelius
505 1845 712 1887 Aurelius
742 1844 1009 1902 Apolaustus
1038 1845 1297 1902 Memphius.

145 1938 204 1943 —
246 1912 296 1956 C.
327 1912 531 1955 Bellicius
562 1912 824 1970 Calpurnius
854 1914 1133 1971 Apolaustus.

135 1978 218 2025 73‘8
247 1981 512 2038 Apollinaris
551 1983 799 2025 nominatur
838 1983 952 2025 inter
980 1989 1148 2025 veteres
1177 1979 1419 2025 medicinae
1448 1983 1553 2024 artis
1584 1987 1779 2023 auctores
1810 1979 1942 2022 latino

218 2065 416 2094 sermone
444 2053 709 2108 perscriptos
742 2052 980 2094 Marcellus
1008 2052 1255 2107 Empiricus
1276 2052 1422 2106 praef.
1448 2054 1491 2094 2.

147 2144 207 2151 -
249 2118 456 2162 Aurelius
487 2119 767 2176 Apollinaris.

145 2213 205 2219 —
249 2187 458 2231 Cerellius
488 2187 768 2244 Apollinaris.

145 2281 204 2287 —
247 2255 456 2299 Claudius
485 2255 765 2312 Apollinaris.

145 2350 203 2357 —-
245 2332 288 2367 P.
320 2330 531 2366 COELIVS
566 2330 917 2369 APOLLINARIS.

145 2418 205 2424 —
247 2400 292 2436 L.
322 2399 564 2435 DOMITIVS
594 2399 946 2436 APOLLINARIS.

147 2487 206 2493 --
246 2462 493 2504 Nasennius
522 2460 802 2518 Apollinaris,

146 2554 205 2561 --
247 2530 449 2573 Pinarius
478 2528 756 2585 Apollinaris.

147 2599 317 2654 —[T.
329 2597 367 2654 P]
399 2599 641 2642 Prifernius
671 2599 831 2640 Paetus
862 2599 1092 2642 Memmius
1122 2598 1400 2655 Apollinaris.

147 2692 205 2697 —
250 2667 299 2711 C.
333 2667 554 2724 Sulpicius
584 2666 863 2724 Apollinaris.

136 2736 219 2779 739
248 2735 560 2792 Apollodorus,
593 2736 910 2790 Pergamenus,
943 2735 1092 2778 rhetor
1122 2736 1338 2787 Graecus,
1376 2735 1424 2778 C.
1457 2735 1656 2779 Caesaris
1687 2735 1778 2790 (qui
1794 2737 1946 2788 postea

218 2804 454 2860 Auqustus)
485 2805 657 2847 iuvenis
686 2805 892 2858 magister
917 2803 1089 2846 dicendi
1111 2803 1283 2847 Sueton.
1300 2784 1482 2859 Auqust.
1503 2807 1572 2854 89,
1595 2803 1754 2847 Strabo
1774 2805 1839 2853 13,
1859 2806 1898 2852 4,
1919 2805 1947 2844 3

210 2887 260 2927 p.
281 2875 377 2923 625,
405 2873 658 2926 Quintilian.
679 2875 718 2922 3,
741 2876 780 2922 1,
802 2875 867 2922 17,
898 2872 1143 2927 Hieronym.
1167 2873 1226 2915 ad
1245 2887 1284 2915 a.
1306 2872 1415 2917 Abr.
1436 2873 1567 2924 1953;
1595 2873 1813 2927 octoginta
1837 2870 1945 2913 duos

220 2957 356 2984 annos
386 2948 513 2984 natus
543 2941 651 2984 obiit
679 2941 859 2984 Lucian.
890 2940 1088 2984 Macrob.
1118 2944 1188 2984 23.
1248 2941 1463 2998 Discipuli
1497 2947 1669 2998 praeter
1698 2940 1944 2995 Augustum

221 3011 499 3052 nominantur
519 3009 715 3052 Calidius
736 3009 984 3063 Hieronym.
1016 3009 1044 3051 l.
1076 3009 1116 3060 l.,
1149 3010 1403 3052 Bruttedius
1424 3011 1559 3065 Niger
1580 3010 1742 3054 Seneca
1763 3012 1944 3052 controv.

219 3082 262 3129 2,
283 3082 323 3129 1,
343 3081 410 3128 36,
441 3078 677 3134 Vipsanius
708 3076 880 3120 Atticus
910 3077 996 3122 ibd.
1027 3081 1071 3127 2,
1101 3080 1140 3128 5,
1170 3081 1237 3128 11,
1268 3078 1472 3120 Moschus
1501 3078 1588 3121 ibd.
1614 3082 1657 3129 2,
1677 3081 1717 3129 5,
1738 3081 1804 3128 13,
1836 3078 1945 3119 Tur-

221 3148 341 3189 rinus
372 3153 496 3202 pater
523 3146 609 3190 ibd.
639 3150 691 3188 10
713 3160 787 3200 pr.
809 3149 874 3196 14,
906 3146 1146 3202 Dionysius
1178 3145 1347 3188 Atticus
1375 3147 1533 3189 Strabo
1565 3147 1592 3190 l.
1616 3147 1655 3197 l.,
1693 3145 1944 3200 Quintilian.

220 3218 260 3266 3,
281 3218 320 3264 1,
342 3217 409 3264 18,
441 3213 491 3257 C.
512 3213 708 3269 Valgius,
741 3213 932 3268 Mattius,
956 3214 1172 3256 Domitius
1199 3215 1450 3267 Quintilian.
1484 3215 1509 3257 l.
1533 3215 1559 3257 l.
1581 3214 1873 3271 Apollodorus
1905 3219 1946 3254 et

221 3281 473 3326 Theodorus
495 3282 720 3327 Gadareus
750 3281 944 3324 diversas
970 3283 1192 3338 opiniones
1217 3283 1501 3338 tradiderunt,
1533 3283 1824 3340 appellatique
1845 3281 1946 3323 inde

221 3350 501 3408 Apollodorei
542 3357 584 3394 et
622 3349 867 3393 Theodorei
916 3350 972 3392 ad
1015 3365 1178 3393 morem
1221 3358 1362 3394 certas
1406 3353 1452 3394 in
1497 3351 1770 3408 philosophia
1809 3356 1946 3392 sectas
