2216 3762
289 340 488 377 ACILIVS
1178 334 1203 376 8
1895 340 2092 377 AGILIVS

290 471 343 513 57
377 471 444 513 M'.
465 477 661 512 ACILIVS
688 475 904 511 GLABRIO
932 484 1017 511 cos.
1041 470 1260 522 (incertum
1279 469 1387 524 quis)
1409 484 1518 512 nom.
1539 471 1585 512 in
1607 470 1726 512 titulo
1748 470 1901 512 Arriae
1922 470 2092 513 Plariae

372 540 514 581 Verae
542 538 765 581 Priscillae
796 537 973 593 (uxoris)
1003 537 1137 581 Orelli
1153 540 1287 582 2228.

287 606 341 648 58
371 613 424 649 M.
445 613 641 649 ACILIVS
665 612 894 660 GLABRIO,
917 606 1068 648 consul
1091 622 1128 651 a.
1151 607 1234 649 256
1255 621 1353 649 cum
1371 607 1423 649 L.
1445 606 1619 650 Valerio
1640 607 1832 650 Maximo
1853 607 1909 652 II.
1951 607 2091 650 Plena

370 676 545 717 nomina
566 678 710 718 extant
729 675 774 716 in
796 677 823 716 t.
837 674 1005 717 Notieie
1018 674 1128 730 deyli
1137 674 1268 718 Scavi
1279 677 1389 717 1880
1400 690 1448 730 p.
1460 678 1556 726 261,
1575 678 1752 718 ceterum
1769 675 1950 720 Glabrio
1970 676 2088 730 fasti.

286 743 340 785 59
370 743 436 785 M'.
458 749 655 785 ACILIVS
695 749 911 784 GLABRIO
944 748 1020 785 CN.
1054 749 1334 786 CORNELIVS
1367 750 1605 798 SEVERVS,
1638 743 1787 786 consul
1817 759 1854 786 a.
1877 745 1959 787 152
1990 758 2089 786 cum

370 810 428 853 M.
451 810 626 853 Valerio
653 810 870 854 Homullo.
923 811 1055 853 Tituli
1088 812 1324 854 Tiburtini:
1353 812 1478 855 XIV
1488 815 1603 856 4237
1621 811 1679 867 (1)
1712 811 1855 854 ordine
1886 811 2090 855 honorum

371 880 551 930 turbato,
581 894 699 933 quem
730 880 769 922 ei
784 880 932 934 posuit
952 880 994 923 S.
1018 880 1066 922 P.
1094 880 1146 934 Q.
1167 879 1337 935 Tiburs,
1362 881 1470 923 alter
1488 880 1661 923 mutilus
1678 880 1804 923 XIV
1814 882 1927 923 2484
1947 878 2011 936 (2)
2033 881 2088 935 cf.

369 947 482 989 Add.
491 962 538 1001 p.
548 950 645 997 492,
663 948 828 1002 quiquo
848 948 968 990 modo
989 951 1207 1003 conceptus
1226 949 1357 1003 fuerit
1374 963 1460 992 non
1481 949 1618 1003 liquet,
1635 949 1804 1003 positus
1829 951 1889 991 est
1907 949 2089 1003 fortasse

370 1016 423 1056 ab
455 1013 545 1070 ipso
575 1016 772 1071 filiabu&
801 1019 1058 1059 memoratur
1086 1017 1133 1059 in
1165 1019 1193 1061 t.
1224 1017 1422 1071 Allifano
1444 1018 1666 1072 proneptis
1695 1017 1777 1060 IX
1802 1020 1914 1060 2333
1944 1015 2016 1073 (3).

454 1083 591 1126 Plena
610 1085 784 1127 nomina
804 1085 967 1127 exhibet
987 1088 1014 1127 t.
1032 1089 1069 1136 1,
1093 1118 1104 1144 .
1116 1118 1125 1127 .
1140 1117 1149 1127 .
1163 1118 1172 1128 .
1185 1086 1249 1127 rio
1273 1085 1351 1128 Cn.
1376 1085 1601 1128 Cornelius
1622 1085 1809 1129 Severus
1829 1088 2015 1140 superest
2041 1084 2089 1127 in

369 1155 397 1193 t.
414 1155 446 1195 2
465 1152 544 1196 Μ’.
566 1151 734 1195 Acilius
757 1152 936 1196 Glabrio
958 1168 1047 1195 sen.
1069 1157 1096 1196 t.
1114 1157 1141 1195 3
1162 1153 1252 1205 (ubi
1270 1157 1498 1207 sequuntur
1516 1154 1633 1209 filius
1651 1155 1885 1210 neposque).
1917 1153 1973 1196 In
1994 1167 2088 1196 con-

368 1220 533 1262 sulatu:
561 1220 638 1263 M’.
659 1220 827 1263 Acilius
850 1220 1030 1265 Glabrio
1050 1221 1178 1264 XIV
1189 1224 1274 1265 250
1296 1221 1476 1264 Glabrio
1499 1222 1616 1266 alibi.
1661 1222 1740 1266 M'.
1763 1221 1805 1277 f.,
1838 1221 1954 1264 tribu
1975 1220 2087 1276 Gal„

367 1289 589 1345 municeps
607 1289 860 1331 Tiburtinus
880 1292 907 1333 t.
925 1293 961 1340 1,
983 1289 1100 1344 filius
1121 1290 1288 1332 omnino
1306 1289 1390 1334 Μ’.
1403 1290 1541 1332 Acilii
1556 1289 1807 1333 Glabrionis
1829 1303 1912 1332 cos.
1934 1303 1974 1334 a.
1990 1293 2087 1334 124.

367 1357 507 1398 IIIvir
535 1372 639 1399 auro
670 1363 848 1412 argento
879 1372 978 1399 aere
1007 1357 1150 1400 flando
1181 1357 1403 1413 feriundo,
1442 1358 1575 1401 VIvir
1615 1365 1852 1401 turmarum
1893 1358 2089 1414 equitum

369 1425 673 1480 Romanorum,
692 1425 904 1480 ,tribunus
935 1425 1120 1469 militum
1145 1425 1224 1481 leg.
1246 1427 1334 1470 XV
1354 1426 1631 1482 Apollinaris,
1654 1426 1820 1481 legatus
1841 1427 2089 1483 provinciae

369 1492 523 1535 Cretae
546 1493 826 1549 Cyrenarum,
856 1494 1025 1549 legatus
1057 1495 1308 1550 provinciae
1328 1494 1515 1549 Africae,
1540 1501 1742 1551 quaestor
1767 1495 1867 1551 imp.
1891 1494 2089 1537 Caesaris

367 1561 418 1603 T.
449 1560 547 1603 Aeli
577 1562 789 1604 Hadriani
819 1562 1028 1604 Antonini
1058 1562 1172 1617 Aug.
1204 1563 1284 1618 Pii,
1318 1569 1502 1619 praetor,
1534 1562 1617 1618 leg.
1649 1562 1779 1605 Asiae
1810 1566 1837 1608 t.
1869 1566 1907 1613 1,
1940 1562 2089 1605 consul

366 1644 404 1671 a.
430 1630 510 1672 152
540 1630 649 1684 fasti
677 1633 716 1672 et
746 1633 773 1672 t.
796 1634 835 1673 1.
855 1634 894 1675 3.
914 1655 971 1661 -—-
991 1630 1207 1685 Pontifex,
1241 1630 1373 1674 salius
1397 1630 1612 1686 Collinus3
1644 1637 1851 1688 patronus
1881 1631 2088 1687 municipi

366 1696 583 1752 Tiburtis,
615 1713 686 1754 qq.
716 1698 967 1753 designatus
999 1702 1027 1741 t.
1059 1703 1096 1741 1.
1159 1699 1367 1742 Mulieres
1404 1714 1511 1753 quae
1549 1699 1794 1742 nominatae
1832 1700 2006 1753 fuerunt
2042 1700 2090 1742 in

366 1769 394 1808 t.
422 1769 450 1808 3
479 1766 681 1820 quomodo
711 1780 890 1810 conexae
923 1768 1009 1810 sint
1049 1781 1139 1810 cum
1178 1767 1254 1810 hoc
1293 1768 1497 1810 incertum
1535 1771 1607 1810 est.
1666 1767 1954 1811 Probabiliter
1993 1782 2088 1812 con-

365 1834 463 1876 iecit
491 1834 660 1877 Dessau
689 1834 804 1879 Add.
838 1851 887 1890 p.
916 1839 1002 1879 492
1032 1836 1283 1878 Faustinam
1322 1850 1495 1878 umorem
1526 1849 1617 1878 cum
1645 1835 1800 1878 marito
1831 1837 2028 1891 posuisse
2059 1840 2086 1880 t.

363 1902 638 1957 sepulcralem
678 1903 781 1958 filiis
819 1904 1054 1947 Faustinae
1102 1907 1142 1947 et
1181 1937 1190 1946 .
1210 1937 1219 1947 .
1238 1937 1247 1946 .
1265 1903 1390 1946 cillae
1427 1903 1662 1947 Acilianae.
1738 1904 1859 1958 Quod
1899 1906 1939 1948 si
1979 1909 2089 1948 recte

365 1971 554 2025 positum
591 1974 669 2022 est,
704 1971 834 2014 Arria
863 1971 1010 2015 Plaria
1038 1972 1155 2015 Vera
1188 1971 1387 2015 Priscilla
1416 1972 1489 2015 M’.
1523 1971 1636 2015 Acili
1664 1971 1915 2016 Glabrionis
1946 1964 2101 2031 (uxor)

366 2054 451 2082 cos.
482 2042 509 2081 t.
537 2039 807 2082 Pisaurensis
835 2040 968 2084 Orelli
986 2043 1109 2084 2228
1136 2041 1207 2083 vise
1237 2040 1295 2083 ad
1323 2054 1402 2084 cos.
1436 2055 1475 2085 a.
1497 2043 1582 2084 152
1602 2040 1803 2095 pertinet.

281 2108 336 2150 60
364 2106 532 2150 Acilius
571 2107 798 2163 Lucanus,
842 2107 1155 2164 Cordubensis,
1197 2115 1361 2163 orator,
1402 2115 1525 2165 pater
1554 2107 1743 2164 Aciliae,
1781 2124 1888 2152 avus
1918 2108 2087 2152 Annaei

365 2175 532 2217 Lucani
562 2182 715 2232 poetae
746 2176 906 2219 Vaccae
934 2177 1005 2220 vit.
1027 2178 1129 2220 Luc.
1154 2177 1269 2220 Suet.
1291 2177 1366 2219 rel.
1387 2175 1519 2229 Reiff.
1543 2179 1606 2219 76.

280 2244 330 2286 61
365 2250 416 2288 M.
459 2249 656 2286 Aclmvs
694 2251 929 2287 MEMMIVS
972 2251 1203 2298 GLABRIO,
1245 2251 1417 2288 curator
1456 2246 1649 2301 riparum
1689 2251 1732 2287 et
1769 2244 1881 2287 alvei
1919 2246 2088 2290 Tiberis

366 2315 503 2354 aetate
535 2312 696 2355 Tiberii
728 2316 775 2355 ut
803 2313 966 2355 videtur
997 2317 1025 2356 t.
1055 2314 1207 2358 urban.
1238 2313 1362 2358 Re'm.
1394 2313 1596 2357 Mittheil.
1627 2315 1736 2356 1889
1758 2327 1808 2368 p.
1827 2316 1926 2358 284.

279 2381 333 2422 62
363 2387 414 2422 Μ.
436 2387 634 2423 ACILIVS
656 2387 856 2424 PRISGVS
887 2388 1122 2424 EGRILIVS
1153 2388 1449 2425 PLARIANVS.
1497 2381 1652 2423 Tituli:
1683 2381 1771 2436 ipse
1792 2383 1940 2436 posuit
1958 2383 2083 2426 XIV

366 2452 422 2492 ’72
452 2448 510 2503 (1)
540 2448 768 2492 Ostiensem
798 2453 836 2492 et
864 2450 987 2493 XIV
999 2454 1121 2494 2212
1150 2450 1212 2506 (2)
1245 2451 1422 2505 oriyinis
1451 2451 1656 2500 incertae,
1699 2450 1740 2492 ei
1757 2451 1926 2504 positus
1954 2451 2086 2506 fuisse

362 2516 526 2558 videtur
556 2517 701 2559 titulus
733 2518 957 2572 acephalus
977 2518 1103 2561 XIV
1114 2521 1194 2562 155
1219 2519 1277 2574 (3)
1299 2538 1355 2554 =
1380 2518 1448 2561 VI
1459 2520 1567 2561 1550
1598 2517 1695 2562 add.
1727 2532 1844 2572 quem
1872 2519 1948 2573 qui
1974 2518 2087 2562 dedi-

366 2588 518 2627 carunt
547 2585 627 2627 duo
657 2585 862 2637 homines,
893 2586 1021 2629 iidem
1041 2590 1276 2641 posuerunt
1306 2590 1508 2641 coynatae
1536 2586 1704 2629 cuidam
1728 2586 1786 2631 M.
1813 2586 1928 2629 Acili
1948 2586 2087 2629 Prisci

366 2652 505 2707 Egrili
527 2653 716 2695 Plariani
738 2654 905 2696 titulum
936 2658 974 2697 et
1002 2655 1140 2709 ipsum
1168 2654 1302 2706 hodie,
1333 2655 1525 2697 mutilum
1543 2654 1624 2697 XI
1629 2653 1670 2697 V
1679 2657 1760 2697 156
1785 2652 1856 2711 (4).
1899 2654 2088 2698 Nomina

367 2720 500 2774 plena
530 2721 722 2764 exhibent
752 2725 779 2766 t.
802 2725 840 2764 1.
861 2726 904 2766 2.
925 2726 964 2764 4.
1019 2722 1072 2765 A.
1094 2722 1123 2765 f.
1151 2727 1180 2766 t.
1200 2727 1226 2766 1
1246 2743 1301 2758 =
1319 2722 1374 2766 A.
1405 2722 1559 2777 Egrilii
1589 2721 1779 2765 Plariani
1810 2721 1936 2772 filius,
1968 2723 2087 2767 tribu

366 2789 466 2832 Vot.
498 2792 526 2833 t.
548 2792 586 2831 1.
646 2783 806 2832 IIIIvir
837 2791 1007 2832 viarum
1038 2791 1339 2842 curandarum,
1379 2790 1581 2833 tribunus
1620 2789 1806 2832 militum
1835 2790 2016 2845 legionis
2043 2791 2087 2835 V

367 2856 683 2912 Macedonicae,
708 2865 909 2914 quaestor
932 2858 1136 2914 urbanus,
1159 2859 1310 2902 aedilis
1330 2858 1468 2915 plebis
1492 2858 1672 2913 cerialis,
1705 2864 1887 2915 praetor,
1919 2858 2086 2915 legatus

367 2926 618 2981 provinciae
640 2925 813 2969 Siciliae
835 2933 875 2969 et
894 2926 1036 2982 Asiae,
1070 2926 1300 2984 proconsul
1321 2927 1569 2984 provinciae
1590 2926 1757 2971 Galliae
1778 2926 2083 2983 Narbonensis,

367 2992 535 3048 legatus
558 2993 740 3048 legionis
763 2995 874 3038 VIII
895 2994 1121 3050 Augustae
1142 2999 1171 3039 t.
1191 2999 1230 3047 3,
1262 2995 1505 3052 praefectus
1527 2995 1684 3038 aerarii
1703 2994 1899 3038 militaris
1920 2998 1948 3038 t.
1969 2998 2008 3040 1.
2029 3020 2087 3026 -

370 3061 574 3103 Pontifex
613 3062 795 3104 Volcani
837 3069 878 3105 et
917 3063 1088 3105 aedium
1128 3078 1370 3118 sacrarum,
1415 3069 1622 3120 patronus
1666 3062 1859 3105 coloniae
1901 3062 2085 3119 (Ostiae)

369 3132 397 3171 t.
420 3132 458 3172 1.
479 3154 536 3159 —
565 3129 620 3172 In
651 3130 858 3175 titulo...
902 3130 1071 3173 Plariae
1100 3132 1242 3185 Verae
1279 3132 1428 3174 matris
1457 3130 1511 3175 A.
1543 3130 1682 3186 Egrili
1721 3130 1912 3173 Plariani
1950 3133 2086 3187 patris

370 3197 576 3253 p(atroni)
617 3197 844 3251 c(oloniae)
886 3213 971 3242 cos.
1002 3199 1128 3242 XIV
1142 3203 1224 3243 399
1253 3199 1422 3243 Dessau
1461 3199 1665 3254 intelleqit
1703 3199 1836 3255 patris
1865 3198 1925 3241 M.
1955 3197 2086 3241 Acilii

369 3266 509 3308 Prisci
540 3265 693 3320 Egrilii
724 3265 928 3310 Plariani.
979 3267 1100 3320 Quod
1126 3268 1166 3310 si
1192 3271 1301 3310 reete
1321 3268 1511 3322 positum
1541 3270 1612 3318 est,
1643 3266 1711 3309 hic
1740 3266 1826 3320 fuit
1854 3280 1938 3308 cos.
1970 3266 2084 3320 (suff.

371 3349 408 3376 a.
431 3334 626 3388 incerto).
671 3333 823 3376 Nescio
855 3348 912 3377 an
942 3336 1122 3389 eoyitari
1143 3336 1280 3389 possit
1306 3336 1440 3392 patris
1469 3348 1606 3378 vocem
1635 3337 1797 3377 tantum
1827 3333 1885 3376 ad
1913 3333 2086 3378 distinc-

372 3402 524 3444 tionem
537 3401 750 3444 hominum
768 3404 1055 3457 coynominum
1072 3403 1262 3446 additam
1276 3417 1372 3454 esse,
1388 3406 1436 3445 ut
1452 3403 1623 3446 additur
1637 3416 1935 3456 nonnunquam
1953 3401 2087 3457 fillius.
