2202 3730
255 292 538 328 CREMVTIVS
1111 285 1195 326 480
1799 294 2053 331 CRESGENS

337 428 580 474 accusatus,
622 419 738 475 quod
780 420 904 461 editis
944 419 1172 462 annalibus
1211 420 1473 477 laudatoque
1513 422 1573 464 M.
1604 423 1740 466 Bruto
1774 424 1823 468 C.
1855 425 2054 468 Cassium

338 491 628 531 Romanorum
658 487 853 529 ultimum
886 487 1079 542 dixisset,
1115 490 1251 530 vitam
1281 489 1425 531 inedia
1455 489 1597 532 finivit
1632 492 1730 533 Tae.
1760 506 1800 534 a.
1830 496 1869 543 4,
1899 496 2053 544 34-35,

337 558 424 600 Dio
453 560 518 606 57,
550 560 620 606 24,
653 556 814 598 Seneca
844 556 870 597 l.
903 555 928 597 Ζ.
959 559 1035 606 22,
1066 559 1091 598 6
1121 557 1175 610 ef.
1207 556 1378 600 Sueten.
1415 558 1506 602 Tib.
1534 562 1600 601 61.

422 624 571 666 Edidit
591 623 779 678 annales,
804 624 962 679 quibus
988 624 1134 666 civilia
1158 624 1274 667 bella
1297 625 1488 680 deflevit,
1514 627 1832 683 proscribentes
1857 630 1902 670 in
1922 636 2056 672 aeter-

336 708 438 734 num
469 694 560 748 ipse
586 693 840 748 proscripsit
861 692 1022 734 Seneca
1044 692 1069 736 l.
1093 692 1119 734 l.
1141 696 1212 743 26,
1235 697 1284 745 1,·
1312 694 1447 736 verba
1476 696 1567 737 eius
1591 695 1644 737 de
1673 703 1810 738 morte
1833 696 2055 740 Ciceronis

335 762 575 802 afferuntur
591 760 752 803 Seneca
771 773 935 802 suasor.
953 764 989 811 6,
1007 763 1071 803 19.
1089 764 1170 812 23,-
1190 761 1244 803 de
1265 761 1448 804 lectione
1469 770 1642 805 senatus
1662 779 1699 808 a.
1719 765 1867 807 ’736Ξ
1880 766 1932 808 18
1948 781 1986 810 a.
2005 766 2054 808 C.

334 829 537 870 laudatur
558 828 731 871 Sueten.
753 828 933 882 Auqust.
955 831 1030 880 35,·
1060 835 1210 871 auctor
1239 829 1370 872 Plinii
1401 830 1520 875 Plin.
1551 846 1593 874 n.
1620 832 1660 876 h.
1682 833 1768 877 ind.
1791 833 1816 875 Z.
1841 837 1877 876 7.
1898 838 1964 876 10.
1986 838 2053 885 16,

335 898 490 938 citatur
513 896 599 938 ibd.
621 900 684 946 10,
709 900 762 938 74
783 897 855 951 (=
875 896 1006 939 Solin.
1029 901 1094 947 14,
1117 897 1211 952 19);
1240 902 1306 949 16,
1327 901 1422 941 108.
1467 900 1590 942 Libri
1620 907 1717 956 post
1737 901 2055 944 damnationem

334 971 507 1006 senatus
546 964 741 1006 consulto
778 980 856 1020 per
895 964 1055 1006 aediles
1095 967 1273 1007 cremati
1314 973 1434 1021 sunt,
1468 968 1542 1009 sed
1573 976 1825 1012 manserunt
1854 970 2055 1012 occultati

335 1040 376 1075 et
416 1047 546 1088 opera
576 1033 767 1075 Marciae
802 1032 917 1074 filiae
956 1034 1169 1089 permissu
1209 1035 1480 1090 imperatoris
1512 1037 1596 1080 Gai
1628 1037 1769 1079 denuo
1811 1038 1916 1080 editi
1955 1046 2056 1081 sunt

339 1102 435 1143 Tae.
460 1116 498 1144 a.
520 1105 559 1151 4,
580 1104 646 1151 35,
679 1101 766 1143 Dio
787 1104 852 1151 57,
875 1105 945 1152 24,
975 1102 1137 1144 Seneca
1158 1103 1215 1144 ad
1239 1103 1381 1145 Mare.
1404 1107 1442 1154 1,
1471 1104 1641 1147 Sueten.
1666 1105 1798 1160 Caliy.
1820 1109 1886 1156 16,
1908 1121 2054 1162 quam-

334 1184 463 1225 quam
495 1171 760 1211 circumcisis
787 1185 897 1225 quae
918 1170 1081 1212 dixisse
1102 1170 1245 1214 Cordo
1272 1179 1478 1214 nocuerat
1500 1173 1674 1226 Quintil.
1696 1175 1794 1216 inst.
1814 1177 1883 1225 10,
1901 1178 1940 1225 1,
1958 1178 2052 1217 104.

251 1238 358 1280 1282
390 1238 638 1280 Cremutius
659 1239 788 1292 Ruso,
821 1253 847 1279 a
877 1253 962 1295 quo
993 1245 1042 1281 ut
1071 1254 1158 1281 una
1188 1255 1334 1282 secum
1365 1255 1539 1283 causam
1560 1243 1716 1284 Triarii
1739 1248 1852 1297 agat,
1884 1242 2054 1285 Plinius

332 1306 440 1361 petit
471 1307 587 1360 epist.
619 1310 657 1357 6,
689 1310 770 1357 23,·
799 1307 854 1348 ad
884 1308 1102 1349 Rusonem
1133 1308 1324 1351 eiusdem
1354 1309 1455 1351 data
1487 1317 1550 1352 est
1580 1312 1698 1365 epist.
1731 1314 1769 1365 9,
1801 1315 1868 1353 19.

274 1399 329 1403 —
362 1380 404 1423 Q.
438 1380 700 1416 CAECILIVS
731 1380 948 1417 RVFINVS
978 1382 1378 1418 CREPEREIANVS.
1824 1417 1827 1418 ⁷

275 1467 333 1471 -—
361 1449 412 1484 M.
446 1448 707 1484 oAEelles
739 1449 1013 1485 FvsolANVS
1048 1444 1463 1499 CREP[E]RE1ANVS
1494 1445 1858 1501 F[L]OR[1]ANVS.

250 1511 359 1553 1283
393 1509 648 1566 Crepereius
680 1510 1024 1567 Calpurnianus,
1063 1513 1484 1569 Pompeiopolitanus
1516 1514 1569 1555 de
1600 1514 1712 1556 bello
1743 1515 1946 1558 Parthico
1978 1517 2053 1558 im-

335 1579 547 1634 peratoris
588 1579 637 1622 L.
681 1579 786 1621 Veri
833 1581 1005 1636 scripsit
1043 1580 1344 1636 Thucydidem
1385 1582 1592 1624 imitando
1630 1583 1811 1625 [facian.
1850 1585 2051 1637 quomodo

332 1647 427 1688 hist.
459 1648 661 1690 conscrib.
693 1651 757 1689 15.

250 1715 357 1757 1284
389 1714 647 1770 Crepereius
679 1714 843 1770 Gallus,
876 1716 1100 1760 familiaris
1130 1717 1411 1774 Agrippinae,
1444 1720 1594 1761 matris
1626 1719 1822 1774 Neronis,
1856 1735 1968 1763 anno
1999 1723 2053 1764 59

332 1784 461 1838 periit
495 1783 592 1825 Tac.
626 1797 665 1825 a.
697 1787 762 1834 14,
795 1787 834 1826 5.

249 1852 358 1893 1285
392 1851 647 1907 Crepereius
669 1851 820 1906 Pollio,
853 1853 927 1908 qui
958 1853 1171 1909 triplicem
1203 1869 1379 1896 usuram
1410 1862 1632 1910 praestare
1659 1862 1834 1911 paratus
1856 1858 2054 1900 circumit

334 1926 376 1960 et
415 1919 556 1961 fatuos
596 1934 682 1961 non
722 1921 888 1962 invenit
917 1921 1108 1963 Juvenal.
1140 1925 1178 1972 9,
1210 1925 1324 1973 5-8;
1364 1923 1500 1965 Pollio
1541 1924 1765 1965 mendicus
1801 1925 1859 1966 id.
1891 1929 1956 1976 11,
1986 1930 2054 1968 43.

248 1988 358 2029 1286
388 1994 431 2028 L.
456 1993 766 2030 OREPEREIVS
788 1995 1058 2038 PROCVLVS,
1081 1990 1230 2031 consul
1247 1990 1461 2045 (suffectus
1482 2006 1592 2033 anno
1613 1991 1799 2046 incerto),
1821 1994 2055 2048 proconsul

332 2056 366 2097 I
368 2055 444 2097 ΘΙ
467 2058 545 2097 744
582 2075 638 2090 Ξ
676 2056 786 2099 OIG
819 2060 928 2099 5798
967 2061 994 2099 t.
1039 2058 1372 2113 Neapolitanus,
1414 2073 1533 2113 quern
1569 2064 1800 2115 posuerunt
1828 2058 2054 2118 Ἀρτεμίσιοι

333 2126 540 2180 φρήτορες.
613 2123 681 2166 De
724 2126 964 2167 nominibus
1010 2126 1191 2169 homnis
1234 2128 1321 2169 trea
1366 2141 1471 2181 quae
1516 2131 1661 2170 extant
1708 2129 1824 2171 tituli
1865 2131 2055 2186 eoeempla

333 2192 603 2233 dissentiunt:
632 2198 671 2232 A.
690 2197 985 2235 ΚΡΕΠΕΛΛΙΟΝ
1002 2194 1171 2237 Fabius
1185 2195 1410 2246 Iordanus,
1428 2201 1468 2237 A.
1487 2201 1784 2238 ΚΡΕΠΕΡΛΙΟΝ
1807 2196 2052 2252 Capaeeeus,

330 2265 370 2300 A.
395 2264 686 2302 ΚΡΕΠΕΡΕΙΟΥ
711 2266 927 2303 ΠΡΟΚΛΟΥ
958 2263 1100 2304 Mare.
1132 2263 1234 2305 Ant.
1265 2264 1462 2318 Suryens.

248 2329 355 2371 1287
377 2335 420 2372 L.
439 2335 749 2372 CREPEREIVS
765 2336 995 2373 ROGATVS
1011 2333 1130 2386 seyne
1143 2338 1471 2375 SECVNDINVS.
1494 2333 1657 2375 Titulus
1673 2334 1762 2375 eius
1782 2333 1850 2377 VI
1856 2338 1970 2377 1397
1977 2338 2049 2392 (1),

330 2400 587 2439 memoratur
616 2398 663 2439 in
692 2401 720 2440 t.
751 2399 899 2441 uxoris
928 2402 1037 2442 1398
1057 2401 1133 2456 (2).
1154 2425 1212 2430 —
1231 2400 1282 2444 L.
1315 2400 1570 2457 Crepereius
1601 2402 1794 2456 Rogatus
1825 2405 1853 2446 t.
1875 2406 1915 2454 1,
1947 2402 2051 2446 Cre-

331 2466 503 2521 pereius
534 2467 727 2520 Rogatus
757 2470 785 2509 t.
819 2471 856 2510 2.
889 2493 944 2497 —--
977 2468 1212 2516 Secundini
1244 2473 1271 2512 t.
1297 2473 1336 2514 1.

415 2533 691 2576 Clarissimus
722 2537 790 2577 vir
821 2539 849 2577 t.
880 2539 918 2578 1.
950 2540 994 2587 2,
1024 2537 1222 2593 pontifex
1252 2537 1322 2579 dei
1354 2538 1466 2581 Solis
1498 2540 1598 2593 (non
1619 2542 1716 2581 ante
1735 2538 2048 2595 Aurelianum),

333 2604 565 2657 septemvir
586 2603 855 2659 (epulonum)
879 2611 920 2646 et
950 2606 1130 2660 insignis
1156 2606 1380 2662 Lupercus
1403 2610 1431 2648 t.
1452 2610 1491 2648 1.
1518 2631 1566 2636 —
1588 2607 1639 2649 L.
1661 2607 1824 2650 Baebia
1845 2607 2051 2650 Sallustia

329 2669 610 2713 Crescentilla
640 2686 751 2713 uxor
782 2676 808 2717 t.
839 2675 884 2715 2.

246 2738 356 2778 1288
388 2737 607 2791 Crescens,
643 2740 828 2782 Neronis
859 2740 1039 2783 libertus
1070 2757 1182 2784 anno
1205 2743 1259 2784 69
1285 2742 1550 2797 Carthagine
1580 2743 1753 2799 epulum
1783 2743 1900 2800 plebi
1930 2743 2051 2786 dedit

330 2805 384 2847 ob
413 2805 622 2848 laetitiam
653 2816 866 2851 recentem
897 2811 1065 2865 imperii
1097 2809 1281 2852 Othonis
1317 2811 1415 2853 Tae.
1447 2811 1487 2856 h.
1518 2815 1556 2862 1,
1589 2814 1654 2854 76.

249 2873 356 2914 1289
388 2873 610 2928 Crescens,
634 2875 912 2933 philosophus
936 2877 1139 2933 Cynicus,
1163 2880 1237 2934 qui
1257 2878 1575 2921 Antoninorum
1598 2879 1866 2936 temporibus
1886 2879 2048 2922 Romae

331 2941 526 2996 degebat,
550 2950 699 2985 contra
720 2959 848 3000 quem
867 2946 1061 2988 Iustinus
1084 2946 1351 2989 Christianos
1373 2947 1566 2989 defendit
1585 2948 1739 2991 lustin.
1759 2947 1922 3002 apoloy.
1937 2951 1981 2998 2,
1996 2951 2025 2990 3
2035 2961 2049 2999 ;

330 3009 510 3051 insidias
541 3011 708 3053 Iustino
741 3019 782 3054 et
812 3014 996 3056 Tatiano
1028 3016 1188 3056 struxit
1221 3015 1390 3063 Tatian.
1422 3015 1620 3058 adversus
1646 3019 1756 3070 yent.
1786 3018 1863 3066 19,·
1897 3023 2048 3058 auctor

331 3077 530 3133 supplicii
558 3079 712 3122 Iustini
733 3081 889 3124 Euseb.
913 3082 1008 3125 hist.
1031 3083 1169 3127 eeeles.
1190 3087 1229 3134 4,
1253 3087 1308 3125 17
1337 3084 1429 3139 (ubi
1455 3085 1584 3126 verba
1612 3084 1772 3126 Iasum·
1799 3087 1838 3125 et
1874 3085 2051 3127 Tatiani

331 3144 598 3201 afferuntur),
638 3148 791 3192 Euseb.
825 3164 929 3193 aron.
962 3151 1103 3194 chron.
1135 3152 1193 3194 ad
1222 3166 1260 3196 a.
1292 3152 1400 3195 Abr.
1431 3155 1543 3195 2168
1572 3172 1627 3187 =
1656 3152 1902 3206 Hieronym.
1933 3155 2047 3195 2170

327 3232 384 3246 z
409 3212 587 3266 Syneell.
609 3229 657 3268 p.
677 3219 768 3266 663,
790 3220 826 3267 6,
859 3218 1103 3273 Hieronyon.
1127 3219 1178 3262 de
1203 3220 1279 3263 vir.
1311 3220 1372 3262 ill.
1404 3223 1462 3263 23
1491 3221 1552 3262 II
1566 3234 1615 3274 p.
1636 3223 1717 3262 851
1747 3220 1810 3262 ed.
1843 3220 2045 3271 Vallarsi,

329 3281 489 3323 Surdas
518 3283 552 3324 I
565 3298 613 3337 10.
634 3287 744 3326 1018
774 3286 834 3329 ed.
866 3286 1133 3341 Bernhardy.

272 3373 329 3378 ——-
358 3349 416 3391 M.
450 3350 659 3393 Aemilius
692 3351 913 3398 Crescens.
