2176 3750
265 321 555 359 ANAXILAVS
1141 313 1198 356 54
1823 319 2070 357 ANIGETvs

267 454 351 496 423
381 452 645 501 Anaxilaus,
689 452 966 501 Larissaeus,
1008 450 1322 505 Pythagoricus
1365 455 1406 491 et
1444 464 1595 505 magus
1635 450 1690 493 ab
1725 450 1924 507 Augusto
1967 452 2074 495 urbe
2160 497 2162 499 ,

352 521 564 577 Italiaque
591 519 768 575 pellitur
796 519 1039 572 Hieronym.
1067 518 1135 560 ad.
1168 532 1208 559 a.
1234 516 1290 560 A.
1311 520 1446 570 1989,·
1476 522 1623 561 auctor
1647 519 1790 562 Plinii
1817 534 1858 565 n.
1889 521 1930 566 h.
1963 535 2073 564 nom.

352 591 437 634 ind.
461 591 487 633 l.
512 592 578 639 19,
600 592 671 639 21,
691 591 859 638 22—26,
882 590 1042 634 28-31,
1075 587 1231 628 citatur
1252 589 1317 637 19,
1340 589 1422 638 20,·
1451 589 1521 637 25,
1543 590 1646 639 154,·
1673 591 1744 639 28,
1767 591 1849 631 181
1861 602 1874 640 ;
1901 592 1969 640 30,
1995 592 2073 641 74,-

351 661 422 709 32,
444 661 536 708 141,
567 671 676 699 nom.
707 656 792 699 ibd.
813 658 878 707 35,
901 658 993 699 175.

268 727 353 770 424
381 731 703 779 Q.ANOAR1VS,
731 739 905 781 praeses
926 723 1116 767 Orientis
1138 739 1176 766 a.
1199 724 1281 766 258
1305 724 1376 767 vit.
1394 723 1620 766 Aurelian.
1636 727 1702 775 13,
1724 728 1750 766 1
1770 725 1816 767 in
1837 727 1943 768 actis
1963 726 2075 781 fictis

354 808 404 836 ew
435 793 556 836 libris
584 793 769 836 Acholii.

268 863 351 905 425
381 861 627 904 Ancharius
650 861 824 903 Priscus
847 860 1048 904 Caesium
1069 859 1260 902 Cordum
1284 859 1585 916 proconsulem
1609 860 1763 903 Cretae
1793 862 1847 904 de
1875 869 2073 921 repetun-

354 930 420 973 dis
449 930 685 986 postulavit
715 946 753 972 a.
776 931 828 972 21
867 930 965 973 Ταῦ.
989 943 1028 973 a.
1048 932 1087 979 3,
1108 931 1175 979 38,
1205 928 1427 970 damnavit
1455 943 1493 971 a.
1522 930 1576 971 22
1606 929 1692 972 ibd.
1711 933 1751 980 3,
1775 933 1840 973 70.

268 999 352 1042 426
381 998 603 1041 Ancharia
616 998 674 1054 (?)
708 998 892 1053 Soteris,
932 996 1107 1051 liberta,
1147 997 1217 1039 cui
1247 1003 1295 1039 ut
1325 997 1539 1039 Traianus
1570 998 1638 1039 ius
1669 997 1907 1051 Quiritium
1936 1001 2073 1044 indul-

352 1073 472 1122 geat,
514 1066 570 1109 ab
611 1082 661 1109 eo
701 1068 810 1123 petit
848 1066 1016 1110 Plinius
1048 1065 1105 1107 ad
1138 1065 1313 1109 Traian.
1346 1068 1417 1116 11,
1442 1069 1486 1109 2.
1552 1066 1760 1109 Traditur
1792 1068 2074 1114 ‘Panchariae

355 1135 556 1178 Soteridi’
590 1126 772 1189 fortasse
798 1137 919 1189 recte,
952 1127 1173 1176 Ancharia
1204 1134 1374 1188 scripsit
1404 1134 1641 1177 Mommsen
1670 1135 1717 1177 in
1745 1136 1895 1179 indice.

269 1204 351 1247 427
382 1203 721 1259 Andonoballus,
754 1203 915 1246 Erulus
943 1202 1223 1245 Continuator
1251 1201 1408 1244 Dionis
1438 1201 1479 1244 V
1498 1201 1631 1246 Dind.
1654 1218 1703 1257 p.
1724 1207 1825 1249 226.
1856 1208 1959 1249 227.

258 1273 353 1315 v428
386 1272 607 1321 Andreas,
656 1272 747 1314 dux
791 1271 1053 1314 Iudaeorum
1098 1271 1143 1312 in
1189 1269 1430 1327 Cyrenaica
1473 1269 1775 1314 rebellantium
1820 1273 1901 1316 sub
1945 1274 2076 1318 finem

355 1341 526 1396 imperii
567 1340 744 1383 Traiani
784 1340 873 1383 Dio
902 1342 968 1390 68,
998 1342 1057 1382 32
1066 1352 1079 1390 ;
1120 1338 1230 1380 idem
1267 1339 1513 1381 nominatur
1552 1339 1755 1387 Λουκούας
1791 1341 1949 1388 Euseb.
1978 1343 2074 1388 hist.

354 1409 450 1451 eccl.
480 1412 520 1460 4,
551 1412 595 1452 2.

268 1477 353 1519 429
383 1477 545 1532 Andro,
572 1477 762 1519 musicus
785 1482 827 1518 et
847 1482 1079 1531 geometra,
1111 1476 1317 1529 magister
1336 1474 1474 1516 Marci
1498 1475 1568 1519 vit.
1594 1475 1744 1518 Marci
1761 1480 1804 1528 2,
1826 1481 1870 1521 2.
1912 1479 2075 1523 Nomen

355 1546 442 1587 cius
473 1546 603 1588 latere
632 1545 707 1587 sub
736 1547 936 1598 corrupta
956 1543 1141 1594 lectione,
1163 1557 1269 1597 quae
1291 1542 1477 1584 traditur
1497 1543 1613 1597 apud
1637 1544 1839 1587 Marcum
1859 1548 1914 1594 εἰς
1935 1549 2075 1592 ἑαυτόν

354 1617 393 1664 1,
416 1617 442 1656 6
471 1613 713 1660 Τανδάσιδος
730 1627 817 1668 pro
840 1610 1067 1670 Ἄνδρωνος
1095 1612 1202 1653 satis
1230 1612 1386 1653 incerte
1415 1612 1590 1653 coniecit
1611 1611 1897 1657 Oasaubonus.

269 1683 353 1724 430
382 1681 627 1725 Androclus
659 1681 918 1739 (Ἀνδροκλῆς
946 1680 1150 1735 Aeliam),
1193 1695 1343 1722 servus
1382 1681 1426 1722 in
1461 1681 1573 1722 circo
1605 1695 1630 1723 a
1664 1680 1789 1724 leone
1826 1686 2074 1740 recognitus

358 1750 523 1793 Gellius
549 1753 589 1802 5,
619 1754 673 1793 14
702 1751 777 1805 (ex
805 1749 986 1806 Apionis
1022 1749 1130 1791 libro
1162 1748 1531 1805 Aegyptiacorum
1561 1750 1742 1805 quinto),
1783 1750 1954 1797 Aeliam.
1984 1755 2074 1796 nat.

357 1819 484 1862 anim.
509 1822 545 1870 7,
567 1821 622 1862 48
652 1819 705 1873 cf.
740 1818 902 1862 Seneca
930 1818 979 1860 de
1009 1818 1142 1871 benef.
1164 1821 1207 1868 2,
1228 1820 1295 1868 19,
1317 1820 1355 1861 1.

273 1888 353 1930 431
387 1886 717 1930 Andromachus
756 1887 913 1941 maior,
960 1900 983 1927 e
1023 1885 1154 1928 Creta
1194 1885 1401 1927 oriundus
1440 1884 1630 1927 Galenus
1668 1886 1796 1930 XIV
1807 1902 1856 1942 p.
1886 1893 1971 1933 211
2000 1890 2073 1946 K„

358 1955 573 1998 archiater
601 1956 786 1997 Neronis
824 1954 911 1996 ibd.
943 1969 990 2008 p.
1021 1957 1064 1996 2.
1095 1956 1186 1997 232
1215 1951 1357 2005 (annis
1389 1954 1478 2007 fere
1518 1955 1683 1996 54—6'0
1726 1959 1774 1997 ut
1815 1957 1981 2000 videtur
2020 1959 2076 2013 cf.

356 2024 411 2066 E.
445 2025 606 2079 Meyer,
645 2022 890 2066 Geschichte
921 2022 994 2064 der
1022 2022 1213 2064 Botanilc
1243 2023 1304 2064 II
1317 2037 1364 2076 p.
1390 2024 1485 2079 41),·
1520 2023 1693 2079 scripsit
1732 2023 1912 2081 Θηριακοὶ
1947 2027 2081 2069 versi-

358 2094 451 2147 buS,
484 2094 558 2147 qui
577 2096 722 2135 extant
743 2092 858 2147 apud
879 2091 1085 2134 Galenum
1111 2091 1261 2134 Galen.
1283 2090 1363 2133 XI
1368 2091 1410 2134 V
1412 2105 1460 2145 10.
1476 2094 1558 2143 32,·
1588 2093 1745 2134 citatur
1765 2096 1805 2135 et
1822 2098 2080 2138 memoratur

356 2162 523 2216 passim
553 2161 669 2216 apud
694 2160 916 2203 Galenum.

271 2230 355 2271 432
386 2229 717 2272 Andromachus
737 2230 889 2278 minor,
908 2227 1021 2269 filius
1038 2227 1332 2269 Andromachi
1347 2228 1522 2269 maioris
1540 2226 1731 2270 Galenus
1744 2228 1825 2271 XI
1829 2229 1916 2284 Vp.
1927 2232 2078 2285 42Κ.;

355 2298 527 2354 scripsit
559 2313 687 2354 prosa
726 2297 917 2339 oratione
947 2296 1126 2353 Θηριακοί
1160 2295 1272 2347 ibd.,·
1311 2295 1492 2338 eiusdem
1522 2295 1714 2338 videntur
1743 2303 1831 2339 tres
1861 2297 1961 2341 libri
1990 2302 2078 2357 περὶ

355 2366 579 2413 συνθέσεως
609 2367 852 2424 (palpantum,
884 2366 1042 2407 citatur
1070 2364 1133 2406 vel
1161 2367 1418 2406 memoratur
1440 2365 1607 2418 passim
1638 2365 1754 2419 apud
1779 2365 1999 2410 Galenum.

285 2460 336 2466 —
382 2434 434 2476 L.
465 2434 677 2476 Aemilius
707 2434 870 2476 Decius
899 2433 1244 2476 Andromachus.

269 2503 353 2545 433
383 2502 676 2556 Andromeda,
707 2501 846 2544 Iuliae
874 2501 1100 2556 Augustae
1128 2500 1286 2543 liberta
1314 2501 1431 2543 Plin.
1461 2514 1501 2543 n.
1533 2500 1574 2542 h.
1607 2504 1643 2551 7,
1678 2503 1741 2544 75.

270 2571 354 2612 434
382 2570 612 2623 *Anectus,
645 2572 666 2613 ὁ
697 2571 785 2613 τότε
815 2570 1033 2627 ἡγούμενος
1060 2575 1130 2626 τῆς
1157 2569 1344 2616 Βιθυνίας
1371 2571 1437 2612 καὶ
1465 2574 1533 2612 τοῦ
1554 2569 1705 2612 Πόντου
1722 2568 1911 2618 Ἀνεκτος
1941 2572 2073 2626 (cirea

353 2653 392 2681 a.
414 2638 510 2692 170)
541 2639 720 2681 Inician.
746 2638 868 2683 Alex.
891 2642 958 2681 57.
1020 2632 1185 2681 Nomen
1213 2639 1302 2680 sine
1333 2638 1459 2680 dubio
1489 2641 1731 2692 corruptum
1762 2642 1844 2690 est,·
1875 2638 2073 2688 Ἀουεῖτος

353 2707 527 2748 coniecit
544 2707 597 2749 G.
615 2707 866 2761 Hirschfeld
885 2706 1266 2761 Sitzunysberichte
1285 2706 1403 2748 Berl.
1416 2705 1558 2748 Alcacl.
1572 2708 1683 2748 1888
1696 2720 1741 2760 p.
1753 2709 1836 2749 876
1854 2711 1894 2749 et
1910 2709 2074 2751 rettulit

355 2774 413 2816 ad
440 2775 492 2817 L.
523 2775 769 2817 Lollianum
798 2775 971 2817 Avitum
991 2775 1236 2830 praesidem
1264 2774 1500 2828 Bithyniae
1530 2789 1569 2816 a.
1590 2777 1682 2818 165.

267 2843 350 2885 435
381 2842 611 2897 Anicetus,
659 2843 850 2898 libertus,
899 2844 1108 2899 pueritiae
1146 2843 1330 2885 Neronis
1373 2843 1589 2898 educator,
1635 2843 1879 2898 praefectus
1923 2844 2070 2887 classis

351 2912 610 2954 Misenensis
637 2927 749 2954 anno
772 2913 826 2954 59
852 2912 950 2955 Tac.
974 2927 1013 2954 a.
1034 2916 1100 2963 14,
1121 2915 1170 2964 3,·
1198 2913 1527 2954 instrumentum
1550 2910 1759 2953 scelerum
1779 2911 1964 2954 Neronis
1983 2913 2068 2955 ibd.

351 2983 415 3031 14,
435 2983 477 3022 3.
512 2983 549 3022 7.
580 2983 619 3024 8.
652 2983 721 3031 62,
754 2981 924 3025 Sueten.
946 2981 1062 3023 Nero
1081 2984 1146 3032 35,
1178 2981 1267 3023 Dio
1286 2984 1352 3031 61,
1374 2983 1428 3022 13
1458 2980 1634 3035 (Zonar.
1657 2983 1721 3030 11,
1744 2982 1818 3036 12)
1829 2993 1842 3031 ;
1872 2995 1984 3022 anno
2014 2982 2070 3024 62

353 3049 398 3090 in
429 3049 677 3092 Sardiniam
714 3049 886 3105 pulsus,
927 3050 1004 3092 ubi
1045 3065 1131 3092 non
1170 3051 1294 3106 inops
1333 3048 1510 3091 exilium
1545 3047 1744 3090 toleravit
1774 3055 1817 3090 et
1845 3048 1934 3090 fato
1965 3048 2071 3091 obiit

357 3117 454 3162 Tac.
487 3132 527 3160 a.
558 3120 622 3168 14,
649 3120 718 3160 62.

266 3186 349 3228 436
378 3185 612 3240 Anicetus,
659 3185 903 3229 Polemonis
948 3185 1151 3241 libertus,
1201 3187 1244 3227 in
1283 3186 1423 3227 Ponto
1464 3201 1501 3226 a.
1535 3185 1589 3227 69
1632 3183 1885 3226 seditionem
1921 3190 2071 3227 eontra

350 3255 665 3310 Vespasianum
696 3255 852 3306 movit,
884 3269 972 3310 qua
998 3254 1129 3310 ‘paulo
1157 3260 1254 3310 post
1284 3268 1489 3310 oppressa
1520 3252 1768 3294 interfectus
1799 3258 1864 3295 est
1898 3253 1996 3297 Ταῦ.
2027 3253 2068 3295 h.

347 3325 386 3373 3,
417 3325 572 3365 47-48.

264 3391 345 3433 437
377 3390 597 3447 Anicetus,
630 3391 831 3434 librarius
852 3391 990 3433 Marci
1014 3391 1212 3434 Caesaris
1235 3390 1417 3433 Marcus
1437 3389 1494 3431 ad
1511 3389 1559 3430 F
1554 3392 1717 3431 ronton.
1744 3392 1788 3440 2,
1812 3392 1923 3443 1010.
1939 3391 1994 3431 34
2010 3388 2067 3431 Ν.
