2202 3730
134 268 354 304 CAECINA
989 263 1072 306 255
1716 269 1935 304 CAECINA

133 398 188 442 70
218 404 327 441 SEX.
369 404 610 453 CAECINA,
652 398 861 455 (praetor)
902 398 1195 455 per(egrinus)
1240 414 1278 443 a.
1312 400 1360 442 11
1402 414 1445 454 p.
1477 398 1526 442 C.
1566 399 1674 453 fasti
1708 398 1937 442 Arvalium

215 467 273 510 12
294 481 344 522 p.
367 470 432 510 70.

128 557 189 565 ——
214 533 269 577 A.
302 534 510 578 Claudius
540 534 738 578 Caecina.

128 626 188 633 —-
214 609 257 646 P.
281 609 502 645 LICINIVS
534 609 768 648 CAECINA.

131 670 182 713 71
216 678 264 714 A.
296 677 516 713 CAECINA
544 678 776 714 ALIENVS.
835 671 888 715 A.
921 670 1109 714 Caecina
1139 671 1313 715 Sueton.
1349 672 1431 714 Tit.
1461 675 1498 726 6,
1542 671 1722 714 Alienus
1750 672 1938 716 Caecina
1971 693 1983 705 ·

220 739 318 781 Tac.
343 739 383 781 h.
414 743 453 790 1,
478 742 549 790 52,
582 739 770 782 Caecina
800 739 981 782 Alienus
1011 740 1176 794 Ioseph.
1200 740 1292 784 bell.
1324 744 1364 791 4,
1395 744 1460 791 11,
1491 743 1535 795 2,
1566 740 1748 783 Alienus
1777 755 1937 797 semper

215 806 332 861 apud
358 806 553 858 Dionem,
586 811 764 850 ceterum
792 808 946 861 ubique
976 807 1178 852 Caecina.

299 875 446 918 Natus
466 876 661 918 Vicetiae
697 876 795 918 Tac.
826 875 866 918 h.
896 879 936 927 3,
963 878 1004 918 8.
1063 877 1194 918 Hunc
1225 876 1370 920 Galba
1399 877 1443 918 in
1474 878 1651 919 Baetica
1680 878 1864 934 impigre
1891 880 1936 921 in

216 951 360 1000 partes
391 959 488 986 suas
520 951 835 999 transgressum
866 945 922 995 (a.
955 944 1028 999 68)
1058 943 1218 999 legioni
1245 946 1508 1001 praeposuit,
1538 960 1641 987 mox
1671 954 1937 1003 compertum

214 1011 432 1068 publicam
462 1013 692 1068 pecuniam
722 1012 932 1054 avertisse
962 1019 1010 1054 ut
1030 1011 1324 1068 peculatorem
1344 1012 1532 1068 flagitari
1555 1015 1680 1056 iussit
1700 1015 1785 1057 ibcl.
1806 1019 1846 1067 1,
1866 1019 1935 1060 53.

213 1079 341 1122 Anno
372 1081 427 1122 69
458 1081 635 1122 ineunte
665 1079 834 1135 legatus
864 1079 1047 1134 legionis
1077 1081 1123 1122 in
1154 1080 1388 1123 Germania
1417 1083 1638 1138 superiore
1668 1083 1724 1125 ab
1755 1084 1935 1140 impera-

213 1155 306 1190 tore
337 1148 480 1192 Galba
520 1149 564 1189 in
593 1148 816 1191 Vitellium
856 1148 1060 1202 descivit3
1102 1148 1283 1190 decorus
1323 1150 1509 1204 iuventa,
1551 1165 1730 1206 corpore
1767 1153 1933 1207 ingens,

213 1217 345 1259 animi
384 1217 661 1271 immodicus,
704 1218 809 1259 scito
850 1231 1066 1271 sermone,
1109 1225 1250 1259 erecto
1287 1218 1458 1260 incessu
1489 1219 1632 1261 studia
1661 1219 1846 1263 militum
1875 1222 1937 1263 in-

212 1285 381 1328 lexerat
401 1284 487 1327 ibd.
508 1288 548 1336 1,
569 1289 641 1328 52.
661 1288 727 1328 53.
761 1286 954 1339 Legatus
971 1285 1136 1327 Vitellii
1159 1287 1397 1328 exercitum
1420 1287 1680 1329 Germaniae
1702 1290 1936 1345 superioris

212 1360 332 1396 trans
361 1353 494 1410 Alpes
535 1354 580 1395 in
620 1353 790 1396 Italiam
831 1353 980 1406 duxit3
1021 1368 1090 1395 res
1131 1354 1186 1395 ab
1226 1368 1275 1395 co
1311 1361 1462 1396 contra
1492 1355 1760 1399 Othonianos
1790 1365 1938 1412 gestae

217 1423 316 1465 Tac.
346 1422 387 1466 h.
418 1426 457 1473 1,
489 1425 554 1465 61.
586 1426 752 1474 67-70;
790 1426 834 1473 2,
865 1425 1030 1466 20-26.
1059 1426 1128 1464 30.
1160 1426 1227 1465 31.
1262 1425 1327 1465 55.
1362 1427 1429 1466 56.
1463 1426 1532 1466 59.
1569 1427 1635 1467 67.
1671 1428 1735 1468 70.
1766 1428 1837 1468 92.
1870 1428 1934 1476 95,

212 1490 438 1534 Plutarch.
470 1491 577 1534 Otho
607 1495 645 1533 6.
669 1495 707 1534 7.
727 1494 794 1534 10.
816 1495 882 1534 11.
904 1494 975 1534 12.
996 1494 1066 1542 13,
1097 1491 1262 1545 Ioseph.
1285 1491 1378 1535 bell.
1398 1495 1438 1542 4,
1460 1495 1499 1541 9,
1522 1495 1560 1535 9.

300 1559 504 1605 Vitellius
534 1560 674 1601 victor
707 1558 858 1601 urbem
899 1560 1118 1614 ingressus
1158 1566 1206 1601 ut
1236 1559 1410 1613 (Fabio)
1441 1560 1614 1602 Valenti
1652 1568 1695 1603 et
1725 1561 1938 1605 Caecinae

212 1641 375 1670 vacuos
406 1627 582 1670 honoris
612 1642 780 1670 menses
811 1629 1011 1684 aperiret,
1044 1627 1225 1670 aliorum
1258 1627 1506 1670 consulatus
1538 1630 1751 1671 coartavit
1776 1630 1874 1674 Tac.
1896 1630 1936 1673 h.

210 1699 254 1747 2,
288 1699 342 1738 71
352 1709 366 1748 ;
404 1697 549 1739 consul
577 1695 778 1748 suffectus
809 1699 917 1739 certe
945 1710 1082 1739 mense
1111 1696 1284 1740 Octobri
1314 1711 1354 1739 a.
1386 1700 1451 1747 69,
1483 1701 1660 1739 ceterum
1692 1699 1747 1752 cf.
1778 1700 1915 1752 fastos
1925 1712 1939 1750 ;

211 1763 450 1807 consularis
490 1765 662 1809 Sueten.
700 1766 782 1808 Tit.
814 1769 852 1816 6,
895 1765 1044 1821 (Vict.)
1083 1765 1281 1820 Epitome
1311 1769 1379 1808 10.
1446 1766 1552 1808 Dux
1582 1766 1747 1809 Vitellii
1788 1774 1938 1809 contra

211 1832 446 1876 Flavianos
484 1835 641 1876 missus
682 1834 971 1890 proditionem
1011 1833 1186 1876 molitus
1217 1834 1271 1876 ad
1303 1835 1562 1890 Vespasiani
1593 1842 1737 1891 partes
1767 1837 1938 1878 transiit

215 1902 314 1947 Tac.
335 1902 376 1945 h.
397 1906 441 1954 2,
464 1906 662 1954 99-101;
689 1906 728 1953 3,
751 1906 790 1946 9.
812 1906 966 1954 13-14,
997 1902 1086 1945 Dio
1107 1906 1172 1954 65,
1190 1907 1256 1947 10.
1274 1907 1339 1946 11.
1357 1906 1423 1954 14,
1446 1904 1611 1958 Ioseph.
1631 1904 1723 1946 bell.
1744 1907 1782 1954 4,
1805 1908 1870 1954 11,
1892 1907 1936 1948 2.

113 1972 124 1974 ”
212 1970 361 2012 Pridie
390 1970 600 2013 kalendas
626 1970 890 2013 Novembris
918 1971 1177 2026 consulatus,
1209 1972 1332 2014 cuius
1363 1987 1474 2014 unus
1506 1972 1597 2014 dies
1628 1979 1864 2028 supererat,
1897 1973 1936 2014 ei

212 2038 444 2093 abrogatus
475 2045 540 2081 est
565 2040 662 2082 Tac.
685 2039 724 2083 h.
749 2042 789 2089 3,
809 2042 878 2082 37.
940 2039 981 2082 A
1010 2038 1234 2081 Flavianis
1264 2040 1503 2083 victoribus
1534 2040 1590 2082 ad
1620 2041 1935 2097 Vespasianum

211 2108 368 2149 missus
388 2107 579 2163 benigne
599 2108 654 2151 ab
674 2123 723 2150 eo
745 2114 953 2163 exceptus
973 2114 1038 2150 est
1052 2108 1216 2162 Ioseph.
1236 2108 1331 2151 bell.
1347 2112 1386 2159 4,
1403 2111 1469 2159 11,
1484 2111 1524 2151 3.
1557 2109 1648 2152 Sub
1670 2109 1934 2165 Vespasiano

212 2189 309 2218 cum
349 2176 556 2218 Marcello
596 2177 939 2218 coniurationem
979 2177 1097 2230 iniit,
1144 2191 1230 2232 qua
1274 2176 1490 2232 patefacta
1533 2177 1658 2219 Titus
1705 2177 1935 2220 Caecinam

212 2250 416 2286 vocatum
461 2244 517 2286 ad
561 2259 738 2286 caenam
783 2259 834 2286 ac
873 2244 1056 2286 vixdum
1101 2243 1287 2287 triclinio
1332 2258 1552 2300 egressum
1594 2245 1766 2287 confodi
1813 2246 1937 2287 iussit

213 2318 394 2367 urgente
425 2312 693 2364 discrimine,
730 2327 829 2354 cum
860 2314 989 2355 etiam
1019 2312 1354 2368 chirographum
1385 2314 1478 2355 eius
1508 2321 1789 2370 praeparatae
1820 2313 1936 2369 apud

211 2380 372 2422 milites
403 2382 622 2423 concionis
653 2380 1008 2438 deprehendisset
1038 2381 1207 2424 Sueton.
1236 2381 1317 2425 Tit.
1340 2384 1378 2432 6,
1409 2381 1498 2424 Dio
1528 2385 1592 2432 66,
1616 2385 1682 2432 16,
1714 2382 1769 2423 ob
1800 2384 1935 2438 suspi-

127 2499 131 2502 ⁴
213 2449 381 2491 cionem
421 2455 641 2506 stupratae
671 2449 901 2491 Berenices
942 2450 1091 2491 uxoris
1122 2450 1214 2506 (sic)
1244 2449 1444 2510 Epitome
1472 2454 1539 2492 10.
1574 2474 1633 2480 ——
1660 2450 1786 2492 onr
1816 2450 1936 2493 Salo-

212 2518 316 2559 nina
347 2518 445 2560 Tae.
466 2518 507 2560 h.
528 2521 571 2568 2,
592 2521 666 2561 20.
1544 2511 1547 2514 Δ

300 2586 571 2629 Memoratur
596 2587 693 2629 Tac.
710 2586 751 2628 h.
768 2590 805 2637 1,
827 2589 905 2638 89,·
929 2590 973 2638 2,
993 2590 1059 2629 11.
1080 2589 1147 2631 17.
1168 2589 1235 2628 18.
1255 2590 1323 2629 19.
1344 2590 1416 2630 27.
1435 2590 1502 2630 51.
1524 2591 1582 2630 77
1587 2600 1601 2639 ;
1624 2590 1664 2639 3,
1685 2590 1750 2630 15.
1771 2590 1838 2630 36.
1859 2591 1937 2639 40,-

213 2657 253 2704 4,
273 2656 340 2705 31,
371 2654 596 2697 Plutarch.
627 2654 734 2698 Otho
763 2657 802 2697 5.
829 2657 890 2705 18,
920 2654 1010 2697 Dio
1034 2658 1098 2705 66,
1120 2658 1184 2697 15.

132 2721 186 2764 72
216 2722 284 2764 Ti.
317 2722 506 2765 Caecina
536 2722 720 2765 Alienus
749 2726 1006 2766 memoratur
1035 2723 1081 2765 in
1110 2723 1256 2778 fistula
1277 2723 1481 2778 plumbea
1507 2724 1677 2767 urbana
1701 2724 1936 2766 Bullettino

213 2791 432 2833 comunale
460 2793 571 2833 1886
590 2806 640 2845 p.
662 2794 764 2834 103:
793 2791 861 2833 Ti.
891 2791 1037 2833 Alieni
1069 2791 1333 2846 Caecina(e).
1391 2791 1497 2835 Cum
1533 2792 1760 2836 Caecinam
1788 2806 1937 2835 nomen

209 2858 470 2913 yentilicium
500 2859 678 2914 oriyinis
706 2859 919 2902 Etruscae
953 2860 1086 2913 fuisse
1120 2863 1298 2911 constet,
1338 2860 1386 2902 in
1413 2860 1491 2903 hoc
1521 2861 1642 2904 titulo
1674 2861 1774 2903 ordo
1803 2861 1936 2903 nomi-

211 2940 314 2969 num
343 2927 478 2981 plane
516 2927 657 2970 eodem
695 2927 819 2970 modo
857 2930 1044 2970 mutatus
1083 2931 1144 2970 est
1178 2931 1303 2982 atque
1336 2929 1381 2971 in
1412 2930 1535 2972 titulo
1564 2931 1703 2984 Laryi
1728 2929 1936 2972 Caecinae

213 3007 257 3037 n.
281 2998 344 3038 74.
375 3019 430 3026 —
468 2994 588 3038 Certe
609 2995 837 3050 parentela
866 2996 1110 3038 coniunctus
1140 3009 1232 3038 cum
1261 2996 1318 3039 A.
1347 2996 1534 3040 Caecina
1562 2998 1731 3041 Alieno.
1986 2989 1991 2993 ’

126 3068 185 3092 ’-
214 3068 256 3105 C.
285 3069 572 3106 LAECANIVS
603 3070 785 3106 BASSVS
818 3069 1037 3106 CAECINA
1066 3070 1302 3107 FLACCVS.

132 3129 188 3173 73
217 3130 439 3186 [CaeJcina
458 3132 641 3187 Largus,
663 3131 798 3188 praef.
828 3147 854 3175 a
871 3164 991 3175 .....
1013 3133 1272 3190 (annonae2)
1302 3149 1342 3176 a.
1365 3135 1449 3177 250
1479 3135 1542 3178 tit.
1562 3135 1753 3177 urbanus
1772 3133 1936 3177 Bullet-

214 3191 302 3242 tin'o
332 3200 548 3243 commeate
576 3202 686 3242 1886
706 3215 754 3254 p.
774 3203 870 3244 370.

132 3266 188 3309 74
218 3266 406 3310 Caecina
423 3268 595 3324 Largus
625 3269 764 3311 nescio
793 3269 887 3322 quis
915 3272 1173 3311 memoratur
1200 3270 1248 3312 in
1276 3273 1305 3314 t.
1336 3270 1528 3312 Maximo
1559 3271 1693 3326 Largi
1725 3271 1937 3314 Caecinae

217 3335 367 3391 (servo)
388 3337 533 3390 posito
562 3337 631 3379 VI
651 3339 811 3380 22331.
