2202 3730
278 298 476 335 CASSIVS
1138 288 1222 331 318
1805 296 2073 333 CASTRICVS

363 427 534 469 dubium
562 425 726 467 videtur
750 438 850 466 nuni
872 424 1049 467 Severus
1069 424 1329 478 significetur
1347 423 1541 468 Diomed.
1561 425 1595 467 I
1610 439 1658 479 p.
1678 428 1759 467 373
1780 425 1873 479 (ubi
1892 426 2078 469 traditur

362 495 521 537 Accius
547 493 722 536 Cassius
744 492 797 534 ad
819 491 1062 546 Tiberium)
1084 511 1139 526 :-
1158 491 1372 536 Priscian.
1394 493 1456 534 II
1469 507 1516 547 10.
1538 495 1620 535 489
1651 494 1743 546 (ubi
1770 494 1880 536 nude
1900 493 2076 537 Cassius

361 563 415 604 ad
437 561 689 615 Tiberium).
710 584 767 590 —
789 559 964 602 Cassius
988 560 1175 603 Severus
1207 561 1319 602 inter
1347 560 1575 602 historicos
1599 560 1802 603 laudatur
1829 561 2075 604 Tertullian.

361 631 418 672 acl
443 631 603 672 nation.
635 633 678 679 2,
710 632 767 671 12
800 647 852 662 =
885 628 1048 683 apoloy.
1076 632 1142 679 10,
1173 629 1250 671 ubi
1278 628 1442 671 collatis
1469 629 1632 677 Minue,
1663 629 1756 672 Fel.
1787 629 1930 673 Octav.
1950 633 2008 673 21
2039 633 2078 672 et

361 700 556 740 Lactant.
577 697 756 738 institut.
779 699 817 746 1,
839 699 893 738 13
912 710 1096 738 errorem
1123 697 1289 739 subesse
1315 696 1568 739 Tertulliani
1596 698 1706 739 inter
1736 711 1873 740 omnes
1902 700 2076 742 constat.

446 765 651 820 Corporis
690 764 989 818 magnitudine
1024 765 1281 820 conspicuus
1323 765 1483 808 Seneca
1522 768 1698 807 controv.
1727 768 1755 807 3
1784 766 1928 819 praef.
1957 768 1997 816 3,
2038 766 2076 807 ei

362 834 606 876 Armentari
646 831 931 874 murmillonis
968 832 1201 875 similitudo
1233 832 1401 875 obiecta
1431 839 1495 875 est
1525 833 1643 876 Plin.
1674 847 1715 876 n.
1743 833 1783 875 h.
1815 836 1853 884 7,
1882 836 1936 877 55
1965 832 2079 885 (inde

362 902 496 945 Solin.
516 904 554 951 1,
571 900 659 955 82).
676 925 733 929 -
749 900 951 942 Summus
975 899 1149 943 Publilii
1174 901 1274 956 Syri
1296 907 1461 943 amator
1477 900 1637 944 Seneca
1653 904 1834 943 controv.
1850 904 1888 956 7,
1909 904 1948 952 3,
1971 903 2011 944 8.
2024 925 2076 931 ——

361 970 628 1011 Memoratur
655 969 904 1022 Quintilian.
936 970 1116 1013 institut.
1147 973 1217 1020 12,
1250 973 1318 1020 10,
1350 973 1415 1012 11.
1445 995 1503 999 -
1532 969 1764 1024 Perperarn
1792 971 1838 1012 in
1868 970 2080 1013 codicibus

359 1037 609 1092 quibusdam
624 1037 803 1080 Horatii
816 1037 932 1091 epod.
951 1041 977 1079 6
996 1038 1244 1093 inscrijotuni
1267 1042 1329 1081 est
1347 1039 1391 1080 in
1413 1038 1610 1081 Cassium
1628 1038 1837 1081 Severum
1858 1039 1911 1092 cf.
1931 1039 2078 1081 Kiess-

361 1105 448 1160 liny
478 1105 536 1147 acl
565 1105 590 1148 l.
624 1105 651 1150 l.
1074 1131 1077 1135 ·

290 1198 347 1203 —
392 1173 679 1229 [STAT]ILIVS
713 1180 909 1215 CASSIVS
941 1180 1204 1218 TAVRINVS.

275 1243 358 1284 444
391 1248 559 1295 CASTA,
595 1241 773 1284 Caecilii
805 1241 984 1284 Classici
1016 1257 1139 1297 uxor,
1182 1244 1227 1284 in
1258 1257 1387 1284 causa
1417 1243 1559 1285 mariti
1589 1244 1746 1285 mortui
1781 1258 1807 1285 a
1836 1242 1976 1285 Plinio
2005 1257 2080 1285 rea

357 1309 471 1351 facta
500 1309 698 1352 absoluta
729 1316 793 1352 est
813 1309 934 1352 Plin.
957 1311 1076 1364 epist.
1099 1314 1139 1361 3,
1163 1314 1200 1361 9,
1223 1313 1385 1354 18-20.
1413 1314 1484 1354 29.
1515 1314 1580 1353 34.

286 1401 343 1406 -
386 1377 527 1419 Maria
558 1377 700 1422 Casta.

274 1446 356 1488 445
388 1445 669 1501 Castellanus,
701 1446 883 1489 libertus
915 1447 984 1501 (L.
1015 1447 1159 1501 Iunio)
1190 1446 1379 1491 Gallioni
1410 1446 1652 1489 simillimus
1677 1447 1799 1492 Plin.
1820 1462 1862 1490 n.
1888 1448 1928 1490 h.
1951 1451 1989 1499 7,
2011 1451 2078 1491 55.

286 1538 344 1543 —
388 1519 426 1556 C.
461 1520 626 1556 IVLIVS
659 1515 959 1569 SEPT(IMIVS)
992 1520 1245 1557 CASTINVS.

274 1582 357 1624 446
389 1581 553 1636 Castor,
586 1583 779 1624 centurio
810 1583 855 1623 in
885 1582 1099 1638 Aegypto,
1131 1583 1329 1624 minister
1360 1582 1509 1625 Avillii
1538 1582 1685 1625 Flacci
1714 1583 1848 1626 Philo
1878 1583 2078 1626 adversus

358 1649 571 1691 Flaccum
591 1650 653 1692 II
666 1664 714 1704 p.
735 1652 819 1693 529
841 1663 899 1703 sq.
932 1650 992 1694 ed.
1027 1650 1227 1705 Manyey.

274 1718 356 1760 447
389 1717 555 1770 Castor,
578 1718 868 1760 cubicularius
884 1719 1153 1774 imperatoris
1173 1718 1369 1775 Septimii
1387 1719 1550 1774 Severi,
1564 1721 1750 1775 optimus
1767 1726 1870 1762 tunc
1887 1721 2077 1762 omnium

358 1785 619 1828 aulariorum
648 1785 737 1828 Dio
768 1789 832 1837 76,
860 1790 913 1828 14
944 1786 1158 1838 (Zonaras
1186 1790 1256 1837 12,
1281 1787 1365 1842 10).

285 1878 343 1882 -
385 1853 600 1896 Antonius
631 1854 797 1898 Castor.

286 1947 346 1952 —
389 1928 539 1964 ACCIA
568 1927 969 1964 ASCLEPIANILLA
1001 1928 1273 1965 CASTOREA.

273 1991 355 2033 448
387 1990 568 2033 Castr..
587 2022 625 2032 ..
674 1990 875 2044 (fortasse
919 1990 1230 2045 Castr[icius])⁷
1277 1990 1558 2046 [procurator]
1609 1993 1858 2047 provinciae
1902 1992 2076 2035 Africae

357 2062 612 2101 memoratur
640 2059 687 2101 in
716 2062 744 2100 t.
773 2058 1019 2100 Arelatensi
1045 2059 1193 2100 mutilo
1223 2059 1331 2101 XII
1352 2062 1443 2101 671.
2014 2109 2016 2111 ¹

273 2127 355 2168 449
386 2126 637 2180 Castricius,
669 2126 743 2182 qui
773 2129 993 2183 κηπουρικοί
1024 2127 1206 2183 scripsit,
1239 2133 1391 2169 auctor
1421 2127 1551 2170 Plinii
1574 2128 1695 2171 Plin.
1716 2142 1760 2174 n.
1785 2128 1825 2171 h.
1851 2128 1938 2171 incl.
1959 2128 1986 2171 l.
2007 2131 2074 2179 19,

356 2194 526 2236 aliunde
554 2208 639 2236 non
667 2197 804 2237 notus.

271 2263 355 2305 450
383 2262 619 2305 Castricius
650 2277 673 2304 e
702 2277 872 2304 reorum
902 2277 1080 2306 numero
1112 2262 1166 2306 ab
1191 2263 1391 2318 Augusto
1427 2265 1626 2320 precibus
1658 2271 1842 2321 ereptus,
1875 2264 1991 2322 quod
2020 2264 2075 2306 de

358 2331 651 2373 coniuratione
679 2331 888 2373 Murenae
919 2331 1127 2373 indicium
1157 2331 1316 2374 tulerat
1342 2332 1515 2375 Sueton.
1535 2332 1715 2388 Auyust.
1735 2336 1802 2377 56.

273 2399 352 2442 451
387 2399 439 2441 T.
472 2398 717 2453 Castricius,
751 2398 990 2441 rhetoricae
1011 2399 1264 2456 disciplinae
1286 2400 1449 2451 doctor,
1473 2402 1546 2456 qui
1573 2401 1725 2443 habuit
1745 2403 1906 2443 Romae
1933 2400 2073 2443 locum

357 2467 596 2523 principem
627 2466 896 2509 declamandi
926 2483 978 2510 ac
1007 2468 1192 2523 dicendi,
1226 2483 1391 2510 summa
1411 2470 1480 2510 vir
1505 2471 1759 2512 auctoritate
1776 2470 2075 2526 gravitateque
2125 2503 2127 2506 ⁴

359 2541 402 2576 et
422 2550 447 2576 a
467 2535 568 2576 divo
590 2535 814 2577 Hadriano
845 2536 889 2577 in
919 2550 1059 2578 mores
1090 2543 1220 2592 atque
1250 2536 1415 2579 litteras
1436 2543 1653 2593 spectatus
1676 2537 1841 2581 Gellius
1859 2541 1924 2588 13,
1939 2541 2010 2588 21,
2026 2540 2076 2588 1;

357 2603 563 2657 magister
584 2602 719 2645 Gellii*
733 2607 771 2654 1,
795 2607 831 2653 6,
855 2607 906 2655 4,·
934 2606 976 2655 2,
999 2607 1070 2655 27,
1091 2608 1137 2656 3,·
1166 2608 1233 2655 11,
1254 2607 1320 2655 13,
1340 2607 1390 2656 1,·
1419 2608 1486 2656 13,
1509 2609 1583 2648 22.
1637 2605 1888 2648 ‘Castricius
1912 2610 2071 2648 noster’

355 2674 404 2712 ut
431 2671 548 2712 vivus
576 2674 833 2713 memoratur
861 2671 1015 2715 Front.
1047 2673 1106 2714 ad
1135 2673 1257 2716 amic.
1278 2676 1321 2723 2,
1343 2675 1376 2716 2
1396 2687 1444 2727 p.
1464 2677 1546 2716 190
1577 2673 1638 2716 ecl.
1667 2673 1827 2716 Naber.

272 2739 383 2781 45la
414 2737 649 2780 Castricius
670 2739 854 2794 Firmus,
883 2740 1056 2782 auditor
1075 2740 1233 2783 Plotini
1254 2740 1499 2797 philosophi
1518 2741 1785 2796 Porphyrius
1803 2742 1875 2784 vit.
1897 2741 2012 2785 Plot.
2028 2744 2072 2792 2,

358 2806 427 2847 cui
456 2806 674 2848 dedicavit
703 2807 972 2864 Porphyrius
1010 2807 1142 2851 libros
1176 2811 1261 2865 περὶ
1298 2811 1456 2865 ἀποχῆς
1485 2809 1677 2866 ἐμψύχων
1709 2810 1765 2863 cf.
1794 2813 1832 2860 1,
1864 2812 1914 2862 1;
1950 2812 1994 2860 2,
2024 2811 2075 2860 1;

355 2876 395 2924 3,
426 2877 474 2925 1,·
511 2877 552 2924 4,
582 2877 619 2918 1.

272 2942 356 2983 452
386 2948 432 2983 Α.
465 2947 752 2984 CASTRIGIVS
783 2950 965 2999 MYRIO,
999 2943 1170 2986 Talenti
1199 2943 1337 3000 filius,
1368 2945 1568 2988 tribunus
1597 2945 1800 3000 militum,
1832 2944 2073 3001 praefectus

359 3010 551 3065 equitum
573 3016 615 3052 et
637 3010 794 3066 elassis,
827 3013 1032 3066 magister
1052 3012 1331 3067 collegiorum
1352 3013 1648 3070 Lupercorum
1670 3020 1712 3055 et
1733 3013 2072 3069 Capitolinorum

356 3083 398 3118 et
427 3077 747 3120 Mercurialium
780 3086 822 3121 et
854 3094 1125 3136 paganorum
1154 3081 1528 3136 Aventinensium,
1559 3081 1786 3124 XXVIvir
1814 3080 1940 3124 XIV
1958 3081 2072 3123 2105

357 3148 385 3188 t.
408 3145 655 3187 Lanuvinus
677 3161 704 3187 a
723 3147 806 3200 fine
825 3148 1008 3191 mutilus.
1029 3173 1086 3179 —
1111 3148 1294 3203 Propter
1313 3150 1720 3203 viyintiseaviraturn
1744 3149 1864 3191 homo
1885 3148 2073 3204 pertinet

358 3212 416 3254 ad
443 3213 568 3267 finem
598 3213 755 3256 liberae
783 3216 848 3257 rei
867 3217 1069 3270 publicae
1098 3217 1161 3259 vel
1191 3217 1250 3259 aol
1278 3217 1446 3259 initium
1466 3218 1635 3272 imperii
1652 3216 1850 3272 Auqusti.

272 3281 355 3322 453
388 3280 627 3335 CastricuS,
671 3288 798 3337 poeta
838 3290 880 3326 et
920 3285 1083 3327 amicus
1124 3284 1358 3335 Martialis,
1399 3285 1454 3327 ad
1492 3300 1621 3341 quem
1659 3285 1832 3341 scripsit
1859 3282 2072 3326 Martialis

358 3349 487 3402 epiyr.
509 3351 546 3402 6,
567 3352 644 3400 43;
672 3352 710 3399 6,
733 3353 810 3402 68;
842 3355 878 3402 7,
899 3356 949 3404 4;
980 3355 1016 3402 7,
1038 3355 1116 3403 37;
1148 3356 1185 3403 7,
1205 3356 1276 3395 42.
