2202 3730
295 253 528 290 AVCIDIVS
1142 242 1223 285 182
1862 249 2095 286 AVFIDIVS

298 383 407 424 1142
439 387 479 423 O.
511 379 802 434 *AVCID[IVS]
837 385 1150 432 VICTORINVS,
1183 378 1332 421 consul
1363 378 1604 433 (suffectus)
1634 393 1781 421 mense
1806 378 1923 421 Maio
1953 394 1992 423 a.
2016 379 2095 422 155

381 464 479 490 cum
509 449 567 490 M.
600 449 741 491 Gavio
782 480 934 489 ......
977 447 1044 489 VI
1064 449 1178 490 2086
1217 449 1316 489 acta
1343 446 1580 488 Arvalium.
1621 470 1678 476 —
1716 446 1926 489 Aacioliae
1960 447 2098 501 yentis

380 516 553 565 nnllam,
586 515 696 569 qaod
725 515 877 565 sciam,
910 518 1136 569 praeterea
1172 517 1330 556 certam
1363 514 1594 568 exemplam
1622 515 1828 565 innotuit;
1866 529 1967 557 nam
1992 515 2039 556 in
2068 517 2096 557 t.

381 583 461 626 IX
486 586 567 625 948
606 583 655 626 L.
687 582 885 624 Mummii
925 582 1050 637 Nigri
1092 582 1245 635 Quinti
1272 580 1438 624 Valerii
1467 582 1623 636 Vegeti
1664 581 1859 624 Severini
1899 581 2097 625 Caucidii

381 650 562 694 Tertulli
595 654 634 692 et
662 651 751 693 III
773 654 880 694 6183
910 651 959 693 P.
989 650 1165 705 Vigellii
1195 651 1276 693 Rai
1307 650 1440 693 Plarii
1472 649 1694 693 Saturnini
1724 649 1847 692 Atilii
1877 650 2098 692 Braduani

382 718 579 761 Caucidii
610 718 791 760 Tertulli
824 718 1038 773 leyenclam
1070 722 1129 761 est
1154 718 1398 769 Caucidius,
1430 733 1513 761 non
1538 717 1583 761 O.
1606 718 1828 768 Aacidias,
1857 732 1950 765 cam
1978 718 2098 762 homo

375 787 590 840 posterior
629 787 719 829 sine
759 786 884 829 dnbio
913 787 1141 840 parentela
1180 787 1423 829 coniunctas
1462 787 1594 840 faerit
1633 800 1726 828 cam
1763 786 1912 841 Appia
1949 785 2099 829 Annia

380 854 553 909 Reyilla
581 853 723 896 Atilia
758 853 967 896 Canciolia
1002 854 1203 897 Tertulla.
1252 855 1404 908 Itaque
1435 854 1626 896 dubitari
1652 855 1724 896 via
1743 857 1896 909 potest,
1924 855 2025 908 qain
2053 855 2099 897 in

383 922 488 964 actis
508 921 746 972 Arvalium,
777 922 853 964 abi
883 922 1049 965 litterae
1078 936 1184 976 qaae
1211 923 1408 976 ferantur
1436 933 1557 965 Auen)
1575 954 1586 964 .
1602 954 1613 964 .
1631 954 1642 965 .
1659 953 1670 965 .
1701 922 1898 976 fractura
1928 921 2099 964 tabulae

380 989 601 1031 mutilatae
629 992 738 1039 sant,
769 1004 816 1032 re
841 1003 942 1031 vera
960 991 1163 1044 scriptum
1181 991 1238 1032 sit
1257 989 1490 1044 Aur1D[ms]‚
1522 990 1585 1032 ita
1603 993 1652 1032 at
1666 990 1836 1044 primas
1859 988 2099 1034 consulatus

382 1056 425 1100 Ο.
456 1057 628 1112 Aufidii
662 1056 868 1100 Victorini
893 1071 973 1101 eos.
1005 1058 1067 1100 II
1089 1072 1128 1102 a.
1157 1060 1239 1100 183
1266 1057 1536 1112 significetur.

322 1150 380 1156 —
408 1126 459 1167 L.
492 1125 698 1168 Cocceius
727 1125 908 1168 Auctus.

321 1218 380 1225 -—-
409 1194 642 1249 Pompeius
671 1192 854 1238 Auctus.

297 1274 406 1316 1143
436 1273 487 1315 L.
509 1272 740 1328 Audasius,
772 1272 977 1315 falsarum
1007 1272 1253 1315 tabularum
1283 1288 1381 1316 reus
1412 1289 1551 1330 neque
1582 1280 1721 1317 aetate
1750 1289 1890 1331 neque
1920 1289 2099 1332 corpore

382 1342 549 1396 integer
572 1355 670 1383 cum
689 1341 883 1398 Epicado
903 1342 949 1383 in
970 1340 1217 1396 Augustum
1239 1341 1320 1384 sub
1341 1341 1471 1383 finem
1497 1343 1665 1398 imperii
1693 1343 1786 1385 eius
1813 1343 2098 1399 conspiravit3

380 1409 536 1452 Iuliam
564 1408 696 1451 filiam
724 1416 765 1452 et
787 1411 1025 1466 Agrippam
1055 1416 1254 1466 nepotem
1285 1425 1340 1452 ex
1371 1410 1537 1464 insulis,
1569 1411 1726 1467 quibus
1755 1411 2096 1466 continebantur,

380 1492 533 1534 rapere
563 1477 618 1519 ad
650 1479 865 1520 exercitus
893 1478 1216 1520 destinaverant
1245 1478 1416 1521 Saeton.
1447 1478 1627 1534 Auyust.
1655 1482 1722 1522 19.

296 1558 407 1601 1144
435 1564 618 1599 AVDIVS
668 1564 849 1600 BASSVS
899 1561 1154 1600 memoratur
1202 1559 1250 1600 in
1298 1558 1418 1601 titulo
1470 1559 1649 1613 bilinyai
1694 1558 1850 1614 Cyprio
1890 1559 1978 1601 III
2012 1561 2100 1602 218

378 1646 434 1660 =
461 1626 926 1680 Lebas-Waolclinyton
964 1629 1078 1670 2806
1088 1640 1101 1677 ,·
1146 1641 1223 1682 per
1263 1625 1483 1668 Audioum
1521 1627 1731 1669 Bassoum
1773 1627 1922 1678 latine,
1966 1626 2098 1671 Ὀδίου

380 1693 542 1737 Βάσσου
571 1707 742 1748 yraece;
782 1693 1012 1750 proconsul
1047 1694 1182 1750 Cypri
1222 1694 1304 1736 sub
1343 1695 1471 1736 finem
1512 1710 1548 1739 a.
1583 1695 1663 1737 198
1699 1696 1754 1749 cf.
1787 1695 2100 1739 adnotationem

380 1761 712 1817 Wadclinytonii.

299 1842 408 1884 1145
439 1841 667 1896 Avectius,
713 1840 889 1882 ‘bellum
924 1840 1132 1883 adversus
1163 1841 1496 1883 transrhenanas
1527 1848 1676 1897 gentes
1716 1857 1742 1884 a
1781 1842 1866 1897 (Ti.
1898 1842 2098 1899 Claudio)

381 1910 525 1951 Druso
566 1907 623 1961 (a.
654 1911 738 1952 742
766 1929 823 1944 =
850 1912 909 1951 12
948 1912 987 1951 et
1020 1908 1123 1963 sqq.)
1163 1915 1329 1963 gestum
1369 1935 1414 1938 —
1447 1933 1500 1941 —
1531 1911 1576 1951 in
1616 1925 1700 1966 quo
1741 1911 1853 1953 inter
1891 1912 2100 1967 primores

380 1983 683 2033 pugnaverunt
720 1977 1079 2020 *Chumstinctus
1128 1983 1170 2019 et
1208 1977 1415 2039 Avectius
1462 1978 1624 2020 tribuni
1674 1993 1730 2020 ex
1778 1979 1953 2021 civitate
1993 1980 2097 2022 Ner-

378 2046 564 2087 viorum’
598 2046 747 2087 Livias
768 2044 974 2099 periocha
1004 2045 1030 2088 l.
1062 2049 1153 2088 141.

299 2126 407 2168 1146
437 2125 691 2167 Aufidienus
732 2124 893 2179 Rufus,
935 2124 1010 2166 diu
1048 2124 1351 2180 manipularis,
1394 2125 1495 2167 dein
1540 2126 1756 2181 centurio,
1802 2141 1903 2169 mox
1948 2128 2099 2170 castris

381 2193 627 2249 praefectus
658 2208 695 2236 a.
730 2194 784 2235 14
809 2208 850 2248 p.
883 2191 931 2235 C.
970 2192 1067 2235 Tac.
1101 2207 1198 2235 ann.
1230 2196 1269 2243 1,
1298 2196 1368 2236 20.

301 2273 407 2315 1147
438 2272 638 2315 Aufidius
660 2273 834 2325 Bassus,
859 2271 955 2326 (M.)
978 2272 1211 2314 Servilium
1231 2273 1477 2315 Nonianum
1503 2273 1726 2328 (consulem
1749 2289 1788 2317 a.
1803 2278 1870 2326 35,
1891 2279 2101 2319 mortuum

384 2355 423 2382 a.
456 2340 526 2395 59)
555 2340 731 2397 paulum
761 2347 900 2382 aetate
931 2341 1194 2397 praecedens
1231 2341 1480 2395 Quintilian.
1512 2343 1609 2385 inst.
1638 2346 1705 2394 10,
1732 2347 1770 2395 1,
1802 2346 1905 2396 103;
1934 2358 2102 2402 semper

381 2409 540 2450 infirmi
581 2410 768 2465 eorporis
805 2424 937 2452 senex
976 2408 1118 2451 subito
1159 2409 1317 2451 defecit
1348 2409 1508 2452 Seneca
1535 2411 1653 2464 epist.
1682 2414 1738 2453 30
1778 2410 1956 2467 (scripta
1985 2413 2101 2456 circa

383 2491 421 2518 a.
453 2477 536 2531 60).
597 2479 756 2519 Rerum
798 2478 1002 2534 scriptor3
1043 2479 1341 2520 auctoritatem
1381 2478 1587 2521 historiae
1629 2481 1820 2535 egregie,
1865 2482 2016 2538 utique
2055 2483 2100 2524 in

382 2544 502 2586 libris
538 2545 640 2587 belli
672 2546 931 2599 Germanici,
971 2547 1194 2602 praestitit,
1235 2560 1394 2600 genere
1424 2547 1516 2603 ipso
1547 2547 1781 2603 probabilis
1811 2549 1853 2590 in
1885 2549 2100 2593 omnibus»

385 2611 459 2653 sed
491 2614 535 2654 in
567 2612 829 2668 quibusdam
861 2614 947 2655 suis
978 2614 1069 2669 ipse
1099 2614 1266 2656 viribus
1296 2615 1436 2656 minor
1461 2614 1711 2668 Quintilian.
1736 2615 1761 2658 l.
1783 2615 1810 2660 l.
1819 2629 1834 2667 ;
1860 2617 1990 2660 verba
2012 2618 2102 2661 eius

385 2679 433 2722 cle
470 2683 602 2722 morte
635 2679 850 2723 Ciceronis
890 2680 1130 2732 afferantur
1160 2697 1188 2724 a
1218 2682 1378 2725 Seneca
1406 2696 1569 2725 suasor.
1600 2686 1637 2734 6,
1668 2686 1734 2726 18.
1765 2687 1844 2736 23;
1871 2689 2102 2739 praeterea

384 2748 541 2789 citatur
577 2747 691 2790 Plin.
721 2763 762 2791 n.
793 2749 833 2791 h.
865 2753 902 2799 6,
934 2752 1004 2800 27,
1043 2749 1283 2794 Cassiodor.
1321 2750 1462 2793 chron.
1494 2766 1542 2806 p.
1574 2755 1654 2794 161
1693 2749 1875 2804 (Chron.
1905 2754 2007 2797 min.
2037 2755 2100 2798 II

384 2815 444 2859 ed.
479 2816 731 2870 Mommsen)
763 2818 816 2870 cf.
848 2831 892 2871 p.
915 2821 1021 2869 112,·
1048 2821 1306 2861 memoratur
1342 2819 1438 2862 Tac.
1470 2819 1573 2862 dial.
1604 2823 1674 2862 23.
1734 2820 1900 2863 Plinius
1930 2823 2102 2880 scripsit

384 2883 583 2926 historias
623 2899 648 2925 a
687 2884 771 2927 fine
810 2885 974 2927 Aufidii
1013 2887 1136 2928 Bassi
1178 2886 1295 2929 Plin.
1327 2901 1369 2929 n.
1404 2887 1444 2929 h.
1478 2888 1669 2942 praefat.
1700 2891 1782 2939 20,
1826 2888 1945 2933 Plin.
1981 2891 2098 2945 epist.

382 2954 421 3002 3,
451 2953 491 3001 5,
523 2954 561 2993 6.

302 3030 410 3073 1148
440 3029 640 3072 Aufidius
662 3031 806 3086 Chius,
833 3033 988 3075 ‘acrior
1019 3033 1099 3076 hoc
1130 3034 1398 3089 (describitur
1418 3038 1679 3089 procurator
1697 3035 1870 3089 qnidam
1897 3037 2098 3090 mulieris,

385 3099 457 3152 qai
484 3111 552 3140 res
579 3099 745 3149 axoris,
787 3100 911 3143 immo
947 3102 1095 3144 mariti
1123 3102 1227 3157 aqit)
1259 3102 1393 3146 Chius
1423 3118 1508 3145 non
1539 3104 1620 3146 erit
1649 3103 1864 3146 Aufidius’
1899 3104 2101 3149 Martial.

384 3168 422 3216 5,
449 3169 513 3216 61,
535 3170 611 3218 10,·
640 3168 781 3209 notior
809 3168 984 3211 Aufidio
1014 3170 1216 3213 moechus
1246 3171 1436 3214 Juvenal.
1462 3175 1501 3222 9,
1523 3174 1592 3222 25,
1622 3172 1699 3214 abi
1726 3171 1836 3214 idem
1863 3172 2104 3228 significari

383 3233 545 3276 violetur
555 3247 569 3285 ,·
604 3234 676 3288 (de
705 3251 786 3278 usu
816 3236 976 3292 fructu)
1006 3237 1260 3281 Atilicinum
1291 3239 1564 3295 respondisse
1582 3238 1784 3282 Aufidius
1805 3238 1940 3283 Chius
1971 3241 2104 3285 refert

385 3302 626 3357 fraymcnta
659 3301 868 3346 Vaticana
899 3307 963 3347 77.
