2202 3730
288 285 546 321 CETHEGVS
1161 277 1244 318 342
1897 281 2091 317 CHARES

302 440 357 444 -—
402 420 679 456 CORNELIVS
713 418 985 454 CETHEGVS.

303 508 359 512 —
402 490 454 524 M.
488 487 766 523 CORNELIVS
800 485 1075 521 CETHEGVS.

301 576 358 580 —-
402 557 508 593 SER.
542 555 822 590 CORNELIVS
855 553 1128 589 CETHEGVS.

304 641 359 647 »-
405 617 724 670 (CORNELIVS)
756 621 1018 656 LENTVLVS
1051 620 1325 657 CETHEGVS.

290 686 372 727 582
403 685 461 726 Μ.
495 684 641 727 Cetius
673 685 959 735 Faventinus,
1002 690 1152 725 auctor
1183 684 1393 738 epitomae
1430 683 1636 725 librorum
1668 684 1857 726 Vitruvii
1890 684 2096 727 Pollionis

375 767 486 809 quae
527 759 645 794 extat
688 752 843 794 Vitruv.
882 751 943 793 eol.
975 751 1088 793 Rose
1118 766 1166 805 p.
1198 754 1306 803 295,-
1345 752 1429 805 fuit
1469 755 1576 794 certe
1607 755 1703 794 ante
1732 752 1992 804 Palladium,
2023 754 2096 807 qui

376 822 557 876 epitoma
586 834 687 862 usus
718 823 777 862 est
806 820 860 873 cf.
895 819 1010 862 Nohl
1038 819 1311 862 Commentat.
1341 820 1587 863 Mommsen.
1610 835 1658 874 p.
1680 824 1732 862 64
1751 835 1836 874 sqq.

291 891 373 932 583
406 888 576 931 Cetrius
614 888 821 941 Severus,
864 887 1061 929 tribunus
1102 888 1473 943 praetorianorum
1513 902 1624 929 anno
1660 889 1713 930 69
1757 889 1855 931 Tac.
1887 889 1927 933 h.
1959 892 1997 940 1,
2028 892 2094 932 31.

374 957 577 999 Fortasse
607 956 715 998 idem
745 959 1001 998 memoratur
1029 956 1075 997 in
1104 959 1133 998 t.
1164 956 1418 998 Pisaurensi
1445 956 1525 998 XI
1538 959 1644 998 6343
1672 955 1772 999 Sex.
1801 956 1919 999 Cetri
1947 956 2098 999 Severi

377 1024 692 1081 spec(ulat0ris)
715 1024 961 1066 beneficiari
985 1024 1126 1079 (Lusii
1135 1024 1174 1072 ,9)
1197 1023 1334 1066 Getae
1368 1024 1456 1079 (pr.
1476 1039 1547 1078 pr.
1571 1024 1729 1078 48-51)
1760 1024 1815 1067 ab
1837 1019 2097 1068 comentaris

377 1093 722 1147 custodiarum).

293 1163 376 1205 584
408 1160 619 1204 Chabrias
648 1159 725 1213 (sic
747 1161 875 1203 cocleas
902 1161 1142 1210 Vaticanus,
1175 1160 1353 1216 Χαυρίας
1373 1159 1510 1214 vulco)
1531 1163 1789 1202 memoratur
1817 1161 1892 1211 ita,
1923 1164 1971 1203 ut
2000 1165 2100 1204 arta

377 1230 561 1283 quadam
579 1230 822 1272 necessitate
849 1244 940 1271 cum
961 1228 1191 1271 Hadriano
1222 1229 1469 1270 coniunctus
1498 1229 1628 1282 fuisse
1656 1228 1861 1279 videatur,
1894 1244 1922 1271 α
1943 1230 2101 1273 Marco

379 1300 432 1345 εἰς
462 1298 600 1340 ἑαυτόν
630 1300 670 1348 8,
698 1300 765 1339 37.

307 1391 364 1395 —
409 1365 583 1408 Cassius
612 1365 819 1408 Chaerea.

296 1436 379 1478 585
411 1434 691 1487 Chaeremon,
724 1433 1029 1476 celeberrimus
1060 1447 1220 1487 augur3
1252 1432 1350 1475 libri
1382 1433 1473 1474 eius
1504 1432 1558 1474 de
1589 1433 1780 1486 auguriis
1810 1441 2102 1476 memorantur

380 1517 407 1545 a
434 1502 598 1546 Caleno
626 1502 725 1544 XV
739 1516 786 1555 p.
808 1505 888 1544 144
910 1502 968 1543 K.

295 1573 376 1614 586
408 1571 675 1614 Chaeremon
701 1570 872 1612 Aelium
895 1569 1070 1613 Gallum
1100 1569 1364 1625 praefectum
1387 1569 1576 1624 Aegypti
1598 1569 1865 1612 Alexandria
1885 1571 1929 1612 in
1955 1570 2099 1627 Aegy-

380 1647 499 1696 ptum
541 1639 843 1681 ascendentem
883 1639 1109 1680 comitatus
1149 1644 1233 1691 est,
1275 1637 1400 1679 homo
1441 1639 1727 1680 astronomiae
1758 1639 1979 1681 scientiam
2008 1654 2103 1695 pro-

380 1708 539 1761 fessus,
571 1710 799 1764 γελώμενος
831 1708 873 1749 δὲ
903 1708 947 1749 τὸ
978 1706 1099 1749 πλέον
1136 1709 1191 1752 ὡς
1221 1707 1380 1753 ἀλαζὼν
1411 1708 1474 1748 καὶ
1505 1707 1661 1761 ἰδιώτης
1691 1706 1849 1749 Strabo
1882 1711 1947 1757 17,
1980 1711 2017 1757 1,
2044 1711 2102 1750 29

376 1791 424 1830 p.
446 1779 540 1817 806.
599 1775 671 1817 Eae
711 1778 941 1828 temporum
975 1775 1140 1816 ratione
1168 1775 1356 1827 sequitur
1383 1773 1492 1816 hunc
1522 1788 1606 1816 non
1630 1788 1753 1828 posse
1782 1789 1866 1817 non
1896 1775 2103 1818 diversum

382 1858 467 1887 esse
498 1858 526 1885 a
552 1842 837 1886 Chaeremone
866 1843 1068 1896 mayistro
1100 1842 1297 1884 Neronis.

299 1913 379 1956 587
410 1911 700 1964 Chaeremon,
732 1910 1077 1963 Alexandrinus,
1111 1909 1411 1966 philosophus,
1452 1910 1659 1964 magister
1689 1910 1874 1953 Neronis
1914 1912 1988 1968 qui
2029 1912 2103 1953 im-

384 1981 554 2038 peravit
584 1986 625 2021 et
655 1980 855 2034 Dionysii
886 1945 1196 2032 Alexandrini,
1238 1993 1366 2034 quem
1406 1977 1575 2020 scholae
1612 1993 1900 2021 successorem
1932 1979 2106 2036 reliquit

386 2049 547 2092 Suiolas
575 2061 607 2089 8.
637 2061 673 2092 v.
705 2048 904 2093 Διονυσιος
933 2047 966 2089 Ι
990 2062 1036 2101 p.
1069 2050 1176 2089 1394
1211 2046 1273 2088 eol.
1303 2046 1559 2100 Bernhardy
1589 2050 1628 2088 et
1668 2044 1916 2104 Ἀλέξανδρος
1946 2046 2105 2104 Αἰγαῖος

385 2117 468 2160 ibit.
497 2131 539 2170 p.
561 2119 669 2166 204;
699 2115 978 2171 philosophus
1011 2115 1181 2158 Stoicus
1213 2114 1478 2169 Porphyrius
1508 2114 1557 2156 de
1585 2115 1737 2157 abstin.
1759 2119 1798 2165 4,
1828 2119 1866 2166 6,
1904 2108 2104 2170 Oriyenes

383 2188 531 2227 contra
557 2183 722 2226 Celsum
750 2187 789 2233 1,
821 2186 887 2226 51.
943 2183 1126 2239 Scripsit
1155 2183 1439 2238 Aegyptiaca,
1472 2185 1558 2238 περὶ
1588 2187 1666 2226 τῶν
1699 2185 1815 2239 ἱερῶν
1845 2187 2102 2241 γραμμάτων,

385 2255 471 2309 περὶ
500 2257 578 2295 τῶν
609 2256 793 2308 κομητῶν
827 2258 868 2293 et
897 2252 1176 2305 grammatica
1205 2250 1440 2307 quaedam3
1480 2252 1722 2305 fraymcnta
1752 2251 1917 2306 colleyit
1943 2251 2106 2304 Muller

384 2320 535 2363 FHG.
567 2320 655 2362 III
677 2334 724 2373 p.
755 2322 834 2362 495
864 2333 950 2374 sqq.
983 2320 1036 2373 cf.
1070 2319 1231 2370 Zeller‚
1268 2318 1544 2372 Philosophie
1584 2318 1656 2361 cler
1693 2318 1901 2362 Griechen
1924 2320 2047 2370 111⁸,
2079 2323 2104 2362 1

380 2405 429 2444 p.
451 2391 545 2431 688.
565 2415 614 2419 -
639 2387 908 2430 Chaeremon
931 2387 1101 2430 Stoicus
1124 2387 1324 2431 Martial.
1352 2390 1417 2437 11,
1439 2389 1505 2437 56,
1527 2390 1553 2428 1
1578 2401 1726 2429 nomen
1755 2388 1898 2441 fictum
1926 2388 2103 2431 violetur.

301 2459 383 2500 588
414 2457 683 2512 Chaerippus
723 2460 979 2498 memoratur
1019 2455 1207 2498 Juvenal.
1247 2458 1327 2497 sat.
1362 2457 1402 2505 8,
1438 2457 1490 2497 95
1501 2468 1513 2506 ,·
1555 2469 1604 2496 ex
1648 2458 1840 2497 contextu
1873 2470 1959 2498 non
1999 2457 2106 2498 satis

387 2525 569 2568 dilucido
602 2528 676 2566 aut
705 2540 755 2567 esc
785 2526 838 2566 iis
858 2525 990 2578 fuisse
1009 2524 1186 2574 videtur,
1217 2524 1290 2577 qui
1316 2523 1611 2566 Cossutianum
1632 2523 1875 2578 Capitonem
1895 2527 1934 2566 et
1954 2523 2105 2566 Numi-

386 2589 580 2646 torem(.9)
615 2594 791 2648 ‘piratas
824 2592 1023 2635 Cilicum‘
1059 2593 1110 2647 (v.
1140 2594 1210 2647 94)
1245 2591 1574 2645 repetundarum
1604 2594 1915 2642 accusaverunt,
1948 2595 2024 2634 aut
2052 2606 2103 2634 cx

387 2662 706 2703 accusatoribus
735 2661 906 2703 Pansae
934 2661 997 2703 vel
1029 2660 1190 2702 Nattae
1219 2673 1254 2701 v.
1280 2662 1345 2701 96.

302 2731 384 2773 589
416 2729 611 2771 Chaeron
654 2729 757 2783 (pro
789 2729 1000 2786 Χαίρωνος
1030 2728 1216 2770 traditur
1248 2727 1461 2784 Χάρονος),
1505 2727 1618 2769 filius
1660 2727 1881 2770 Plutarchi
1920 2727 2104 2771 Chaero-

387 2799 531 2839 nensis
555 2804 597 2839 et
617 2797 894 2843 Timoxenae,
927 2799 1049 2839 cuius
1070 2803 1253 2838 mortem
1277 2810 1455 2838 uxorem
1487 2810 1655 2838 summa
1683 2797 1924 2838 constantia
1955 2796 2104 2839 tulisse

387 2866 607 2922 praedicat
636 2866 856 2907 Plutarch.
889 2866 1039 2908 consol.
1072 2865 1129 2907 aol
1155 2878 1328 2907 uxorem
1357 2878 1391 2906 c.
1421 2867 1447 2907 5
1478 2864 1543 2919 (p.
1567 2867 1648 2906 609
1660 2863 1716 2918 d).

302 2935 385 2977 590
416 2934 602 2987 Charax,
637 2933 905 2991 Περγαμηνός,
933 2935 1059 2990 ἱερεὺς
1088 2935 1152 2976 καὶ
1185 2933 1414 2989 φιλόσοφος,
1445 2947 1589 2973 rerum
1620 2932 1814 2988 scriptor,
1846 2932 1980 2974 multo
2010 2939 2106 2989 post

387 3001 632 3055 Augustum
663 3002 744 3043 fuit
775 3002 933 3044 Suidas
960 3015 993 3043 s.
1024 3016 1059 3045 v.
1091 3001 1251 3057 Χάραξ,
1291 3000 1400 3042 idem
1429 3000 1657 3042 memorari
1684 2999 1847 3042 videtur
1886 3015 1914 3042 a
1949 3000 2106 3042 Marco

388 3071 441 3115 εἰς
462 3070 598 3111 ἑαυτόν
622 3072 661 3118 8,
684 3072 761 3111 25:
794 3072 829 3111 οἱ
851 3071 894 3111 δὲ
918 3072 1062 3126 δριμεῖς
1087 3069 1241 3118 ἐκεῖνοι,
1274 3070 1298 3123 ἢ
1330 3070 1609 3124 προγνωστικοὶ
1640 3069 1664 3123 ἢ
1693 3068 1975 3125 τετυφωμένοι,
2007 3071 2104 3122 ποῦς

391 3139 535 3193 δριμεῖς
574 3138 643 3192 μὲν
686 3136 822 3193 Χάραξ
857 3141 938 3180 κτλ.
981 3138 1155 3189 (scilicet
1195 3136 1268 3178 diu
1308 3135 1366 3177 acl
1402 3137 1563 3190 inferos
1604 3136 1829 3193 aciei-uno.
1899 3135 2011 3179 Vnde
2049 3135 2122 3184 ad,

389 3208 566 3246 aetatem
601 3206 690 3257 fere
720 3205 941 3247 Hadriani
971 3206 1185 3259 pertinere
1214 3205 1388 3249 violetur.
1450 3204 1632 3259 Scripsit
1662 3203 1890 3259 ιΙὲἶλληνικοί,
1922 3203 2103 3254 Ἰταλικά,

390 3273 579 3329 Χρονικά,
610 3274 851 3326 fracmenta
881 3274 1045 3327 colleyit
1080 3274 1238 3316 Muller
1265 3272 1417 3316 FHG.
1449 3272 1537 3314 III
1550 3287 1598 3326 p.
1620 3275 1699 3313 636
1718 3285 1802 3325 sqq.

317 3366 374 3372 —
418 3340 583 3396 Oppius
614 3339 790 3382 Chares.
