2202 3730
300 276 577 313 CORNELIVS
1156 265 1241 308 440
1811 270 2089 307 CORNELIVS

380 405 543 448 videtur
571 403 796 447 Cornelius
817 401 1061 455 Anullinus,
1095 399 1226 442 salius
1253 399 1487 454 Palatinus,
1522 401 1565 441 in
1592 401 1714 442 cuius
1743 399 1882 450 locum
1914 400 2089 455 auguris

380 475 479 515 facti
510 473 617 514 alius
650 477 873 526 cooptatur
903 483 1015 511 anno
1046 470 1124 511 201
1160 468 1228 510 VI
1250 470 1374 511 1982.
1406 470 1526 510 1983.

298 543 406 584 1066
436 549 476 582 Ρ.
499 537 817 593 COR(NELIVS)
837 535 1197 591 AN[VLL1N‘?]VS,
1220 535 1388 590 legatus
1403 535 1591 590 Augusti
1604 537 1879 589 (Germaniae
1901 537 2091 593 superio-

380 610 455 662 ris)
486 607 743 656 Brambacli,
779 605 941 659 Corpus
970 604 1300 658 Inscriptionum
1329 604 1628 646 Rhenararum
1659 607 1764 647 1559
1794 606 1849 659 cf.
1879 618 1985 659 quae
2015 605 2090 647 ad-

377 677 536 718 notavit
574 675 704 728 Hauy
735 673 1004 716 Jahrbu'cher
1035 672 1105 714 des
1141 672 1309 714 Vereins
1348 672 1421 714 der
1450 672 1888 726 Alterthumsfreuncle
1926 674 1972 716 in
2013 673 2090 716 den

378 743 672 786 Rheinlanden
708 742 803 784 LV.
843 741 963 783 LVI
995 740 1133 795 (1875)
1163 755 1211 794 p.
1245 743 1335 782 156.
1372 765 1428 770 —
1457 740 1652 794 Intelleyi
1681 744 1823 795 potest
1862 742 1969 784 alter
1996 745 2089 784 uter

378 826 520 854 eorum
539 811 612 864 qui
628 809 913 864 praecedunt,·
943 813 988 850 at
1016 809 1343 862 supplementum
1373 810 1630 863 coynominis
1658 823 1742 851 non
1772 813 1929 852 certum
1959 813 2030 852 est.

295 880 402 922 1067
436 878 779 932 *CORN(EL1vs)
811 885 998 928 AQVILA
1028 877 1117 919 ΙΙΙ
1141 877 1186 921 S.
1218 880 1326 919 6974
1354 877 1447 919 vide
1478 877 1694 919 Cornutus
1725 878 1898 934 Aquila.

295 949 403 990 1068
435 954 512 990 CN.
544 953 824 989 CORNELIVS
866 952 1096 996 AQVILIVS
1137 951 1317 998 NIGER,
1357 944 1523 999 legatus
1562 945 1745 1000 legionis
1784 947 1807 988 I
1846 947 2087 989 Minerviae

376 1017 472 1071 piae
511 1014 673 1069 fidelis,
715 1016 818 1056 item
847 1013 938 1069 (sic)
972 1013 1200 1069 proconsul
1232 1013 1399 1056 Galliae
1439 1013 1754 1069 Narbonensis,
1793 1015 1895 1056 item
1933 1014 2089 1057 sodalis

375 1082 668 1125 Hadrianialis
711 1083 856 1138 posuit
894 1085 922 1126 t.
963 1081 1226 1124 Bonnensem
1262 1081 1530 1132 Brambach,
1572 1081 1732 1136 Corpus
1773 1083 2089 1138 inscriptionum

377 1151 684 1193 Rhenanarum
712 1154 805 1192 463.
842 1174 898 1180 -
938 1150 992 1193 Si
1018 1149 1138 1192 modo
1171 1153 1197 1191 t.
1227 1150 1432 1204 yenuinus
1461 1150 1528 1200 sit,
1560 1150 1714 1204 leyioni
1734 1154 1834 1205 post
1855 1165 2088 1205 proconsu-

377 1219 509 1261 latum
531 1220 752 1272 praefuit,
783 1222 828 1260 at
856 1231 935 1260 vox
969 1219 1100 1260 ‘item³
1130 1232 1359 1273 perperam
1380 1218 1443 1260 bis
1463 1219 1612 1272 posita
1640 1220 1916 1273 suspicionem
1944 1222 2087 1262 movet.

292 1287 400 1328 1069
433 1293 712 1328 CORNELIVS
753 1292 991 1340 AQVINVS,
1033 1285 1199 1340 legatus
1240 1286 1422 1340 legionis
1462 1301 1549 1328 una
1590 1301 1689 1328 cum
1729 1287 1864 1329 Fabio
1905 1286 2088 1330 Valente

372 1355 601 1397 Fonteium
632 1354 886 1411 Capitonem
925 1354 1115 1409 legatum
1146 1355 1407 1398 Germaniae
1446 1353 1662 1397 inferioris
1701 1355 1859 1398 occidit
1888 1370 2000 1398 anno
2030 1355 2085 1398 68

379 1423 477 1465 Tac.
506 1423 547 1466 h.
578 1426 617 1474 1,
649 1426 685 1465 7.

291 1493 399 1535 1070
431 1498 713 1534 CORNELIVS
744 1498 1065 1546 ARCHELAVS,
1108 1492 1177 1532 vir
1206 1491 1480 1546 clarissimus,
1513 1498 1720 1548 patronus
1751 1491 1919 1547 collegii
1950 1506 2087 1535 sacer-

331 1611 346 1621 ·
375 1560 524 1602 dotum
553 1560 705 1602 domus
734 1559 958 1614 Augustae
990 1559 1213 1601 Palatinae
1244 1565 1382 1602 aetate
1413 1559 1638 1603 Commodi
1669 1560 1738 1602 VI
1758 1563 1886 1605 2010.

290 1628 396 1671 1071
431 1627 656 1670 Cornelius
677 1627 835 1670 Avitus
857 1628 979 1681 (libri
987 1627 1180 1682 plerique
1195 1627 1370 1676 Abitus)
1389 1627 1705 1671 Chalcedonem
1726 1629 1875 1671 urbem
1898 1628 2085 1673 Gallieni

374 1702 513 1738 aetate
543 1696 792 1738 subversam
821 1702 970 1751 postea
1000 1696 1217 1751 reparavit
1247 1695 1452 1738 Iordanes
1479 1696 1571 1740 Get.
1593 1700 1664 1747 20,
1688 1700 1782 1740 107.

290 1764 400 1806 1072
432 1763 658 1806 Cornelius
689 1763 863 1818 Balbus,
896 1779 1067 1819 praeses
1099 1764 1274 1820 quidam
1303 1764 1372 1806 vel
1403 1758 1493 1806 dux
1530 1767 1798 1821 imperatoris
1828 1765 1887 1809 M.
1919 1764 2086 1807 Aurelii

373 1831 581 1874 Antonini
610 1833 680 1874 vit.
713 1832 935 1874 Pescennii
965 1832 1098 1886 Niyri
1123 1836 1162 1882 4,
1195 1836 1281 1874 1-4
1310 1833 1356 1874 in
1387 1833 1565 1887 epistula
1595 1834 1708 1888 ficta.

292 1901 400 1943 1073
431 1907 475 1942 L.
508 1906 787 1942 CORNELIVS
818 1907 1021 1955 BALBVS,
1051 1901 1099 1944 P.
1127 1900 1169 1955 f.,
1202 1904 1299 1942 acta
1328 1901 1525 1955 triumph.
1550 1901 1731 1956 Capitol.
1755 1901 1855 1945 CIL
1874 1903 1908 1944 I
1912 1903 1928 1926 2
1948 1917 1996 1956 p.
2016 1905 2085 1953 50,

372 1968 485 2010 filius
511 1968 656 2010 fratris
688 1968 877 2011 Cornelii
908 1968 1033 2011 Balbi
1062 1969 1248 2023 maioris,
1282 1969 1522 2012 Gaditanus
1554 1985 1652 2011 cum
1682 1976 1835 2026 patruo
1867 1971 2087 2012 civitatem

375 2037 608 2078 Romanam
642 2038 808 2093 accepit
828 2036 947 2079 Plin.
975 2051 1016 2078 n.
1037 2036 1076 2077 h.
1098 2039 1136 2087 5,
1158 2040 1225 2079 36.
1268 2037 1388 2078 Bello
1420 2037 1537 2079 civili
1569 2038 1729 2080 Caesar
1759 2053 1904 2081 mense
1933 2038 2088 2080 Martio

373 2120 410 2148 a.
444 2105 525 2147 705
557 2125 612 2139 =
642 2106 695 2147 49
727 2120 763 2149 a.
796 2104 844 2148 C.
878 2120 974 2146 eum
1005 2105 1061 2146 ad
1089 2105 1140 2146 L.
1161 2105 1397 2147 Lentulum
1427 2106 1646 2148 consulem
1677 2121 1773 2148 cum
1803 2106 1959 2148 litteris
1990 2122 2086 2149 cum

373 2173 586 2215 mandatis
618 2188 715 2214 cum
745 2174 1028 2229 promissione
1058 2174 1306 2229 provinciae
1343 2174 1478 2228 misit,
1523 2181 1572 2217 ut
1601 2176 1779 2217 Romam
1811 2175 1972 2218 rediret
2002 2174 2086 2220 Oic.

375 2241 432 2282 ad
459 2240 551 2282 Aa.
571 2243 610 2291 8,
632 2244 669 2291 9,
691 2245 741 2292 4,·
769 2243 809 2291 8,
831 2244 896 2291 11,
917 2243 967 2292 5;
996 2244 1033 2292 9,
1054 2244 1092 2292 6,
1114 2245 1163 2293 1,·
1194 2242 1374 2295 epistula
1413 2243 1501 2284 eius
1532 2243 1590 2284 acl
1619 2242 1855 2286 Ciceronem
1886 2244 1934 2286 de
1964 2258 2015 2286 ea
2042 2258 2089 2287 re

376 2309 479 2351 data
508 2309 592 2351 ibcl.
613 2311 653 2359 8,
676 2312 729 2351 15
748 2309 815 2360 Α,·
845 2309 1012 2351 litterae
1038 2311 1129 2351 eius
1151 2310 1206 2352 ad
1228 2309 1479 2352 Ciceronem
1509 2313 1692 2367 scriptae
1721 2326 1833 2353 anno
1856 2313 1936 2355 707
1959 2332 2014 2347 z
2034 2313 2088 2355 47

375 2383 668 2419 memorantur
696 2377 782 2419 ibd.
804 2381 868 2428 11,
890 2381 958 2428 12,
981 2381 1024 2428 2,
1057 2393 1168 2420 anno
1201 2379 1282 2421 709
1313 2399 1368 2413 =
1399 2380 1452 2421 45
1486 2379 1568 2421 z'bd.
1595 2383 1664 2431 12,
1691 2383 1758 2430 38,
1785 2384 1837 2432 2;
1868 2383 1934 2432 13,
1955 2384 2022 2432 49,
2043 2384 2086 2425 2.

375 2444 507 2501 Apud
527 2445 821 2500 Dyrrachium
848 2452 989 2487 castra
1014 2446 1376 2502 Pompeianorum
1406 2448 1624 2501 ingressus
1655 2450 1826 2504 saepius
1858 2464 1956 2491 cum
1977 2450 2088 2492 Len-

375 2512 463 2554 tulo
510 2513 596 2566 egit
644 2512 820 2555 Velleius
848 2517 902 2564 2,
937 2516 1001 2556 51.
1056 2513 1184 2556 Anno
1231 2515 1313 2557 710
1353 2535 1408 2549 =
1446 2517 1504 2558 44
1543 2522 1746 2572 quaestor
1789 2518 1834 2558 in
1876 2517 2091 2573 Hispania

378 2580 424 2623 C.
457 2580 596 2622 Asinii
640 2581 845 2623 Pollionis
882 2581 1078 2626 Gadibus
1120 2583 1292 2638 rapinas
1333 2583 1573 2640 caedesque
1615 2586 1808 2627 exercuit
1848 2591 1891 2627 et
1935 2585 2090 2640 grandi

374 2649 556 2703 pecunia
587 2656 734 2691 coacta
763 2649 851 2691 kal.
883 2651 1020 2692 Iuniis
1051 2650 1105 2692 ad
1136 2650 1300 2707 Calpen
1336 2653 1380 2694 in
1411 2666 1592 2707 regnum
1622 2653 1813 2707 Bogudis
1845 2668 1890 2695 se
1919 2654 2090 2695 traiecit

374 2715 516 2758 Pollio
547 2717 662 2770 apud
687 2716 773 2761 Cic.
806 2718 864 2759 ad
890 2718 1017 2760 Fam.
1050 2722 1115 2768 10,
1143 2719 1214 2769 32,
1235 2722 1333 2763 1-3.
1394 2720 1542 2775 Ludis,
1575 2735 1682 2777 quos
1713 2720 1909 2764 Gadibus
1941 2721 2088 2777 edidit,

376 2790 644 2838 praetextam
665 2784 718 2826 de
744 2800 819 2827 suo
850 2787 1004 2828 itinere
1031 2786 1086 2828 ad
1107 2787 1158 2830 L.
1181 2787 1414 2829 Lentulum
1443 2788 1743 2844 proconsulem
1773 2789 2090 2833 sollicitandum

376 2853 519 2907 posuit
547 2859 599 2905 et,
632 2868 727 2894 cum
760 2860 971 2909 ageretur,
1004 2854 1125 2896 flevit
1153 2855 1211 2897 id.
1241 2855 1273 2909 §
1302 2858 1340 2897 3.
1371 2858 1410 2898 5.

462 2920 532 2961 Ex
554 2921 722 2975 privato
743 2922 979 2964 consularis
1007 2923 1185 2965 Velleius
1206 2923 1232 2965 Ζ.
1256 2923 1297 2974 Ζ.,
1327 2925 1401 2977 qui
1426 2925 1465 2966 si
1493 2928 1689 2967 accurate
1715 2926 1896 2979 scripsit,
1923 2926 2091 2970 Balbus

375 2987 490 3028 nullo
511 2989 763 3042 mayistratu
775 2994 876 3043 post
890 2994 1157 3043 quaesturam
1172 2992 1341 3045 functus
1360 2993 1471 3034 inter
1486 2993 1725 3035 consulares
1743 2994 1877 3036 sedem
1898 2995 2091 3038 obtinuit.

376 3055 459 3098 Secl
487 3057 669 3097 auctoris
704 3060 743 3098 et
781 3058 969 3111 opusculi
1006 3059 1160 3101 indolis
1188 3060 1353 3102 ratione
1387 3060 1535 3102 habita
1566 3062 1733 3103 concedi
1751 3065 1893 3116 potest
1921 3062 2092 3105 eundem

378 3123 556 3175 fortasse
587 3137 669 3166 esse
700 3125 750 3168 L.
783 3124 1029 3168 Cornelium
1059 3127 1277 3169 consulem
1309 3128 1440 3182 (suff.)
1474 3144 1512 3170 a.
1536 3130 1591 3171 32
1621 3129 1714 3171 vide
1744 3143 1877 3184 supra
1905 3144 1946 3174 n.
1967 3133 2090 3174 1057.

382 3191 617 3232 Proconsul
646 3191 821 3234 Africae
853 3194 1136 3236 Garamantes
1166 3196 1271 3237 vicit
1301 3202 1343 3237 et
1362 3196 1427 3238 VI
1456 3196 1501 3240 k.
1524 3196 1662 3252 April.
1689 3212 1727 3241 a.
1754 3198 1835 3240 735
1865 3218 1920 3233 =
1952 3199 2005 3241 19
2034 3198 2089 3241 de

383 3258 717 3301 Garamantibus
748 3261 1027 3317 triumphavit
1058 3266 1155 3304 acta
1185 3267 1250 3314 tr.,
1284 3263 1459 3306 Velleius
1485 3264 1512 3308 Ζ.
1536 3264 1575 3316 Ζ.,
1607 3264 1724 3307 Plin.
1745 3279 1787 3307 n.
1807 3265 1846 3307 h.
1870 3266 1897 3308 l.
1919 3266 1946 3309 l.
1977 3265 2092 3319 (inde

384 3320 518 3370 Solin.
548 3330 620 3377 29,
653 3327 705 3382 7),
739 3328 895 3370 Strabo
924 3333 962 3380 3,
992 3333 1031 3381 5,
1060 3334 1087 3373 3
1107 3346 1156 3386 p.
1178 3335 1273 3374 169.
1306 3356 1354 3362 —
1396 3332 1598 3374 Pontifex
1629 3333 1730 3375 Vell.
1762 3333 1789 3375 Ζ.
1821 3333 1849 3376 Ζ.
1880 3358 1932 3363 -
1962 3333 2089 3377 Anno
