2176 3750
115 315 301 353 ANNIVS
992 311 1047 354 65
1741 316 1926 356 ANNIVS

134 453 139 455 ’
197 446 430 490 tribunicia
448 453 686 524 potestate,
703 448 868 499 consul,
899 455 1022 526 pater
1051 450 1228 506 patriae,
1261 448 1492 505 proconsul
1523 452 1551 491 t.
1573 453 1612 501 1,
1645 450 1744 493 item
1773 453 1802 495 t.
1822 453 1866 495 2.
1872 443 1925 501 3,

197 515 286 558 nisi
311 515 423 570 quod
451 515 564 558 deest
591 516 638 559 in
665 515 734 559 his
771 517 939 568 consul;
975 518 1021 560 in
1049 519 1230 560 nummis
1258 518 1435 560 honores
1467 518 1635 561 omnino
1662 531 1748 561 nem
1776 514 1927 563 memo-

198 587 366 626 rantur.
410 584 530 626 Dum
561 584 722 627 bellum
754 585 881 627 civile
910 593 1060 628 contra
1086 586 1145 628 M.
1167 586 1393 628 Aurelium
1414 585 1604 628 Probum
1630 593 1767 643 parat,
1800 586 1927 630 Tarsi

198 667 224 694 a
252 651 461 695 militibus
491 654 659 695 occisus
691 660 754 696 est
773 654 845 696 vit.
873 654 1016 696 Taciti
1039 659 1104 705 14,
1126 659 1169 705 2,
1203 656 1398 697 Zosimus
1418 659 1456 706 1,
1478 659 1543 706 64,
1576 655 1775 698 Zonaras
1793 661 1833 707 1,
1855 660 1925 708 24,

199 720 342 764 Victor
378 720 499 764 Caes.
527 724 603 772 36,
635 722 822 776 Epitom.
857 725 911 765 36
952 723 1045 777 (ubi
1082 723 1194 777 falso
1234 724 1380 765 incisis
1422 739 1448 765 a
1486 731 1620 766 semet
1648 725 1742 780 ipso
1771 725 1925 780 venis),

196 789 409 832 Eusebius
429 789 605 832 Armen.
627 804 667 833 a.
688 790 796 834 Abr.
815 793 944 841 2294,
970 791 1216 846 Hieronym.
1238 806 1278 835 a.
1299 792 1408 836 Abr.
1429 795 1546 835 2293
1565 812 1622 827 =
1650 787 1771 836 Oros.
1794 796 1834 847 7,
1853 796 1926 845 28,

129 862 132 864 ’
197 857 435 912 Ghronoyr.
456 872 506 912 p.
527 861 622 900 148.
681 859 898 913 Regnavit
935 860 1012 901 vix
1052 860 1221 903 duobus
1261 860 1481 903 mensibus
1510 861 1582 903 vit.
1614 861 1755 904 Taciti
1780 865 1856 913 14,
1886 865 1925 912 3,

198 925 368 968 duobus
388 926 607 968 mensibus
634 933 676 968 et
697 926 848 969 diebus
869 928 1026 982 viginti
1048 928 1231 983 Eutrop.
1254 932 1294 979 9,
1314 932 1380 979 16,
1411 944 1497 971 uno
1527 944 1674 971 mense
1700 936 1776 972 aut
1793 930 1927 973 altero

198 995 275 1036 vix
305 1000 472 1037 retenta
506 995 799 1037 dominatione
840 995 944 1038 Vict.
973 996 1093 1039 Caes.
1124 1000 1196 1047 36,
1237 997 1329 1039 dies
1370 998 1598 1052 sexaginta
1628 998 1777 1053 (Vict.)
1807 999 1926 1054 ngit.

199 1061 283 1106 οὐδ’
311 1063 405 1106 ὅλον
433 1065 616 1121 τρίμηνον
647 1064 795 1111 ἀνύσας
814 1064 1012 1107 Zonaras
1032 1069 1100 1115 12,
1124 1069 1195 1115 29,
1227 1065 1320 1107 dies
1350 1066 1574 1108 LXXXH
1601 1066 1758 1110 Euseb.
1787 1067 1926 1118 Arm„

198 1130 291 1173 dies
306 1130 577 1174 LXXXHII
594 1131 835 1175 Cassiodor.
854 1132 954 1183 chr„
978 1133 1070 1175 dies
1086 1133 1374 1176 LXXXVIII
1396 1133 1644 1189 Chr-«moyn,
1662 1135 1926 1191 Hieronym„

198 1200 324 1242 tertio
343 1214 493 1242 mense
514 1200 732 1242 extinctus
761 1200 880 1244 Oros.
922 1200 1135 1256 Reynavit
1154 1202 1286 1256 t'ffltur
1306 1201 1410 1244 duos
1428 1202 1518 1255 fere
1538 1215 1696 1245 menses
1716 1203 1780 1246 vel
1789 1204 1926 1258 paulo

198 1267 381 1322 amplius
412 1271 572 1311 aestate
613 1269 720 1311 anni
746 1272 833 1312 276
864 1270 920 1323 cf.
952 1270 993 1312 ἐν
1021 1274 1082 1327 τῷ
1110 1270 1219 1326 θέρει
1257 1270 1462 1326 γινομένου
1502 1268 1703 1328 καΰματος
1733 1272 1927 1315 Zosimus

158 1340 237 1387 1,
269 1339 334 1387 64,
364 1340 410 1380 2.

111 1417 197 1459 489
226 1417 277 1460 Ρ.
298 1415 470 1459 Annius
490 1416 660 1460 Florus.
696 1418 760 1460 εΡ.
789 1417 922 1460 Annii
952 1417 1073 1460 Flori
1095 1417 1307 1473 Virgilius
1338 1424 1484 1461 orator
1514 1434 1570 1461 an
1598 1425 1727 1476 poeta
1756 1420 1923 1478 incipit'

197 1477 447 1540 inscriptum
468 1489 528 1528 est
546 1486 592 1528 in
611 1485 750 1529 codice
769 1485 1055 1537 Bruoeellensi,
1081 1487 1155 1540 qui
1174 1487 1495 1546 praefationem
1515 1487 1863 1531 declamatoriam
1889 1493 1928 1532 et

198 1547 368 1596 initium
395 1553 716 1597 declamationis
745 1554 794 1597 de
822 1556 1082 1609 quaest-ione,
1111 1558 1256 1597 utrum
1286 1555 1496 1611 Veryilius
1524 1557 1664 1615 maior
1696 1560 1841 1614 orator
1871 1572 1928 1600 an

200 1625 334 1677 poeta
361 1623 504 1676 fuerit,
538 1623 716 1666 exhibet.
777 1623 830 1666 Vt
867 1623 966 1666 inde
1006 1627 1206 1679 apparet,
1248 1623 1403 1682 Florus
1439 1630 1568 1681 poeta
1606 1639 1657 1667 ac
1695 1625 1842 1668 rhetor
1872 1641 1927 1668 ex

198 1684 350 1733 Africa
369 1691 578 1734 oriundus
598 1691 759 1734 Romae
779 1707 888 1749 puer
908 1693 953 1734 in
973 1691 1087 1735 ludis
1109 1691 1366 1749 Capitolinis
1387 1708 1413 1735 a
1432 1693 1684 1736 Domitiano
1706 1702 1763 1751 (a.
1784 1697 1926 1751 86s96)

201 1773 361 1801 corona
389 1761 585 1816 privatus
617 1766 732 1814 erat3
762 1761 878 1804 unde
898 1761 1037 1804 Roma
1062 1760 1215 1804 relicta
1243 1768 1340 1818 post
1368 1761 1525 1804 multos
1557 1777 1723 1805 errores
1754 1763 1927 1806 tandem

200 1829 243 1869 in
287 1827 395 1871 urbe
434 1829 675 1885 Hispaniae
716 1830 1022 1886 (probabiliter
1062 1830 1321 1887 Tarracone)
1362 1830 1569 1888 consedit.
1637 1831 1927 1889 Triumphum

199 1897 411 1939 Dacicum
441 1895 616 1950 (scilicet
650 1899 837 1941 Traiani
865 1913 904 1941 a.
927 1902 1014 1943 102
1042 1899 1106 1942 vel
1135 1898 1230 1954 106)
1261 1898 1461 1942 versibus
1491 1899 1740 1943 celebravit.

191 1995 203 1997 ψ
281 1965 400 2008 Idem
440 1967 528 2009 sine
569 1966 695 2010 dubio
735 1971 796 2027 est
835 1967 991 2010 Florus
1031 1974 1179 2024 poeta,
1223 1969 1298 2024 qui
1329 1968 1528 2011 versibus
1569 1984 1668 2011 cum
1698 1968 1924 2012 Hadriano

197 2035 380 2077 certavit
407 2035 480 2077 vit.
501 2035 719 2078 Hadrian.
741 2039 795 2079 16
803 2050 817 2088 ;
846 2036 1016 2079 Annius
1038 2036 1193 2079 Florus
1212 2036 1279 2094 vad
1301 2036 1451 2079 divum
1471 2036 1748 2080 Hadrianum
1769 2038 1927 2081 citatur

194 2102 365 2147 Charis.
395 2103 585 2146 Gramm.
614 2093 713 2164 Lat.
744 2105 779 2148 I
798 2108 865 2156 35,
896 2108 973 2156 14,·
1002 2109 1098 2156 140,
1126 2109 1165 2156 6,
1196 2105 1353 2148 Florus
1384 2105 1440 2148 ad
1472 2105 1620 2148 divum
1651 2106 1924 2149 Hadrianum

196 2171 282 2213 ibd.
293 2174 392 2222 123,
410 2176 448 2214 7.
479 2172 608 2215 Floro
630 2180 782 2229 poetae
803 2174 1049 2216 tribuuntur
1069 2174 1264 2216 carmina
1278 2173 1506 2229 Antholoy.
1524 2173 1599 2217 lat.
1613 2177 1682 2217 87.
1699 2178 1921 2219 245-252.

281 2239 446 2283 Auctor
476 2240 609 2283 libelli
630 2241 827 2284 historici
843 2243 918 2296 qui
936 2243 1186 2285 inscribitur
1206 2243 1395 2298 epitoma
1415 2242 1469 2284 de
1490 2243 1540 2285 T.
1562 2243 1689 2285 Livio
1711 2242 1924 2286 bellorum

192 2309 389 2350 omnium
428 2323 640 2351 annorum
679 2309 800 2353 DCC
839 2310 904 2353 vel
943 2311 1140 2367 epitoma
1170 2310 1225 2353 de
1254 2310 1305 2354 T.
1334 2311 1463 2353 Livio
1501 2312 1748 2354 nominatur
1786 2311 1923 2354 Iulius

196 2376 354 2419 Florus
372 2368 420 2419 in
440 2378 578 2420 codice
593 2378 911 2433 Bamberyensi,
934 2379 986 2421 L.
1002 2378 1248 2433 Ann(a)eus
1269 2378 1425 2421 Florus
1445 2379 1492 2421 in
1512 2379 1651 2422 codice
1667 2379 1923 2422 Nazariano

197 2447 237 2486 et
274 2445 319 2487 in
348 2445 565 2499 plerisque
601 2446 700 2489 aliis
739 2446 811 2502 (cf.
843 2446 964 2489 Jahn
997 2447 1143 2501 praef.
1176 2462 1224 2501 p.
1255 2447 1532 2504 XXXVII).
1602 2447 1838 2504 Scripsisse
1877 2463 1924 2490 se

196 2518 337 2555 aetate
375 2514 589 2557 Hadriani
629 2516 721 2572 ipse
765 2521 948 2573 testatur
983 2515 1112 2560 Flor.
1144 2516 1289 2570 praef.
1327 2518 1368 2558 8.
1441 2515 1564 2569 Quod
1603 2530 1653 2558 ex
1692 2519 1924 2571 temporum

195 2582 361 2625 ratione
382 2597 466 2637 per
494 2596 537 2626 se
565 2585 655 2626 veri
677 2584 813 2626 simile
841 2584 1018 2635 videtur,
1041 2587 1148 2627 certe
1176 2584 1462 2627 demonstrare
1491 2584 1586 2627 licet
1614 2584 1820 2639 (quamvis
1847 2585 1922 2627 ad-

195 2649 275 2692 hue
295 2650 413 2693 haud
439 2652 548 2694 satis
575 2652 632 2694 sit
662 2652 1007 2708 demonstratum)
1030 2653 1370 2708 proprietatibus
1398 2653 1602 2695 sermonis
1631 2653 1797 2696 collatis
1816 2667 1923 2707 quae

195 2721 293 2760 swnt
328 2732 562 2762 communes
601 2720 900 2763 declamationi
938 2724 976 2763 et
1015 2720 1157 2763 libello
1195 2721 1417 2772 historico,
1455 2724 1668 2764 auctorem
1706 2722 1923 2775 utriusque

198 2787 387 2840 opusculi
406 2801 491 2830 esse
512 2789 696 2831 eundem.
740 2789 893 2843 Itaque
921 2803 1022 2831 vera
1052 2789 1239 2832 auctoris
1267 2790 1464 2844 epitomes
1491 2790 1666 2832 nomina
1694 2790 1741 2832 in
1770 2789 1922 2833 codici-

197 2854 274 2896 bus
294 2855 398 2909 plus
426 2857 565 2899 minus
596 2857 828 2914 depravata
857 2861 968 2900 sunt.

110 2932 194 2976 490
222 2933 393 2977 Annius
423 2936 610 2991 Fuscus,
644 2937 757 2979 filius
789 2939 1000 2980 curatoris
1031 2912 1216 2993 Aquini,
1248 2939 1429 2979 maritus
1458 2911 1759 2994 Lampridiae,
1798 2944 1922 2994 pater

196 3002 423 3045 Pescennii
466 3005 615 3060 Nigri,
662 3006 736 3062 qui
779 3006 1009 3062 imperium
1054 3006 1237 3061 sumpsit
1271 3006 1343 3048 vit.
1386 3006 1608 3049 Pescennii
1649 3006 1774 3070 Niyr.
1810 3009 1857 3056 1,
1894 3009 1922 3047 3

195 3069 328 3113 dubia
355 3072 450 3126 fide.

109 3149 190 3191 491
222 3157 409 3193 ANNIVS
432 3157 639 3208 GALLVS,
667 3153 759 3196 dux
779 3153 962 3197 Othonis
987 3160 1137 3196 contra
1158 3153 1414 3197 Vitellianos
1440 3155 1537 3197 Tac.
1559 3154 1598 3197 h.
1620 3158 1659 3205 1,
1680 3157 1740 3197 87
1745 3167 1759 3205 ;
1786 3158 1830 3204 2,
1852 3158 1918 3196 11.

194 3222 263 3263 23.
293 3223 368 3270 44,
409 3220 634 3266 Plutarch.
674 3218 769 3266 Oth.
810 3225 849 3265 5.
891 3226 927 3266 7.
958 3226 1037 3274 13;
1085 3229 1183 3279 post
1220 3237 1409 3280 pugnam
1450 3223 1566 3280 apud
1605 3224 1854 3266 Betriacum
1894 3238 1919 3264 a

195 3287 397 3339 Muciano
437 3289 529 3331 dux
568 3297 720 3333 contra
750 3292 990 3335 Germanos
1031 3290 1193 3333 electus
1228 3292 1326 3335 Tac.
1355 3291 1396 3334 h.
1423 3296 1462 3343 4,
1494 3294 1568 3342 68,
1610 3291 1776 3347 legatus
1811 3292 1917 3335 Ger-

193 3357 362 3399 maniae
391 3359 625 3413 superioris
655 3374 694 3402 a.
718 3359 772 3402 70
803 3359 887 3402 ibd.
917 3362 1057 3411 5,19;
1085 3360 1331 3402 nominatur
1359 3361 1444 3404 ibd.
1465 3365 1509 3411 2,
1530 3364 1600 3429 33.
1653 3359 1720 3413 Of.
1752 3374 1793 3404 n.
1815 3362 1913 3402 492.

176 3431 239 3459 Pro
241 3438 319 3466 sopo
321 3429 458 3465 graphia
473 3429 556 3465 Imp.
574 3430 666 3459 Rom
702 3428 728 3459 1.
1623 3428 1645 3462 5
