<?xml version="1.0" encoding="UTF-8"?>
<!DOCTYPE html PUBLIC "-//W3C//DTD XHTML 1.0 Transitional//EN"
    "http://www.w3.org/TR/xhtml1/DTD/xhtml1-transitional.dtd">
<html xmlns="http://www.w3.org/1999/xhtml" xml:lang="en" lang="en">
 <head>
  <title>
</title>
<meta http-equiv="Content-Type" content="text/html;charset=utf-8" />
  <meta name='ocr-system' content='tesseract 3.04.00' />
  <meta name='ocr-capabilities' content='ocr_page ocr_carea ocr_par ocr_line ocrx_word'/>
</head>
<body>
  <div class='ocr_page' id='page_1' title='image "./prosopographiaim01akaduoft_0384.png"; bbox 0 0 2202 3730; ppageno 0'>
   <div class='ocr_carea' id='block_1_1' title="bbox 294 283 2088 332">
    <p class='ocr_par' dir='ltr' id='par_1_1' title="bbox 294 283 2088 332">
     <span class='ocr_line' id='line_1_1' title="bbox 294 283 2088 332; baseline -0.001 -1"><span class='ocrx_word' id='word_1_1' title='bbox 294 294 536 332; x_wconf 83' lang='lat' dir='ltr'>eLAvmvs</span> <span class='ocrx_word' id='word_1_2' title='bbox 1146 283 1229 327; x_wconf 86' lang='lat'>368</span> <span class='ocrx_word' id='word_1_3' title='bbox 1844 293 2088 329; x_wconf 85' lang='lat' dir='ltr'><strong>CLAVDIVS</strong></span> 
     </span>
    </p>
   </div>
   <div class='ocr_carea' id='block_1_2' title="bbox 1930 358 2087 361">
    <p class='ocr_par' dir='ltr' id='par_1_2' title="bbox 1930 358 2087 361">
     <span class='ocr_line' id='line_1_2' title="bbox 1930 358 2087 361; baseline 0 0"><span class='ocrx_word' id='word_1_4' title='bbox 1930 358 2087 361; x_wconf 95' lang='lat' dir='ltr'> </span> 
     </span>
    </p>
   </div>
   <div class='ocr_carea' id='block_1_3' title="bbox 370 419 2120 2526">
    <p class='ocr_par' dir='ltr' id='par_1_3' title="bbox 370 419 2120 2181">
     <span class='ocr_line' id='line_1_3' title="bbox 456 419 2091 478; baseline -0.001 -12"><span class='ocrx_word' id='word_1_5' title='bbox 456 425 580 466; x_wconf 90' lang='lat' dir='ltr'>Iussu</span> <span class='ocrx_word' id='word_1_6' title='bbox 610 423 796 476; x_wconf 84' lang='lat' dir='ltr'>Augusti</span> <span class='ocrx_word' id='word_1_7' title='bbox 837 420 1038 462; x_wconf 87' lang='lat' dir='ltr'>Tiberius</span> <span class='ocrx_word' id='word_1_8' title='bbox 1077 421 1239 475; x_wconf 80' lang='lat' dir='ltr'>Ticino,</span> <span class='ocrx_word' id='word_1_9' title='bbox 1280 435 1364 476; x_wconf 94' lang='lat' dir='ltr'>quo</span> <span class='ocrx_word' id='word_1_10' title='bbox 1409 419 1465 461; x_wconf 88' lang='lat' dir='ltr'>ad</span> <span class='ocrx_word' id='word_1_11' title='bbox 1508 427 1708 476; x_wconf 89' lang='lat' dir='ltr'>parentes</span> <span class='ocrx_word' id='word_1_12' title='bbox 1747 422 2091 478; x_wconf 84' lang='lat' dir='ltr'>complectendos</span> 
     </span>
     <span class='ocr_line' id='line_1_4' title="bbox 374 487 2092 544; baseline -0.001 -11"><span class='ocrx_word' id='word_1_13' title='bbox 374 498 560 544; x_wconf 83' lang='lat' dir='ltr'>venerat,</span> <span class='ocrx_word' id='word_1_14' title='bbox 593 490 647 532; x_wconf 90' lang='lat' dir='ltr'>ad</span> <span class='ocrx_word' id='word_1_15' title='bbox 668 491 859 531; x_wconf 85' lang='lat' dir='ltr'>Drusum</span> <span class='ocrx_word' id='word_1_16' title='bbox 882 495 1177 542; x_wconf 82' lang='lat' dir='ltr'>aegrotantem</span> <span class='ocrx_word' id='word_1_17' title='bbox 1199 490 1243 530; x_wconf 90' lang='lat' dir='ltr'>in</span> <span class='ocrx_word' id='word_1_18' title='bbox 1265 487 1544 530; x_wconf 81' lang='lat' dir='ltr'>Germaniam</span> <span class='ocrx_word' id='word_1_19' title='bbox 1564 489 1785 532; x_wconf 82' lang='lat' dir='ltr'><strong>contendit</strong></span> <span class='ocrx_word' id='word_1_20' title='bbox 1808 497 1851 532; x_wconf 89' lang='lat' dir='ltr'>et</span> <span class='ocrx_word' id='word_1_21' title='bbox 1879 489 1934 532; x_wconf 87' lang='lat' dir='ltr'>ad</span> <span class='ocrx_word' id='word_1_22' title='bbox 1963 491 2092 533; x_wconf 89' lang='lat' dir='ltr'>mori-</span> 
     </span>
     <span class='ocr_line' id='line_1_5' title="bbox 374 556 2092 613; baseline 0.001 -13"><span class='ocrx_word' id='word_1_23' title='bbox 374 559 566 601; x_wconf 90' lang='lat' dir='ltr'>bundum</span> <span class='ocrx_word' id='word_1_24' title='bbox 597 558 793 613; x_wconf 86' lang='lat' dir='ltr'>pervenit</span> <span class='ocrx_word' id='word_1_25' title='bbox 820 556 909 598; x_wconf 89' lang='lat' dir='ltr'>Dio</span> <span class='ocrx_word' id='word_1_26' title='bbox 936 560 1001 606; x_wconf 87' lang='lat'>55,</span> <span class='ocrx_word' id='word_1_27' title='bbox 1023 559 1065 606; x_wconf 89' lang='grc'><em>2,</em></span> <span class='ocrx_word' id='word_1_28' title='bbox 1099 556 1289 598; x_wconf 77' lang='lat' dir='ltr'>Valerius</span> <span class='ocrx_word' id='word_1_29' title='bbox 1311 556 1434 598; x_wconf 77' lang='lat' dir='ltr'>Max.</span> <span class='ocrx_word' id='word_1_30' title='bbox 1460 559 1500 607; x_wconf 89' lang='lat'>5,</span> <span class='ocrx_word' id='word_1_31' title='bbox 1525 559 1564 607; x_wconf 91' lang='lat'>5,</span> <span class='ocrx_word' id='word_1_32' title='bbox 1594 561 1633 606; x_wconf 88' lang='grc'>3,</span> <span class='ocrx_word' id='word_1_33' title='bbox 1665 556 1778 599; x_wconf 74' lang='lat' dir='ltr'>Plin.</span> <span class='ocrx_word' id='word_1_34' title='bbox 1809 573 1851 600; x_wconf 77' lang='lat' dir='ltr'>u.</span> <span class='ocrx_word' id='word_1_35' title='bbox 1883 558 1923 601; x_wconf 76' lang='lat' dir='ltr'>h.</span> <span class='ocrx_word' id='word_1_36' title='bbox 1956 562 1994 609; x_wconf 87' lang='lat'>7,</span> <span class='ocrx_word' id='word_1_37' title='bbox 2024 561 2092 601; x_wconf 92' lang='grc'>84.</span> 
     </span>
     <span class='ocr_line' id='line_1_6' title="bbox 370 624 2092 682; baseline 0 -14"><span class='ocrx_word' id='word_1_38' title='bbox 370 627 567 668; x_wconf 86' lang='lat' dir='ltr'>Tiberius</span> <span class='ocrx_word' id='word_1_39' title='bbox 594 641 749 681; x_wconf 90' lang='lat' dir='ltr'>corpus</span> <span class='ocrx_word' id='word_1_40' title='bbox 771 625 903 666; x_wconf 81' lang='lat' dir='ltr'><strong>Drusi</strong></span> <span class='ocrx_word' id='word_1_41' title='bbox 927 624 1108 680; x_wconf 88' lang='lat' dir='ltr'>pedibus</span> <span class='ocrx_word' id='word_1_42' title='bbox 1132 632 1218 666; x_wconf 91' lang='lat' dir='ltr'>toto</span> <span class='ocrx_word' id='word_1_43' title='bbox 1243 625 1395 666; x_wconf 89' lang='lat' dir='ltr'>itinere</span> <span class='ocrx_word' id='word_1_44' title='bbox 1419 625 1725 680; x_wconf 83' lang='lat' dir='ltr'>praegrediens</span> <span class='ocrx_word' id='word_1_45' title='bbox 1746 627 1925 668; x_wconf 88' lang='lat' dir='ltr'>Romam</span> <span class='ocrx_word' id='word_1_46' title='bbox 1958 640 2092 682; x_wconf 87' lang='lat' dir='ltr'>usque</span> 
     </span>
     <span class='ocr_line' id='line_1_7' title="bbox 374 692 2093 750; baseline 0.001 -15"><span class='ocrx_word' id='word_1_47' title='bbox 374 695 573 750; x_wconf 86' lang='lat' dir='ltr'>pervexit</span> <span class='ocrx_word' id='word_1_48' title='bbox 594 694 764 736; x_wconf 75' lang='lat' dir='ltr'>Suetou.</span> <span class='ocrx_word' id='word_1_49' title='bbox 788 693 923 735; x_wconf 78' lang='lat' dir='ltr'>Tiber.</span> <span class='ocrx_word' id='word_1_50' title='bbox 946 696 984 743; x_wconf 84' lang='grc'><em>4,</em></span> <span class='ocrx_word' id='word_1_51' title='bbox 1007 692 1094 734; x_wconf 88' lang='lat' dir='ltr'>Dio</span> <span class='ocrx_word' id='word_1_52' title='bbox 1119 692 1144 734; x_wconf 91' lang='lat' dir='ltr'>l.</span> <span class='ocrx_word' id='word_1_53' title='bbox 1169 692 1194 734; x_wconf 92' lang='lat' dir='ltr'>l.</span> <span class='ocrx_word' id='word_1_54' title='bbox 1216 692 1443 746; x_wconf 80' lang='lat' dir='ltr'>Augustus</span> <span class='ocrx_word' id='word_1_55' title='bbox 1465 694 1700 748; x_wconf 90' lang='lat' dir='ltr'>asperrimo</span> <span class='ocrx_word' id='word_1_56' title='bbox 1722 693 1875 735; x_wconf 88' lang='lat' dir='ltr'>hiemis</span> <span class='ocrx_word' id='word_1_57' title='bbox 1892 694 2093 736; x_wconf 85' lang='lat' dir='ltr'>Ticinum</span> 
     </span>
     <span class='ocr_line' id='line_1_8' title="bbox 374 760 2091 817; baseline 0.001 -14"><span class='ocrx_word' id='word_1_58' title='bbox 374 777 509 817; x_wconf 89' lang='lat' dir='ltr'>usque</span> <span class='ocrx_word' id='word_1_59' title='bbox 528 775 779 817; x_wconf 88' lang='lat' dir='ltr'>progressus</span> <span class='ocrx_word' id='word_1_60' title='bbox 801 775 885 803; x_wconf 93' lang='lat' dir='ltr'>non</span> <span class='ocrx_word' id='word_1_61' title='bbox 908 760 1142 803; x_wconf 79' lang='lat' dir='ltr'>abscedens</span> <span class='ocrx_word' id='word_1_62' title='bbox 1164 776 1189 802; x_wconf 86' lang='lat' dir='ltr'>a</span> <span class='ocrx_word' id='word_1_63' title='bbox 1211 760 1362 802; x_wconf 85' lang='lat' dir='ltr'>funere</span> <span class='ocrx_word' id='word_1_64' title='bbox 1392 760 1520 802; x_wconf 89' lang='lat' dir='ltr'>simul</span> <span class='ocrx_word' id='word_1_65' title='bbox 1550 761 1698 803; x_wconf 90' lang='lat' dir='ltr'>urbem</span> <span class='ocrx_word' id='word_1_66' title='bbox 1730 762 1908 804; x_wconf 87' lang='lat' dir='ltr'>intravit</span> <span class='ocrx_word' id='word_1_67' title='bbox 1933 762 2029 805; x_wconf 82' lang='lat' dir='ltr'>Tac.</span> <span class='ocrx_word' id='word_1_68' title='bbox 2053 776 2091 804; x_wconf 86' lang='lat' dir='ltr'>a·</span> 
     </span>
     <span class='ocr_line' id='line_1_9' title="bbox 372 829 2096 885; baseline -0.001 -13"><span class='ocrx_word' id='word_1_69' title='bbox 372 834 409 880; x_wconf 88' lang='lat'>3,</span> <span class='ocrx_word' id='word_1_70' title='bbox 426 833 464 874; x_wconf 86' lang='lat'>5.</span> <span class='ocrx_word' id='word_1_71' title='bbox 502 829 668 885; x_wconf 85' lang='lat' dir='ltr'>Corpus</span> <span class='ocrx_word' id='word_1_72' title='bbox 687 830 731 870; x_wconf 92' lang='lat' dir='ltr'>in</span> <span class='ocrx_word' id='word_1_73' title='bbox 747 844 896 885; x_wconf 88' lang='lat' dir='ltr'>campo</span> <span class='ocrx_word' id='word_1_74' title='bbox 914 829 1070 871; x_wconf 89' lang='lat' dir='ltr'>Martio</span> <span class='ocrx_word' id='word_1_75' title='bbox 1089 837 1322 871; x_wconf 87' lang='lat' dir='ltr'>crematum</span> <span class='ocrx_word' id='word_1_76' title='bbox 1338 836 1381 871; x_wconf 90' lang='lat' dir='ltr'>et</span> <span class='ocrx_word' id='word_1_77' title='bbox 1396 829 1613 872; x_wconf 88' lang='lat' dir='ltr'>mausoleo</span> <span class='ocrx_word' id='word_1_78' title='bbox 1630 829 1818 883; x_wconf 84' lang='lat' dir='ltr'>Augusti</span> <span class='ocrx_word' id='word_1_79' title='bbox 1834 829 2013 872; x_wconf 89' lang='lat' dir='ltr'>inlatum</span> <span class='ocrx_word' id='word_1_80' title='bbox 2032 837 2096 871; x_wconf 89' lang='lat' dir='ltr'>est</span> 
     </span>
     <span class='ocr_line' id='line_1_10' title="bbox 374 897 2091 954; baseline 0.001 -15"><span class='ocrx_word' id='word_1_81' title='bbox 374 899 465 940; x_wconf 82' lang='lat' dir='ltr'>Liv.</span> <span class='ocrx_word' id='word_1_82' title='bbox 480 898 665 952; x_wconf 77' lang='lat' dir='ltr'>perioch.</span> <span class='ocrx_word' id='word_1_83' title='bbox 683 901 778 948; x_wconf 95' lang='grc'><em>142,</em></span> <span class='ocrx_word' id='word_1_84' title='bbox 803 898 971 940; x_wconf 77' lang='lat' dir='ltr'>Sueton.</span> <span class='ocrx_word' id='word_1_85' title='bbox 1002 897 1156 940; x_wconf 85' lang='lat' dir='ltr'>Claud.</span> <span class='ocrx_word' id='word_1_86' title='bbox 1179 901 1217 948; x_wconf 91' lang='lat'>1,</span> <span class='ocrx_word' id='word_1_87' title='bbox 1248 897 1338 940; x_wconf 90' lang='lat' dir='ltr'>Dio</span> <span class='ocrx_word' id='word_1_88' title='bbox 1357 901 1422 948; x_wconf 87' lang='lat'>55,</span> <span class='ocrx_word' id='word_1_89' title='bbox 1444 901 1486 940; x_wconf 89' lang='grc'>2.</span> <span class='ocrx_word' id='word_1_90' title='bbox 1536 897 1712 954; x_wconf 86' lang='lat' dir='ltr'>Duplex</span> <span class='ocrx_word' id='word_1_91' title='bbox 1734 899 1868 940; x_wconf 84' lang='lat' dir='ltr'>Drusi</span> <span class='ocrx_word' id='word_1_92' title='bbox 1889 897 2091 953; x_wconf 88' lang='lat' dir='ltr'>laudatio,</span> 
     </span>
     <span class='ocr_line' id='line_1_11' title="bbox 373 965 2095 1022; baseline 0.001 -15"><span class='ocrx_word' id='word_1_93' title='bbox 373 982 459 1008; x_wconf 91' lang='lat' dir='ltr'>una</span> <span class='ocrx_word' id='word_1_94' title='bbox 479 982 505 1007; x_wconf 88' lang='lat' dir='ltr'>a</span> <span class='ocrx_word' id='word_1_95' title='bbox 525 966 699 1008; x_wconf 84' lang='lat' dir='ltr'>Tiberio</span> <span class='ocrx_word' id='word_1_96' title='bbox 722 967 765 1007; x_wconf 93' lang='lat' dir='ltr'>in</span> <span class='ocrx_word' id='word_1_97' title='bbox 798 967 889 1022; x_wconf 87' lang='lat' dir='ltr'>ipso</span> <span class='ocrx_word' id='word_1_98' title='bbox 922 965 1026 1020; x_wconf 81' lang='lat' dir='ltr'>foro,</span> <span class='ocrx_word' id='word_1_99' title='bbox 1057 965 1194 1008; x_wconf 91' lang='lat' dir='ltr'>altera</span> <span class='ocrx_word' id='word_1_100' title='bbox 1214 967 1258 1008; x_wconf 92' lang='lat' dir='ltr'>in</span> <span class='ocrx_word' id='word_1_101' title='bbox 1279 967 1393 1008; x_wconf 92' lang='lat' dir='ltr'>circo</span> <span class='ocrx_word' id='word_1_102' title='bbox 1414 965 1626 1008; x_wconf 86' lang='lat' dir='ltr'>Flaminio</span> <span class='ocrx_word' id='word_1_103' title='bbox 1648 966 1702 1008; x_wconf 86' lang='lat' dir='ltr'>ab</span> <span class='ocrx_word' id='word_1_104' title='bbox 1726 967 1924 1021; x_wconf 88' lang='lat' dir='ltr'>Augusto</span> <span class='ocrx_word' id='word_1_105' title='bbox 1947 965 2095 1008; x_wconf 85' lang='lat' dir='ltr'>habita</span> 
     </span>
     <span class='ocr_line' id='line_1_12' title="bbox 372 1033 2094 1089; baseline 0.001 -14"><span class='ocrx_word' id='word_1_106' title='bbox 372 1035 532 1084; x_wconf 85' lang='lat' dir='ltr'>Livius,</span> <span class='ocrx_word' id='word_1_107' title='bbox 563 1033 650 1076; x_wconf 90' lang='lat' dir='ltr'>Dio</span> <span class='ocrx_word' id='word_1_108' title='bbox 672 1034 698 1078; x_wconf 92' lang='lat' dir='ltr'>l.</span> <span class='ocrx_word' id='word_1_109' title='bbox 721 1034 748 1076; x_wconf 90' lang='lat' dir='ltr'>l.</span> <span class='ocrx_word' id='word_1_110' title='bbox 793 1034 1016 1088; x_wconf 85' lang='lat' dir='ltr'>Augustus</span> <span class='ocrx_word' id='word_1_111' title='bbox 1039 1049 1123 1076; x_wconf 90' lang='lat' dir='ltr'>non</span> <span class='ocrx_word' id='word_1_112' title='bbox 1144 1041 1370 1076; x_wconf 88' lang='lat' dir='ltr'>contentus</span> <span class='ocrx_word' id='word_1_113' title='bbox 1393 1033 1578 1089; x_wconf 90' lang='lat' dir='ltr'>elogium</span> <span class='ocrx_word' id='word_1_114' title='bbox 1600 1033 1763 1076; x_wconf 91' lang='lat' dir='ltr'>tumulo</span> <span class='ocrx_word' id='word_1_115' title='bbox 1785 1035 1875 1076; x_wconf 89' lang='lat' dir='ltr'>eius</span> <span class='ocrx_word' id='word_1_116' title='bbox 1897 1033 2094 1076; x_wconf 87' lang='lat' dir='ltr'>versibus</span> 
     </span>
     <span class='ocr_line' id='line_1_13' title="bbox 374 1102 2094 1159; baseline 0 -15"><span class='ocrx_word' id='word_1_117' title='bbox 374 1118 399 1144; x_wconf 90' lang='lat' dir='ltr'>a</span> <span class='ocrx_word' id='word_1_118' title='bbox 440 1118 484 1145; x_wconf 90' lang='lat' dir='ltr'>se</span> <span class='ocrx_word' id='word_1_119' title='bbox 524 1103 768 1158; x_wconf 89' lang='lat' dir='ltr'>compositis</span> <span class='ocrx_word' id='word_1_120' title='bbox 809 1102 1104 1158; x_wconf 86' lang='lat' dir='ltr'>insculpsisse‚</span> <span class='ocrx_word' id='word_1_121' title='bbox 1147 1104 1274 1145; x_wconf 89' lang='lat' dir='ltr'>etiam</span> <span class='ocrx_word' id='word_1_122' title='bbox 1305 1104 1421 1145; x_wconf 90' lang='lat' dir='ltr'>vitae</span> <span class='ocrx_word' id='word_1_123' title='bbox 1458 1104 1705 1145; x_wconf 82' lang='lat' dir='ltr'>memoriam</span> <span class='ocrx_word' id='word_1_124' title='bbox 1743 1117 1872 1159; x_wconf 90' lang='lat' dir='ltr'>prosa</span> <span class='ocrx_word' id='word_1_125' title='bbox 1904 1103 2094 1145; x_wconf 89' lang='lat' dir='ltr'>oratione</span> 
     </span>
     <span class='ocr_line' id='line_1_14' title="bbox 375 1167 2120 1227; baseline 0 -15"><span class='ocrx_word' id='word_1_126' title='bbox 375 1172 614 1226; x_wconf 77' lang='lat' dir='ltr'>composuit</span> <span class='ocrx_word' id='word_1_127' title='bbox 636 1171 806 1213; x_wconf 77' lang='lat' dir='ltr'>Suelou.</span> <span class='ocrx_word' id='word_1_128' title='bbox 826 1170 981 1213; x_wconf 88' lang='lat' dir='ltr'>Claud.</span> <span class='ocrx_word' id='word_1_129' title='bbox 1005 1175 1042 1213; x_wconf 95' lang='lat'>1.</span> <span class='ocrx_word' id='word_1_130' title='bbox 1076 1171 1325 1214; x_wconf 82' lang='lat' dir='ltr'>Germanici</span> <span class='ocrx_word' id='word_1_131' title='bbox 1345 1185 1581 1225; x_wconf 81' lang='lat' dir='ltr'>cognomen</span> <span class='ocrx_word' id='word_1_132' title='bbox 1603 1172 1641 1212; x_wconf 89' lang='lat' dir='ltr'>ei</span> <span class='ocrx_word' id='word_1_133' title='bbox 1662 1172 1932 1227; x_wconf 88' lang='lat' dir='ltr'>posterisque</span> <span class='ocrx_word' id='word_1_134' title='bbox 1953 1171 2096 1213; x_wconf 88' lang='lat' dir='ltr'>decre·</span> <span class='ocrx_word' id='word_1_135' title='bbox 2115 1167 2120 1171; x_wconf 77' lang='grc'><strong>’</strong></span> 
     </span>
     <span class='ocr_line' id='line_1_15' title="bbox 378 1239 2094 1293; baseline 0.001 -13"><span class='ocrx_word' id='word_1_136' title='bbox 378 1246 466 1280; x_wconf 89' lang='lat' dir='ltr'>tum</span> <span class='ocrx_word' id='word_1_137' title='bbox 497 1246 561 1280; x_wconf 88' lang='lat' dir='ltr'>est</span> <span class='ocrx_word' id='word_1_138' title='bbox 591 1239 760 1282; x_wconf 74' lang='lat' dir='ltr'>Sueten.</span> <span class='ocrx_word' id='word_1_139' title='bbox 793 1239 891 1289; x_wconf 86' lang='lat' dir='ltr'>ibd.,</span> <span class='ocrx_word' id='word_1_140' title='bbox 925 1239 1014 1281; x_wconf 90' lang='lat' dir='ltr'>Dio</span> <span class='ocrx_word' id='word_1_141' title='bbox 1031 1242 1097 1289; x_wconf 91' lang='lat'><strong><em>55,</em></strong></span> <span class='ocrx_word' id='word_1_142' title='bbox 1119 1243 1162 1290; x_wconf 87' lang='grc'><em>2,</em></span> <span class='ocrx_word' id='word_1_143' title='bbox 1193 1239 1358 1282; x_wconf 75' lang='lat' dir='ltr'>Florus</span> <span class='ocrx_word' id='word_1_144' title='bbox 1377 1243 1420 1290; x_wconf 91' lang='grc'><em>2,</em></span> <span class='ocrx_word' id='word_1_145' title='bbox 1442 1243 1509 1289; x_wconf 85' lang='grc'>30,</span> <span class='ocrx_word' id='word_1_146' title='bbox 1540 1239 1657 1283; x_wconf 83' lang='lat' dir='ltr'>Ovid.</span> <span class='ocrx_word' id='word_1_147' title='bbox 1680 1240 1779 1293; x_wconf 79' lang='lat' dir='ltr'>fast.</span> <span class='ocrx_word' id='word_1_148' title='bbox 1800 1243 1838 1290; x_wconf 92' lang='lat'>1,</span> <span class='ocrx_word' id='word_1_149' title='bbox 1859 1242 1953 1289; x_wconf 91' lang='lat'><strong><em>597,</em></strong></span> <span class='ocrx_word' id='word_1_150' title='bbox 1986 1239 2094 1281; x_wconf 81' lang='lat' dir='ltr'>trist.</span> 
     </span>
     <span class='ocr_line' id='line_1_16' title="bbox 374 1307 2095 1364; baseline 0 -15"><span class='ocrx_word' id='word_1_151' title='bbox 374 1311 412 1357; x_wconf 87' lang='grc'><em>4,</em></span> <span class='ocrx_word' id='word_1_152' title='bbox 447 1311 490 1357; x_wconf 90' lang='grc'><em>2,</em></span> <span class='ocrx_word' id='word_1_153' title='bbox 521 1311 587 1359; x_wconf 88' lang='grc'>39,</span> <span class='ocrx_word' id='word_1_154' title='bbox 620 1307 828 1362; x_wconf 73' lang='lat' dir='ltr'>Porphyr.</span> <span class='ocrx_word' id='word_1_155' title='bbox 862 1308 920 1350; x_wconf 93' lang='lat' dir='ltr'>ad</span> <span class='ocrx_word' id='word_1_156' title='bbox 948 1308 1102 1351; x_wconf 76' lang='lat' dir='ltr'>Horat.</span> <span class='ocrx_word' id='word_1_157' title='bbox 1137 1323 1198 1362; x_wconf 76' lang='lat' dir='ltr'>ep.</span> <span class='ocrx_word' id='word_1_158' title='bbox 1230 1312 1268 1359; x_wconf 94' lang='lat'>1,</span> <span class='ocrx_word' id='word_1_159' title='bbox 1300 1312 1328 1350; x_wconf 88' lang='grc'><em>3</em></span> <span class='ocrx_word' id='word_1_160' title='bbox 1358 1322 1402 1362; x_wconf 81' lang='lat' dir='ltr'>p.</span> <span class='ocrx_word' id='word_1_161' title='bbox 1433 1311 1521 1351; x_wconf 89' lang='grc'>272</span> <span class='ocrx_word' id='word_1_162' title='bbox 1551 1307 1613 1350; x_wconf 87' lang='lat' dir='ltr'>ed.</span> <span class='ocrx_word' id='word_1_163' title='bbox 1638 1307 1797 1362; x_wconf 74' lang='lat' dir='ltr'>Meyer.</span> <span class='ocrx_word' id='word_1_164' title='bbox 1856 1307 1926 1350; x_wconf 91' lang='lat' dir='ltr'>Ad</span> <span class='ocrx_word' id='word_1_165' title='bbox 1956 1308 2095 1364; x_wconf 90' lang='lat' dir='ltr'>ipsum</span> 
     </span>
     <span class='ocr_line' id='line_1_17' title="bbox 375 1375 2094 1431; baseline 0.001 -15"><span class='ocrx_word' id='word_1_166' title='bbox 375 1375 573 1417; x_wconf 87' lang='lat' dir='ltr'>Rhenum</span> <span class='ocrx_word' id='word_1_167' title='bbox 615 1376 830 1417; x_wconf 89' lang='lat' dir='ltr'>exercitus</span> <span class='ocrx_word' id='word_1_168' title='bbox 875 1375 1154 1418; x_wconf 85' lang='lat' dir='ltr'>honorarium</span> <span class='ocrx_word' id='word_1_169' title='bbox 1201 1377 1237 1417; x_wconf 84' lang='lat' dir='ltr'>ei</span> <span class='ocrx_word' id='word_1_170' title='bbox 1281 1375 1490 1418; x_wconf 89' lang='lat' dir='ltr'>tumulum</span> <span class='ocrx_word' id='word_1_171' title='bbox 1537 1375 1762 1429; x_wconf 85' lang='lat' dir='ltr'>excitavit,</span> <span class='ocrx_word' id='word_1_172' title='bbox 1809 1376 1924 1418; x_wconf 90' lang='lat' dir='ltr'>circa</span> <span class='ocrx_word' id='word_1_173' title='bbox 1967 1389 2094 1431; x_wconf 88' lang='lat' dir='ltr'>quem</span> 
     </span>
     <span class='ocr_line' id='line_1_18' title="bbox 375 1443 2096 1500; baseline 0 -15"><span class='ocrx_word' id='word_1_174' title='bbox 375 1443 575 1499; x_wconf 89' lang='lat' dir='ltr'>deinceps</span> <span class='ocrx_word' id='word_1_175' title='bbox 607 1451 714 1486; x_wconf 84' lang='lat' dir='ltr'>stato</span> <span class='ocrx_word' id='word_1_176' title='bbox 746 1443 817 1485; x_wconf 91' lang='lat' dir='ltr'>die</span> <span class='ocrx_word' id='word_1_177' title='bbox 847 1445 1079 1499; x_wconf 88' lang='lat' dir='ltr'>quotannis</span> <span class='ocrx_word' id='word_1_178' title='bbox 1109 1444 1232 1486; x_wconf 90' lang='lat' dir='ltr'>miles</span> <span class='ocrx_word' id='word_1_179' title='bbox 1264 1444 1513 1486; x_wconf 83' lang='lat' dir='ltr'>decurreret</span> <span class='ocrx_word' id='word_1_180' title='bbox 1543 1443 1869 1500; x_wconf 83' lang='lat' dir='ltr'>Galliarumque</span> <span class='ocrx_word' id='word_1_181' title='bbox 1900 1444 2096 1486; x_wconf 87' lang='lat' dir='ltr'>civitates</span> 
     </span>
     <span class='ocr_line' id='line_1_19' title="bbox 375 1511 2096 1568; baseline 0 -15"><span class='ocrx_word' id='word_1_182' title='bbox 375 1511 547 1567; x_wconf 90' lang='lat' dir='ltr'>publice</span> <span class='ocrx_word' id='word_1_183' title='bbox 578 1511 872 1568; x_wconf 89' lang='lat' dir='ltr'>supplicarent</span> <span class='ocrx_word' id='word_1_184' title='bbox 903 1513 1071 1555; x_wconf 78' lang='lat' dir='ltr'>Suetou.</span> <span class='ocrx_word' id='word_1_185' title='bbox 1096 1513 1251 1555; x_wconf 81' lang='lat' dir='ltr'>Claud.</span> <span class='ocrx_word' id='word_1_186' title='bbox 1273 1517 1310 1563; x_wconf 89' lang='lat'>1,</span> <span class='ocrx_word' id='word_1_187' title='bbox 1332 1512 1421 1555; x_wconf 89' lang='lat' dir='ltr'>Dio</span> <span class='ocrx_word' id='word_1_188' title='bbox 1440 1515 1505 1563; x_wconf 84' lang='lat'>55,</span> <span class='ocrx_word' id='word_1_189' title='bbox 1527 1516 1581 1564; x_wconf 90' lang='grc'>2;</span> <span class='ocrx_word' id='word_1_190' title='bbox 1607 1518 1931 1554; x_wconf 91' lang='lat' dir='ltr'>monumentum</span> <span class='ocrx_word' id='word_1_191' title='bbox 1960 1512 2096 1553; x_wconf 88' lang='lat' dir='ltr'>Drusi</span> 
     </span>
     <span class='ocr_line' id='line_1_20' title="bbox 376 1579 2096 1636; baseline 0.001 -15"><span class='ocrx_word' id='word_1_192' title='bbox 376 1579 490 1636; x_wconf 91' lang='lat' dir='ltr'>apud</span> <span class='ocrx_word' id='word_1_193' title='bbox 535 1580 857 1634; x_wconf 86' lang='lat' dir='ltr'>Mogontiacum</span> <span class='ocrx_word' id='word_1_194' title='bbox 896 1581 1078 1635; x_wconf 72' lang='lat' dir='ltr'>Eutrop.</span> <span class='ocrx_word' id='word_1_195' title='bbox 1122 1585 1158 1631; x_wconf 95' lang='lat'>7,</span> <span class='ocrx_word' id='word_1_196' title='bbox 1199 1584 1264 1623; x_wconf 89' lang='grc'>13.</span> <span class='ocrx_word' id='word_1_197' title='bbox 1334 1581 1659 1623; x_wconf 88' lang='lat' dir='ltr'>Monumentum</span> <span class='ocrx_word' id='word_1_198' title='bbox 1703 1581 1837 1622; x_wconf 90' lang='lat' dir='ltr'>Drusi</span> <span class='ocrx_word' id='word_1_199' title='bbox 1883 1580 2096 1622; x_wconf 89' lang='lat' dir='ltr'>urbanum</span> 
     </span>
     <span class='ocr_line' id='line_1_21' title="bbox 379 1648 2096 1705; baseline -0.001 -14"><span class='ocrx_word' id='word_1_200' title='bbox 379 1648 547 1692; x_wconf 76' lang='lat' dir='ltr'>Sueton.</span> <span class='ocrx_word' id='word_1_201' title='bbox 586 1649 740 1691; x_wconf 81' lang='lat' dir='ltr'>Claud.</span> <span class='ocrx_word' id='word_1_202' title='bbox 771 1653 836 1692; x_wconf 90' lang='grc'>46.</span> <span class='ocrx_word' id='word_1_203' title='bbox 908 1649 1036 1691; x_wconf 93' lang='lat' dir='ltr'>Anno</span> <span class='ocrx_word' id='word_1_204' title='bbox 1073 1651 1098 1691; x_wconf 89' lang='grc'><strong>6</strong></span> <span class='ocrx_word' id='word_1_205' title='bbox 1135 1665 1175 1705; x_wconf 94' lang='lat' dir='ltr'>p.</span> <span class='ocrx_word' id='word_1_206' title='bbox 1213 1649 1262 1692; x_wconf 83' lang='lat' dir='ltr'>O.</span> <span class='ocrx_word' id='word_1_207' title='bbox 1299 1650 1583 1694; x_wconf 84' lang='lat' dir='ltr'>Germanicus</span> <span class='ocrx_word' id='word_1_208' title='bbox 1620 1654 1662 1691; x_wconf 89' lang='lat' dir='ltr'>et</span> <span class='ocrx_word' id='word_1_209' title='bbox 1691 1648 1899 1692; x_wconf 87' lang='lat' dir='ltr'>Claudius</span> <span class='ocrx_word' id='word_1_210' title='bbox 1938 1648 2015 1691; x_wconf 91' lang='lat' dir='ltr'>filii</span> <span class='ocrx_word' id='word_1_211' title='bbox 2050 1649 2096 1690; x_wconf 93' lang='lat' dir='ltr'>in</span> 
     </span>
     <span class='ocr_line' id='line_1_22' title="bbox 378 1716 2096 1773; baseline 0 -15"><span class='ocrx_word' id='word_1_212' title='bbox 378 1716 582 1759; x_wconf 87' lang='lat' dir='ltr'>honorem</span> <span class='ocrx_word' id='word_1_213' title='bbox 622 1718 755 1773; x_wconf 88' lang='lat' dir='ltr'>patris</span> <span class='ocrx_word' id='word_1_214' title='bbox 797 1717 988 1759; x_wconf 89' lang='lat' dir='ltr'>defuncti</span> <span class='ocrx_word' id='word_1_215' title='bbox 1030 1719 1192 1761; x_wconf 86' lang='lat' dir='ltr'>Romae</span> <span class='ocrx_word' id='word_1_216' title='bbox 1232 1733 1387 1760; x_wconf 90' lang='lat' dir='ltr'>munus</span> <span class='ocrx_word' id='word_1_217' title='bbox 1417 1717 1721 1772; x_wconf 87' lang='lat' dir='ltr'>gladiatorium</span> <span class='ocrx_word' id='word_1_218' title='bbox 1752 1716 1981 1759; x_wconf 90' lang='lat' dir='ltr'>ediderunt</span> <span class='ocrx_word' id='word_1_219' title='bbox 2008 1716 2096 1759; x_wconf 90' lang='lat' dir='ltr'>Dio</span> 
     </span>
     <span class='ocr_line' id='line_1_23' title="bbox 377 1783 2100 1842; baseline -0.001 -15"><span class='ocrx_word' id='word_1_220' title='bbox 377 1788 440 1834; x_wconf 86' lang='lat'>55,</span> <span class='ocrx_word' id='word_1_221' title='bbox 459 1789 529 1828; x_wconf 90' lang='grc'>27.</span> <span class='ocrx_word' id='word_1_222' title='bbox 584 1785 789 1827; x_wconf 86' lang='lat' dir='ltr'>Claudius</span> <span class='ocrx_word' id='word_1_223' title='bbox 820 1787 1055 1842; x_wconf 83' lang='lat' dir='ltr'>imperator</span> <span class='ocrx_word' id='word_1_224' title='bbox 1085 1786 1222 1828; x_wconf 88' lang='lat' dir='ltr'>factus</span> <span class='ocrx_word' id='word_1_225' title='bbox 1254 1785 1368 1828; x_wconf 92' lang='lat' dir='ltr'>diem</span> <span class='ocrx_word' id='word_1_226' title='bbox 1398 1784 1584 1828; x_wconf 90' lang='lat' dir='ltr'>natalem</span> <span class='ocrx_word' id='word_1_227' title='bbox 1615 1786 1706 1827; x_wconf 86' lang='lat' dir='ltr'>eius</span> <span class='ocrx_word' id='word_1_228' title='bbox 1737 1784 1947 1827; x_wconf 88' lang='lat' dir='ltr'>celebrari</span> <span class='ocrx_word' id='word_1_229' title='bbox 1976 1783 2100 1827; x_wconf 86' lang='lat' dir='ltr'>iussit</span> 
     </span>
     <span class='ocr_line' id='line_1_24' title="bbox 379 1853 2097 1905; baseline 0 -10"><span class='ocrx_word' id='word_1_230' title='bbox 379 1853 547 1896; x_wconf 74' lang='lat' dir='ltr'>Sueton.</span> <span class='ocrx_word' id='word_1_231' title='bbox 577 1854 731 1896; x_wconf 81' lang='lat' dir='ltr'>Claud.</span> <span class='ocrx_word' id='word_1_232' title='bbox 763 1858 828 1904; x_wconf 93' lang='lat'>11,</span> <span class='ocrx_word' id='word_1_233' title='bbox 859 1854 947 1896; x_wconf 89' lang='lat' dir='ltr'>Dio</span> <span class='ocrx_word' id='word_1_234' title='bbox 979 1858 1045 1905; x_wconf 87' lang='lat'>60,</span> <span class='ocrx_word' id='word_1_235' title='bbox 1074 1858 1126 1898; x_wconf 70' lang='lat'>5..</span> <span class='ocrx_word' id='word_1_236' title='bbox 1173 1854 1368 1896; x_wconf 89' lang='lat' dir='ltr'>Herodes</span> <span class='ocrx_word' id='word_1_237' title='bbox 1405 1869 1484 1896; x_wconf 84' lang='lat' dir='ltr'>rex</span> <span class='ocrx_word' id='word_1_238' title='bbox 1517 1853 1778 1896; x_wconf 89' lang='lat' dir='ltr'>Iudaeorum</span> <span class='ocrx_word' id='word_1_239' title='bbox 1812 1855 1857 1896; x_wconf 92' lang='lat' dir='ltr'>in</span> <span class='ocrx_word' id='word_1_240' title='bbox 1893 1853 2097 1896; x_wconf 86' lang='lat' dir='ltr'>honorem</span> 
     </span>
     <span class='ocr_line' id='line_1_25' title="bbox 381 1920 2096 1978; baseline 0 -16"><span class='ocrx_word' id='word_1_241' title='bbox 381 1922 470 1962; x_wconf 89' lang='lat' dir='ltr'>eius</span> <span class='ocrx_word' id='word_1_242' title='bbox 501 1923 652 1963; x_wconf 88' lang='lat' dir='ltr'>turrim</span> <span class='ocrx_word' id='word_1_243' title='bbox 683 1922 736 1963; x_wconf 88' lang='lat' dir='ltr'>ad</span> <span class='ocrx_word' id='word_1_244' title='bbox 761 1930 934 1978; x_wconf 88' lang='lat' dir='ltr'>portum</span> <span class='ocrx_word' id='word_1_245' title='bbox 956 1923 1280 1966; x_wconf 85' lang='lat' dir='ltr'>Caesariensem</span> <span class='ocrx_word' id='word_1_246' title='bbox 1303 1923 1427 1964; x_wconf 89' lang='lat' dir='ltr'>sitam</span> <span class='ocrx_word' id='word_1_247' title='bbox 1449 1922 1653 1964; x_wconf 86' lang='lat' dir='ltr'>Drusiam</span> <span class='ocrx_word' id='word_1_248' title='bbox 1676 1922 1913 1963; x_wconf 89' lang='lat' dir='ltr'>nominavit</span> <span class='ocrx_word' id='word_1_249' title='bbox 1931 1920 2096 1976; x_wconf 78' lang='lat' dir='ltr'>Ioseph.</span> 
     </span>
     <span class='ocr_line' id='line_1_26' title="bbox 381 1990 2099 2047; baseline 0.001 -17"><span class='ocrx_word' id='word_1_250' title='bbox 381 1992 466 2033; x_wconf 82' lang='lat' dir='ltr'>aut.</span> <span class='ocrx_word' id='word_1_251' title='bbox 487 1992 551 2040; x_wconf 87' lang='lat'>15,</span> <span class='ocrx_word' id='word_1_252' title='bbox 573 1994 612 2041; x_wconf 89' lang='lat'>9,</span> <span class='ocrx_word' id='word_1_253' title='bbox 633 1994 670 2041; x_wconf 88' lang='lat'>6,</span> <span class='ocrx_word' id='word_1_254' title='bbox 704 1991 796 2033; x_wconf 82' lang='lat' dir='ltr'>bell.</span> <span class='ocrx_word' id='word_1_255' title='bbox 822 1994 860 2042; x_wconf 89' lang='lat'>1,</span> <span class='ocrx_word' id='word_1_256' title='bbox 882 1994 951 2042; x_wconf 90' lang='grc'><em>21,</em></span> <span class='ocrx_word' id='word_1_257' title='bbox 974 1995 1012 2034; x_wconf 89' lang='grc'>6.</span> <span class='ocrx_word' id='word_1_258' title='bbox 1046 2015 1095 2020; x_wconf 93' lang='grc'>-</span> <span class='ocrx_word' id='word_1_259' title='bbox 1130 1990 1382 2034; x_wconf 87' lang='lat' dir='ltr'>Sacerdotes</span> <span class='ocrx_word' id='word_1_260' title='bbox 1412 1991 1588 2047; x_wconf 84' lang='grc' dir='ltr'>Δρούσου</span> <span class='ocrx_word' id='word_1_261' title='bbox 1621 1992 1771 2033; x_wconf 81' lang='grc' dir='ltr'>ὑπάτου</span> <span class='ocrx_word' id='word_1_262' title='bbox 1794 1990 1961 2044; x_wconf 71' lang='lat' dir='ltr'>passim</span> <span class='ocrx_word' id='word_1_263' title='bbox 1991 1990 2099 2031; x_wconf 75' lang='lat' dir='ltr'>iuve-</span> 
     </span>
     <span class='ocr_line' id='line_1_27' title="bbox 377 2057 2098 2113; baseline 0 -14"><span class='ocrx_word' id='word_1_264' title='bbox 377 2058 554 2100; x_wconf 77' lang='lat' dir='ltr'>uiuntur</span> <span class='ocrx_word' id='word_1_265' title='bbox 573 2059 619 2100; x_wconf 80' lang='lat' dir='ltr'>iu</span> <span class='ocrx_word' id='word_1_266' title='bbox 640 2059 773 2101; x_wconf 80' lang='lat' dir='ltr'>titulis</span> <span class='ocrx_word' id='word_1_267' title='bbox 793 2059 951 2102; x_wconf 76' lang='lat' dir='ltr'>Atticis</span> <span class='ocrx_word' id='word_1_268' title='bbox 971 2060 1025 2113; x_wconf 81' lang='lat' dir='ltr'>cf.</span> <span class='ocrx_word' id='word_1_269' title='bbox 1046 2060 1133 2102; x_wconf 79' lang='lat' dir='ltr'>iud.</span> <span class='ocrx_word' id='word_1_270' title='bbox 1158 2059 1263 2102; x_wconf 88' lang='lat' dir='ltr'>CIA</span> <span class='ocrx_word' id='word_1_271' title='bbox 1284 2060 1372 2101; x_wconf 90' lang='lat' dir='ltr'>III</span> <span class='ocrx_word' id='word_1_272' title='bbox 1386 2074 1433 2113; x_wconf 81' lang='lat' dir='ltr'>p.</span> <span class='ocrx_word' id='word_1_273' title='bbox 1448 2062 1529 2101; x_wconf 87' lang='lat'>319</span> <span class='ocrx_word' id='word_1_274' title='bbox 1551 2062 1589 2101; x_wconf 82' lang='lat' dir='ltr'>et</span> <span class='ocrx_word' id='word_1_275' title='bbox 1608 2058 1904 2112; x_wconf 73' lang='lat' dir='ltr'>Dittenberyer</span> <span class='ocrx_word' id='word_1_276' title='bbox 1923 2057 2098 2111; x_wconf 78' lang='lat' dir='ltr'>Ephem.</span> 
     </span>
     <span class='ocr_line' id='line_1_28' title="bbox 379 2127 1307 2181; baseline 0.002 -14"><span class='ocrx_word' id='word_1_277' title='bbox 379 2140 440 2179; x_wconf 74' lang='lat' dir='ltr'>ep.</span> <span class='ocrx_word' id='word_1_278' title='bbox 462 2130 487 2168; x_wconf 93' lang='lat'><strong><em>1</em></strong></span> <span class='ocrx_word' id='word_1_279' title='bbox 508 2142 557 2181; x_wconf 74' lang='lat' dir='ltr'>p.</span> <span class='ocrx_word' id='word_1_280' title='bbox 578 2131 658 2169; x_wconf 88' lang='grc'>116</span> <span class='ocrx_word' id='word_1_281' title='bbox 686 2131 725 2169; x_wconf 79' lang='lat' dir='ltr'>et</span> <span class='ocrx_word' id='word_1_282' title='bbox 754 2127 812 2170; x_wconf 90' lang='lat' dir='ltr'>ad</span> <span class='ocrx_word' id='word_1_283' title='bbox 841 2127 943 2171; x_wconf 88' lang='lat' dir='ltr'>CIA</span> <span class='ocrx_word' id='word_1_284' title='bbox 973 2129 1062 2171; x_wconf 93' lang='lat' dir='ltr'>III</span> <span class='ocrx_word' id='word_1_285' title='bbox 1083 2131 1178 2172; x_wconf 87' lang='grc'><em>623.</em></span> <span class='ocrx_word' id='word_1_286' title='bbox 1211 2131 1307 2171; x_wconf 90' lang='grc'><em>624.</em></span> 
     </span>
    </p>

    <p class='ocr_par' dir='ltr' id='par_1_4' title="bbox 380 2193 2100 2526">
     <span class='ocr_line' id='line_1_29' title="bbox 464 2193 2098 2250; baseline -0.001 -14"><span class='ocrx_word' id='word_1_287' title='bbox 464 2196 690 2250; x_wconf 84' lang='lat' dir='ltr'>Ingenium</span> <span class='ocrx_word' id='word_1_288' title='bbox 710 2212 759 2239; x_wconf 88' lang='lat' dir='ltr'>ac</span> <span class='ocrx_word' id='word_1_289' title='bbox 780 2211 921 2239; x_wconf 89' lang='lat' dir='ltr'>mores</span> <span class='ocrx_word' id='word_1_290' title='bbox 943 2196 1122 2239; x_wconf 75' lang='lat' dir='ltr'>Velleius</span> <span class='ocrx_word' id='word_1_291' title='bbox 1141 2201 1183 2247; x_wconf 91' lang='grc'><em>2,</em></span> <span class='ocrx_word' id='word_1_292' title='bbox 1207 2200 1272 2247; x_wconf 89' lang='grc'><em>97,</em></span> <span class='ocrx_word' id='word_1_293' title='bbox 1296 2196 1466 2239; x_wconf 75' lang='lat' dir='ltr'>Sueton.</span> <span class='ocrx_word' id='word_1_294' title='bbox 1491 2195 1645 2238; x_wconf 87' lang='lat' dir='ltr'>Claud.</span> <span class='ocrx_word' id='word_1_295' title='bbox 1668 2199 1705 2237; x_wconf 91' lang='lat'>1.</span> <span class='ocrx_word' id='word_1_296' title='bbox 1754 2195 1953 2236; x_wconf 87' lang='lat' dir='ltr'>Eximius</span> <span class='ocrx_word' id='word_1_297' title='bbox 1972 2193 2098 2236; x_wconf 88' lang='lat' dir='ltr'>favor</span> 
     </span>
     <span class='ocr_line' id='line_1_30' title="bbox 380 2262 2097 2320; baseline -0.001 -14"><span class='ocrx_word' id='word_1_298' title='bbox 380 2263 528 2320; x_wconf 90' lang='lat' dir='ltr'>populi</span> <span class='ocrx_word' id='word_1_299' title='bbox 560 2265 605 2305; x_wconf 90' lang='lat' dir='ltr'>in</span> <span class='ocrx_word' id='word_1_300' title='bbox 639 2279 736 2306; x_wconf 90' lang='lat' dir='ltr'>eum</span> <span class='ocrx_word' id='word_1_301' title='bbox 762 2265 860 2308; x_wconf 80' lang='lat' dir='ltr'>Tac.</span> <span class='ocrx_word' id='word_1_302' title='bbox 883 2279 922 2309; x_wconf 87' lang='lat' dir='ltr'>a.</span> <span class='ocrx_word' id='word_1_303' title='bbox 944 2267 987 2315; x_wconf 87' lang='grc'><em>2,</em></span> <span class='ocrx_word' id='word_1_304' title='bbox 1006 2268 1085 2315; x_wconf 89' lang='grc'>41;</span> <span class='ocrx_word' id='word_1_305' title='bbox 1114 2267 1151 2314; x_wconf 91' lang='grc'><em>6,</em></span> <span class='ocrx_word' id='word_1_306' title='bbox 1173 2266 1238 2306; x_wconf 89' lang='lat'>51.</span> <span class='ocrx_word' id='word_1_307' title='bbox 1279 2263 1517 2306; x_wconf 86' lang='lat' dir='ltr'>Dicebatur</span> <span class='ocrx_word' id='word_1_308' title='bbox 1537 2278 1622 2305; x_wconf 91' lang='lat' dir='ltr'>non</span> <span class='ocrx_word' id='word_1_309' title='bbox 1644 2262 1938 2305; x_wconf 87' lang='lat' dir='ltr'>dissimulasse</span> <span class='ocrx_word' id='word_1_310' title='bbox 1957 2263 2097 2318; x_wconf 90' lang='lat' dir='ltr'>pristi-</span> 
     </span>
     <span class='ocr_line' id='line_1_31' title="bbox 380 2330 2097 2389; baseline 0.001 -16"><span class='ocrx_word' id='word_1_311' title='bbox 380 2347 483 2374; x_wconf 92' lang='lat' dir='ltr'>num</span> <span class='ocrx_word' id='word_1_312' title='bbox 515 2347 559 2373; x_wconf 90' lang='lat' dir='ltr'>se</span> <span class='ocrx_word' id='word_1_313' title='bbox 590 2333 653 2374; x_wconf 91' lang='lat' dir='ltr'>rei</span> <span class='ocrx_word' id='word_1_314' title='bbox 684 2333 882 2389; x_wconf 91' lang='lat' dir='ltr'>publicae</span> <span class='ocrx_word' id='word_1_315' title='bbox 913 2340 1082 2386; x_wconf 84' lang='lat' dir='ltr'>statum,</span> <span class='ocrx_word' id='word_1_316' title='bbox 1121 2332 1380 2389; x_wconf 90' lang='lat' dir='ltr'>quandoque</span> <span class='ocrx_word' id='word_1_317' title='bbox 1409 2338 1564 2388; x_wconf 86' lang='lat' dir='ltr'>posset,</span> <span class='ocrx_word' id='word_1_318' title='bbox 1600 2331 1896 2373; x_wconf 88' lang='lat' dir='ltr'>restituturum</span> <span class='ocrx_word' id='word_1_319' title='bbox 1927 2330 2097 2374; x_wconf 79' lang='lat' dir='ltr'>Suetou.</span> 
     </span>
     <span class='ocr_line' id='line_1_32' title="bbox 380 2398 2099 2454; baseline -0.001 -12"><span class='ocrx_word' id='word_1_320' title='bbox 380 2399 534 2442; x_wconf 87' lang='lat' dir='ltr'>Claud.</span> <span class='ocrx_word' id='word_1_321' title='bbox 556 2405 581 2442; x_wconf 91' lang='lat'><strong><em>1</em></strong></span> <span class='ocrx_word' id='word_1_322' title='bbox 610 2402 663 2454; x_wconf 79' lang='lat' dir='ltr'>cf.</span> <span class='ocrx_word' id='word_1_323' title='bbox 701 2401 797 2443; x_wconf 79' lang='lat' dir='ltr'>Tac.</span> <span class='ocrx_word' id='word_1_324' title='bbox 821 2416 859 2443; x_wconf 91' lang='lat' dir='ltr'>a.</span> <span class='ocrx_word' id='word_1_325' title='bbox 881 2404 925 2452; x_wconf 88' lang='grc'><em>2,</em></span> <span class='ocrx_word' id='word_1_326' title='bbox 947 2404 1018 2445; x_wconf 88' lang='grc'>82.</span> <span class='ocrx_word' id='word_1_327' title='bbox 1066 2400 1267 2443; x_wconf 90' lang='lat' dir='ltr'>Tiberius</span> <span class='ocrx_word' id='word_1_328' title='bbox 1289 2400 1431 2442; x_wconf 90' lang='lat' dir='ltr'>odium</span> <span class='ocrx_word' id='word_1_329' title='bbox 1454 2399 1664 2442; x_wconf 87' lang='lat' dir='ltr'>adversus</span> <span class='ocrx_word' id='word_1_330' title='bbox 1685 2398 2023 2441; x_wconf 88' lang='lat' dir='ltr'>necessitudines</span> <span class='ocrx_word' id='word_1_331' title='bbox 2054 2399 2099 2440; x_wconf 88' lang='lat' dir='ltr'>in</span> 
     </span>
     <span class='ocr_line' id='line_1_33' title="bbox 381 2466 2100 2526; baseline 0 -18"><span class='ocrx_word' id='word_1_332' title='bbox 381 2468 524 2509; x_wconf 88' lang='lat' dir='ltr'>Druso</span> <span class='ocrx_word' id='word_1_333' title='bbox 562 2468 693 2510; x_wconf 90' lang='lat' dir='ltr'>fratre</span> <span class='ocrx_word' id='word_1_334' title='bbox 733 2471 918 2525; x_wconf 92' lang='lat' dir='ltr'>primum</span> <span class='ocrx_word' id='word_1_335' title='bbox 959 2470 1123 2512; x_wconf 87' lang='lat' dir='ltr'>detexit</span> <span class='ocrx_word' id='word_1_336' title='bbox 1161 2469 1332 2526; x_wconf 84' lang='lat' dir='ltr'>prodita</span> <span class='ocrx_word' id='word_1_337' title='bbox 1373 2469 1463 2511; x_wconf 90' lang='lat' dir='ltr'>eius</span> <span class='ocrx_word' id='word_1_338' title='bbox 1502 2467 1704 2524; x_wconf 82' lang='lat' dir='ltr'>epistula,</span> <span class='ocrx_word' id='word_1_339' title='bbox 1747 2482 1835 2524; x_wconf 88' lang='lat' dir='ltr'>qua</span> <span class='ocrx_word' id='word_1_340' title='bbox 1869 2482 2015 2509; x_wconf 89' lang='lat' dir='ltr'>secum</span> <span class='ocrx_word' id='word_1_341' title='bbox 2045 2466 2100 2509; x_wconf 88' lang='lat' dir='ltr'>de</span> 
     </span>
    </p>
   </div>
   <div class='ocr_carea' id='block_1_4' title="bbox 382 2535 2169 2591">
    <p class='ocr_par' dir='ltr' id='par_1_5' title="bbox 382 2535 2169 2591">
     <span class='ocr_line' id='line_1_34' title="bbox 382 2535 2169 2591; baseline 0.001 -15"><span class='ocrx_word' id='word_1_342' title='bbox 382 2536 571 2590; x_wconf 86' lang='lat' dir='ltr'>cogendo</span> <span class='ocrx_word' id='word_1_343' title='bbox 602 2537 657 2578; x_wconf 89' lang='lat' dir='ltr'>ad</span> <span class='ocrx_word' id='word_1_344' title='bbox 687 2538 996 2580; x_wconf 86' lang='lat' dir='ltr'>restituendam</span> <span class='ocrx_word' id='word_1_345' title='bbox 1030 2537 1275 2580; x_wconf 86' lang='lat' dir='ltr'>libertatem</span> <span class='ocrx_word' id='word_1_346' title='bbox 1296 2536 1490 2591; x_wconf 88' lang='lat' dir='ltr'>Augusto</span> <span class='ocrx_word' id='word_1_347' title='bbox 1514 2536 1669 2591; x_wconf 89' lang='lat' dir='ltr'>agebat</span> <span class='ocrx_word' id='word_1_348' title='bbox 1686 2536 1854 2579; x_wconf 75' lang='lat' dir='ltr'>Sueton.</span> <span class='ocrx_word' id='word_1_349' title='bbox 1879 2535 2014 2580; x_wconf 78' lang='lat' dir='ltr'>Tiber.</span> <span class='ocrx_word' id='word_1_350' title='bbox 2030 2538 2097 2578; x_wconf 89' lang='lat'>50.</span> <span class='ocrx_word' id='word_1_351' title='bbox 2167 2537 2169 2540; x_wconf 75' lang='grc'><strong>’</strong></span> 
     </span>
    </p>
   </div>
   <div class='ocr_carea' id='block_1_5' title="bbox 383 2602 2102 3408">
    <p class='ocr_par' dir='ltr' id='par_1_6' title="bbox 383 2602 2102 2998">
     <span class='ocr_line' id='line_1_35' title="bbox 466 2602 2099 2661; baseline 0 -16"><span class='ocrx_word' id='word_1_352' title='bbox 466 2604 589 2646; x_wconf 88' lang='lat' dir='ltr'>onr</span> <span class='ocrx_word' id='word_1_353' title='bbox 618 2605 810 2648; x_wconf 88' lang='lat' dir='ltr'>Antonia</span> <span class='ocrx_word' id='word_1_354' title='bbox 839 2607 991 2661; x_wconf 87' lang='lat' dir='ltr'>minor,</span> <span class='ocrx_word' id='word_1_355' title='bbox 1024 2605 1112 2648; x_wconf 92' lang='lat' dir='ltr'>filia</span> <span class='ocrx_word' id='word_1_356' title='bbox 1142 2606 1201 2647; x_wconf 96' lang='lat' dir='ltr'>M.</span> <span class='ocrx_word' id='word_1_357' title='bbox 1234 2605 1411 2647; x_wconf 92' lang='lat' dir='ltr'>Antonii</span> <span class='ocrx_word' id='word_1_358' title='bbox 1444 2604 1657 2647; x_wconf 89' lang='lat' dir='ltr'>triumviri</span> <span class='ocrx_word' id='word_1_359' title='bbox 1689 2604 1742 2657; x_wconf 81' lang='lat' dir='ltr'>cf.</span> <span class='ocrx_word' id='word_1_360' title='bbox 1773 2602 1818 2645; x_wconf 88' lang='lat' dir='ltr'><strong><em>A</em></strong></span> <span class='ocrx_word' id='word_1_361' title='bbox 1848 2606 1938 2654; x_wconf 88' lang='grc'><em>711,</em></span> <span class='ocrx_word' id='word_1_362' title='bbox 1970 2618 2099 2660; x_wconf 87' lang='lat' dir='ltr'>quam</span> 
     </span>
     <span class='ocr_line' id='line_1_36' title="bbox 383 2671 2099 2729; baseline 0 -16"><span class='ocrx_word' id='word_1_363' title='bbox 383 2673 426 2713; x_wconf 92' lang='lat' dir='ltr'>in</span> <span class='ocrx_word' id='word_1_364' title='bbox 456 2674 777 2715; x_wconf 87' lang='lat' dir='ltr'>matrimonium</span> <span class='ocrx_word' id='word_1_365' title='bbox 808 2674 934 2716; x_wconf 90' lang='lat' dir='ltr'>duxit</span> <span class='ocrx_word' id='word_1_366' title='bbox 963 2681 1079 2716; x_wconf 90' lang='lat' dir='ltr'>certe</span> <span class='ocrx_word' id='word_1_367' title='bbox 1109 2681 1208 2716; x_wconf 90' lang='lat' dir='ltr'>ante</span> <span class='ocrx_word' id='word_1_368' title='bbox 1239 2689 1276 2715; x_wconf 92' lang='lat' dir='ltr'>a.</span> <span class='ocrx_word' id='word_1_369' title='bbox 1300 2674 1381 2716; x_wconf 84' lang='lat'>739</span> <span class='ocrx_word' id='word_1_370' title='bbox 1403 2693 1458 2707; x_wconf 67' lang='grc' dir='ltr'><strong>Ξ</strong></span> <span class='ocrx_word' id='word_1_371' title='bbox 1480 2673 1544 2725; x_wconf 88' lang='lat'>15,</span> <span class='ocrx_word' id='word_1_372' title='bbox 1577 2687 1661 2729; x_wconf 89' lang='lat' dir='ltr'>quo</span> <span class='ocrx_word' id='word_1_373' title='bbox 1682 2687 1791 2714; x_wconf 91' lang='lat' dir='ltr'>anno</span> <span class='ocrx_word' id='word_1_374' title='bbox 1816 2671 2099 2715; x_wconf 84' lang='lat' dir='ltr'>Germanicus</span> 
     </span>
     <span class='ocr_line' id='line_1_37' title="bbox 383 2739 2100 2801; baseline 0 -20"><span class='ocrx_word' id='word_1_375' title='bbox 383 2747 508 2782; x_wconf 86' lang='lat' dir='ltr'>natus</span> <span class='ocrx_word' id='word_1_376' title='bbox 539 2747 603 2782; x_wconf 90' lang='lat' dir='ltr'>est</span> <span class='ocrx_word' id='word_1_377' title='bbox 633 2742 685 2795; x_wconf 81' lang='lat' dir='ltr'>cf.</span> <span class='ocrx_word' id='word_1_378' title='bbox 709 2742 878 2784; x_wconf 78' lang='lat' dir='ltr'>Suetou.</span> <span class='ocrx_word' id='word_1_379' title='bbox 907 2743 1043 2797; x_wconf 71' lang='lat' dir='ltr'>Caliy.</span> <span class='ocrx_word' id='word_1_380' title='bbox 1075 2746 1113 2785; x_wconf 89' lang='lat'>1.</span> <span class='ocrx_word' id='word_1_381' title='bbox 1174 2741 1355 2785; x_wconf 89' lang='lat' dir='ltr'>Constat</span> <span class='ocrx_word' id='word_1_382' title='bbox 1384 2742 1579 2783; x_wconf 88' lang='lat' dir='ltr'>Drusum</span> <span class='ocrx_word' id='word_1_383' title='bbox 1621 2755 1745 2783; x_wconf 90' lang='lat' dir='ltr'>usum</span> <span class='ocrx_word' id='word_1_384' title='bbox 1775 2740 1946 2801; x_wconf 85' lang='lat' dir='ltr'>veneris</span> <span class='ocrx_word' id='word_1_385' title='bbox 1986 2739 2100 2781; x_wconf 85' lang='lat' dir='ltr'>intra</span> 
     </span>
     <span class='ocr_line' id='line_1_38' title="bbox 384 2807 2101 2869; baseline 0 -20"><span class='ocrx_word' id='word_1_386' title='bbox 384 2809 577 2862; x_wconf 90' lang='lat' dir='ltr'>coniugis</span> <span class='ocrx_word' id='word_1_387' title='bbox 619 2811 839 2852; x_wconf 90' lang='lat' dir='ltr'>caritatem</span> <span class='ocrx_word' id='word_1_388' title='bbox 881 2810 1074 2853; x_wconf 88' lang='lat' dir='ltr'>clausum</span> <span class='ocrx_word' id='word_1_389' title='bbox 1115 2810 1304 2853; x_wconf 89' lang='lat' dir='ltr'>tenuisse</span> <span class='ocrx_word' id='word_1_390' title='bbox 1343 2809 1481 2852; x_wconf 80' lang='lat' dir='ltr'>Valer.</span> <span class='ocrx_word' id='word_1_391' title='bbox 1516 2809 1640 2851; x_wconf 76' lang='lat' dir='ltr'>Max.</span> <span class='ocrx_word' id='word_1_392' title='bbox 1671 2812 1710 2859; x_wconf 85' lang='grc'><em>4,</em></span> <span class='ocrx_word' id='word_1_393' title='bbox 1741 2811 1781 2858; x_wconf 88' lang='grc'><em>3,</em></span> <span class='ocrx_word' id='word_1_394' title='bbox 1813 2811 1853 2850; x_wconf 88' lang='grc'>3.</span> <span class='ocrx_word' id='word_1_395' title='bbox 1913 2807 1984 2869; x_wconf 81' lang='lat' dir='ltr'>Ex</span> <span class='ocrx_word' id='word_1_396' title='bbox 2014 2821 2101 2864; x_wconf 87' lang='lat' dir='ltr'>qua</span> 
     </span>
     <span class='ocr_line' id='line_1_39' title="bbox 386 2875 2102 2933; baseline -0.001 -16"><span class='ocrx_word' id='word_1_397' title='bbox 386 2876 626 2932; x_wconf 89' lang='lat' dir='ltr'>complures</span> <span class='ocrx_word' id='word_1_398' title='bbox 656 2878 830 2933; x_wconf 86' lang='lat' dir='ltr'>quidem</span> <span class='ocrx_word' id='word_1_399' title='bbox 860 2878 1017 2921; x_wconf 89' lang='lat' dir='ltr'>liberos</span> <span class='ocrx_word' id='word_1_400' title='bbox 1047 2879 1159 2933; x_wconf 88' lang='lat' dir='ltr'>tulit,</span> <span class='ocrx_word' id='word_1_401' title='bbox 1190 2892 1341 2920; x_wconf 88' lang='lat' dir='ltr'>verum</span> <span class='ocrx_word' id='word_1_402' title='bbox 1373 2886 1458 2920; x_wconf 91' lang='lat' dir='ltr'>tres</span> <span class='ocrx_word' id='word_1_403' title='bbox 1490 2877 1662 2919; x_wconf 91' lang='lat' dir='ltr'>omnino</span> <span class='ocrx_word' id='word_1_404' title='bbox 1684 2875 1858 2932; x_wconf 91' lang='lat' dir='ltr'>reliquit</span> <span class='ocrx_word' id='word_1_405' title='bbox 1878 2875 2102 2919; x_wconf 82' lang='lat' dir='ltr'>Germani-</span> 
     </span>
     <span class='ocr_line' id='line_1_40' title="bbox 383 2945 1452 2998; baseline 0.004 -14"><span class='ocrx_word' id='word_1_406' title='bbox 383 2959 491 2997; x_wconf 87' lang='lat' dir='ltr'>cum,</span> <span class='ocrx_word' id='word_1_407' title='bbox 526 2945 740 2998; x_wconf 82' lang='lat' dir='ltr'>Livillam,</span> <span class='ocrx_word' id='word_1_408' title='bbox 774 2946 1002 2989; x_wconf 83' lang='lat' dir='ltr'>Claudium</span> <span class='ocrx_word' id='word_1_409' title='bbox 1034 2947 1204 2989; x_wconf 75' lang='lat' dir='ltr'>Suetou.</span> <span class='ocrx_word' id='word_1_410' title='bbox 1233 2946 1386 2990; x_wconf 86' lang='lat' dir='ltr'>Claud.</span> <span class='ocrx_word' id='word_1_411' title='bbox 1413 2949 1452 2988; x_wconf 89' lang='lat'>1.</span> 
     </span>
    </p>

    <p class='ocr_par' dir='ltr' id='par_1_7' title="bbox 383 3009 2101 3408">
     <span class='ocr_line' id='line_1_41' title="bbox 470 3009 2101 3067; baseline -0.001 -13"><span class='ocrx_word' id='word_1_412' title='bbox 470 3013 736 3055; x_wconf 77' lang='lat' dir='ltr'>Memoratur</span> <span class='ocrx_word' id='word_1_413' title='bbox 764 3015 894 3057; x_wconf 79' lang='lat' dir='ltr'>Seuec</span> <span class='ocrx_word' id='word_1_414' title='bbox 939 3015 1041 3057; x_wconf 89' lang='lat' dir='ltr'>dial.</span> <span class='ocrx_word' id='word_1_415' title='bbox 1064 3019 1130 3065; x_wconf 93' lang='lat'>11,</span> <span class='ocrx_word' id='word_1_416' title='bbox 1152 3018 1217 3066; x_wconf 93' lang='lat'>15,</span> <span class='ocrx_word' id='word_1_417' title='bbox 1237 3018 1277 3065; x_wconf 89' lang='lat'>5,</span> <span class='ocrx_word' id='word_1_418' title='bbox 1309 3014 1427 3058; x_wconf 77' lang='lat' dir='ltr'>Pliu.</span> <span class='ocrx_word' id='word_1_419' title='bbox 1449 3029 1489 3057; x_wconf 77' lang='lat' dir='ltr'>u.</span> <span class='ocrx_word' id='word_1_420' title='bbox 1511 3013 1552 3055; x_wconf 81' lang='lat' dir='ltr'>h.</span> <span class='ocrx_word' id='word_1_421' title='bbox 1575 3016 1612 3063; x_wconf 92' lang='lat'>7,</span> <span class='ocrx_word' id='word_1_422' title='bbox 1633 3015 1687 3054; x_wconf 88' lang='grc'>80</span> <span class='ocrx_word' id='word_1_423' title='bbox 1707 3013 1778 3067; x_wconf 86' lang='lat'>(=</span> <span class='ocrx_word' id='word_1_424' title='bbox 1800 3011 1934 3055; x_wconf 79' lang='lat' dir='ltr'>Soliu.</span> <span class='ocrx_word' id='word_1_425' title='bbox 1953 3014 1992 3060; x_wconf 93' lang='lat'>1,</span> <span class='ocrx_word' id='word_1_426' title='bbox 2009 3009 2101 3065; x_wconf 77' lang='lat'><strong><em>74),-</em></strong></span> 
     </span>
     <span class='ocr_line' id='line_1_42' title="bbox 385 3078 2097 3135; baseline -0.001 -13"><span class='ocrx_word' id='word_1_427' title='bbox 385 3083 424 3130; x_wconf 88' lang='lat'>9,</span> <span class='ocrx_word' id='word_1_428' title='bbox 447 3084 542 3131; x_wconf 87' lang='grc'><em>172,</em></span> <span class='ocrx_word' id='word_1_429' title='bbox 570 3081 666 3123; x_wconf 77' lang='lat' dir='ltr'>Tac.</span> <span class='ocrx_word' id='word_1_430' title='bbox 690 3097 728 3123; x_wconf 91' lang='lat' dir='ltr'>a.</span> <span class='ocrx_word' id='word_1_431' title='bbox 751 3087 788 3132; x_wconf 90' lang='lat'>1,</span> <span class='ocrx_word' id='word_1_432' title='bbox 810 3087 874 3126; x_wconf 91' lang='grc'>41.</span> <span class='ocrx_word' id='word_1_433' title='bbox 896 3087 1033 3134; x_wconf 90' lang='grc'><em>43,·’6,</em></span> <span class='ocrx_word' id='word_1_434' title='bbox 1057 3087 1095 3134; x_wconf 89' lang='grc'><em>9,</em></span> <span class='ocrx_word' id='word_1_435' title='bbox 1127 3083 1267 3126; x_wconf 79' lang='lat' dir='ltr'>Germ.</span> <span class='ocrx_word' id='word_1_436' title='bbox 1288 3086 1354 3125; x_wconf 89' lang='grc'>34.</span> <span class='ocrx_word' id='word_1_437' title='bbox 1374 3086 1440 3132; x_wconf 89' lang='grc'>37,</span> <span class='ocrx_word' id='word_1_438' title='bbox 1471 3081 1589 3123; x_wconf 80' lang='lat' dir='ltr'>Plin.</span> <span class='ocrx_word' id='word_1_439' title='bbox 1607 3081 1724 3135; x_wconf 78' lang='lat' dir='ltr'>epist.</span> <span class='ocrx_word' id='word_1_440' title='bbox 1744 3083 1782 3130; x_wconf 88' lang='grc'>3,</span> <span class='ocrx_word' id='word_1_441' title='bbox 1804 3082 1844 3129; x_wconf 88' lang='grc'><em>5,</em></span> <span class='ocrx_word' id='word_1_442' title='bbox 1864 3083 1903 3130; x_wconf 90' lang='grc'><em>4,</em></span> <span class='ocrx_word' id='word_1_443' title='bbox 1927 3078 2097 3121; x_wconf 66' lang='lat' dir='ltr'>Sueten.</span> 
     </span>
     <span class='ocr_line' id='line_1_43' title="bbox 383 3147 2099 3205; baseline -0.001 -16"><span class='ocrx_word' id='word_1_444' title='bbox 383 3148 495 3202; x_wconf 73' lang='lat' dir='ltr'>Auy.</span> <span class='ocrx_word' id='word_1_445' title='bbox 516 3151 581 3199; x_wconf 87' lang='lat'>99,</span> <span class='ocrx_word' id='word_1_446' title='bbox 610 3150 746 3192; x_wconf 83' lang='lat' dir='ltr'>Tiber.</span> <span class='ocrx_word' id='word_1_447' title='bbox 776 3155 837 3200; x_wconf 88' lang='grc'><em>76,</em></span> <span class='ocrx_word' id='word_1_448' title='bbox 871 3151 1006 3205; x_wconf 77' lang='lat' dir='ltr'>Caliy.</span> <span class='ocrx_word' id='word_1_449' title='bbox 1034 3156 1072 3202; x_wconf 89' lang='lat'>1,</span> <span class='ocrx_word' id='word_1_450' title='bbox 1094 3152 1274 3205; x_wconf 76' lang='lat' dir='ltr'>Eutrop.</span> <span class='ocrx_word' id='word_1_451' title='bbox 1297 3154 1333 3201; x_wconf 91' lang='lat'>7,</span> <span class='ocrx_word' id='word_1_452' title='bbox 1351 3154 1420 3201; x_wconf 91' lang='grc'>12,</span> <span class='ocrx_word' id='word_1_453' title='bbox 1456 3149 1559 3192; x_wconf 69' lang='lat' dir='ltr'>Via.</span> <span class='ocrx_word' id='word_1_454' title='bbox 1578 3148 1694 3192; x_wconf 79' lang='lat' dir='ltr'>Caes.</span> <span class='ocrx_word' id='word_1_455' title='bbox 1710 3151 1748 3198; x_wconf 89' lang='lat'>3,</span> <span class='ocrx_word' id='word_1_456' title='bbox 1766 3151 1809 3198; x_wconf 91' lang='grc'><em>2,</em></span> <span class='ocrx_word' id='word_1_457' title='bbox 1830 3147 1949 3201; x_wconf 75' lang='lat' dir='ltr'>Epa.</span> <span class='ocrx_word' id='word_1_458' title='bbox 1967 3149 2004 3196; x_wconf 93' lang='lat'>1,</span> <span class='ocrx_word' id='word_1_459' title='bbox 2021 3149 2080 3190; x_wconf 90' lang='grc'>26</span> <span class='ocrx_word' id='word_1_460' title='bbox 2085 3159 2099 3197; x_wconf 91' lang='grc'><strong><em>;</em></strong></span> 
     </span>
     <span class='ocr_line' id='line_1_44' title="bbox 383 3216 2095 3269; baseline 0.001 -12"><span class='ocrx_word' id='word_1_461' title='bbox 383 3220 421 3266; x_wconf 92' lang='grc'><em>4,</em></span> <span class='ocrx_word' id='word_1_462' title='bbox 453 3220 491 3266; x_wconf 90' lang='grc'>1,</span> <span class='ocrx_word' id='word_1_463' title='bbox 522 3217 695 3259; x_wconf 81' lang='lat' dir='ltr'>Orosius</span> <span class='ocrx_word' id='word_1_464' title='bbox 725 3221 760 3268; x_wconf 90' lang='lat'>7,</span> <span class='ocrx_word' id='word_1_465' title='bbox 791 3222 829 3260; x_wconf 93' lang='grc'><em>4.</em></span> <span class='ocrx_word' id='word_1_466' title='bbox 859 3223 930 3269; x_wconf 90' lang='grc'>32,</span> <span class='ocrx_word' id='word_1_467' title='bbox 963 3219 1182 3261; x_wconf 78' lang='lat' dir='ltr'>Plutarch.</span> <span class='ocrx_word' id='word_1_468' title='bbox 1214 3219 1371 3261; x_wconf 77' lang='lat' dir='ltr'>Aulon.</span> <span class='ocrx_word' id='word_1_469' title='bbox 1394 3221 1461 3268; x_wconf 88' lang='grc'><em>87,</em></span> <span class='ocrx_word' id='word_1_470' title='bbox 1492 3217 1580 3260; x_wconf 86' lang='lat' dir='ltr'>Dio</span> <span class='ocrx_word' id='word_1_471' title='bbox 1605 3219 1670 3267; x_wconf 94' lang='lat'>55,</span> <span class='ocrx_word' id='word_1_472' title='bbox 1692 3220 1732 3258; x_wconf 87' lang='grc'><em>4.</em></span> <span class='ocrx_word' id='word_1_473' title='bbox 1761 3218 1800 3258; x_wconf 90' lang='lat'>5.</span> <span class='ocrx_word' id='word_1_474' title='bbox 1829 3218 1866 3257; x_wconf 92' lang='lat'>6.</span> <span class='ocrx_word' id='word_1_475' title='bbox 1888 3217 1936 3265; x_wconf 86' lang='lat'>8;</span> <span class='ocrx_word' id='word_1_476' title='bbox 1966 3217 2031 3264; x_wconf 89' lang='grc'><em>60,</em></span> <span class='ocrx_word' id='word_1_477' title='bbox 2051 3216 2095 3264; x_wconf 80' lang='grc'><em>2,</em></span> 
     </span>
     <span class='ocr_line' id='line_1_45' title="bbox 388 3280 2100 3336; baseline -0.001 -11"><span class='ocrx_word' id='word_1_478' title='bbox 388 3284 504 3326; x_wconf 83' lang='lat' dir='ltr'>Ovid.</span> <span class='ocrx_word' id='word_1_479' title='bbox 536 3299 586 3326; x_wconf 73' lang='lat' dir='ltr'>ex</span> <span class='ocrx_word' id='word_1_480' title='bbox 614 3284 752 3327; x_wconf 76' lang='lat' dir='ltr'>Ponto</span> <span class='ocrx_word' id='word_1_481' title='bbox 781 3289 823 3336; x_wconf 91' lang='grc'><em>2,</em></span> <span class='ocrx_word' id='word_1_482' title='bbox 844 3289 884 3336; x_wconf 91' lang='grc'><em>8,</em></span> <span class='ocrx_word' id='word_1_483' title='bbox 906 3290 971 3336; x_wconf 88' lang='grc'><em>47,</em></span> <span class='ocrx_word' id='word_1_484' title='bbox 1011 3287 1240 3329; x_wconf 67' lang='lat' dir='ltr'>Claudiam..</span> <span class='ocrx_word' id='word_1_485' title='bbox 1264 3286 1313 3330; x_wconf 80' lang='lat' dir='ltr'>de</span> <span class='ocrx_word' id='word_1_486' title='bbox 1339 3299 1448 3328; x_wconf 77' lang='lat' dir='ltr'>cous.</span> <span class='ocrx_word' id='word_1_487' title='bbox 1473 3285 1638 3328; x_wconf 79' lang='lat' dir='ltr'>Stilich.</span> <span class='ocrx_word' id='word_1_488' title='bbox 1660 3287 1698 3334; x_wconf 91' lang='lat'>1,</span> <span class='ocrx_word' id='word_1_489' title='bbox 1721 3286 1799 3326; x_wconf 88' lang='grc'>193</span> <span class='ocrx_word' id='word_1_490' title='bbox 1819 3296 1918 3336; x_wconf 71' lang='lat' dir='ltr'>sqq„</span> <span class='ocrx_word' id='word_1_491' title='bbox 1951 3281 2000 3324; x_wconf 79' lang='lat' dir='ltr'>de</span> <span class='ocrx_word' id='word_1_492' title='bbox 2019 3280 2100 3324; x_wconf 90' lang='lat' dir='ltr'>IV</span> 
     </span>
     <span class='ocr_line' id='line_1_46' title="bbox 386 3351 1706 3408; baseline 0.001 -15"><span class='ocrx_word' id='word_1_493' title='bbox 386 3365 493 3394; x_wconf 76' lang='lat' dir='ltr'>cous.</span> <span class='ocrx_word' id='word_1_494' title='bbox 526 3353 711 3395; x_wconf 79' lang='lat' dir='ltr'>Honorii</span> <span class='ocrx_word' id='word_1_495' title='bbox 736 3356 827 3404; x_wconf 85' lang='grc'><em>455,</em></span> <span class='ocrx_word' id='word_1_496' title='bbox 851 3355 1015 3408; x_wconf 72' lang='lat' dir='ltr'>passim</span> <span class='ocrx_word' id='word_1_497' title='bbox 1044 3356 1090 3397; x_wconf 77' lang='lat' dir='ltr'>iu</span> <span class='ocrx_word' id='word_1_498' title='bbox 1121 3351 1411 3397; x_wconf 76' lang='lat' dir='ltr'>Consolatione</span> <span class='ocrx_word' id='word_1_499' title='bbox 1441 3353 1499 3396; x_wconf 93' lang='lat' dir='ltr'>ad</span> <span class='ocrx_word' id='word_1_500' title='bbox 1526 3354 1706 3395; x_wconf 85' lang='lat' dir='ltr'>Liviam.</span> 
     </span>
    </p>
   </div>
  </div>
 </body>
</html>
