2202 3730
82 255 332 315 A'VRELivs
947 273 1028 316 195
1631 276 1881 315 Avnssmvs

179 404 184 408 ¹
252 403 521 453 Hemes‘enus
541 410 701 453 Iulian.
730 409 848 453 Caes.
862 425 910 464 p.
931 413 1012 452 313
1022 409 1077 460 A,
1099 410 1316 453 Ammian.
1333 414 1404 461 26,
1426 414 1463 461 6,
1485 407 1568 462 2Ο;
1597 410 1797 453 sacerdos
1818 409 1885 451 dei

167 477 394 533 Elagabali
414 477 649 521 Herodian.
679 481 718 527 5,
738 481 766 539 3
795 478 910 532 (iude
931 478 1087 532 pendet
1114 479 1186 520 vit.
1220 478 1416 520 Macrini
1444 478 1500 533 9),
1532 479 1621 521 vita
1650 483 1688 530 1,
1709 480 1748 529 5,
1778 477 1887 532 Fqn‘-

168 549 274 588 tome
294 548 363 597 23,
384 549 428 596 2,
459 546 638 599 Eutrop.
665 547 704 596 8,
726 548 800 589 22.
848 545 1097 600 (Perperam
1116 546 1288 588 eundem
1309 550 1521 589 auctorem
1544 547 1676 589 secuti
1696 547 1888 600 referunt

166 614 256 656 vita
283 617 327 664 2,
357 617 385 656 3
425 617 466 656 et
504 613 647 656 Victor
686 613 804 656 Caes.
834 617 904 665 23,
935 617 960 656 1
1003 614 1181 656 Avitum
1223 621 1319 671 post
1358 614 1608 657 Caracallae
1652 629 1802 657 necem
1843 616 1886 656 in

166 680 444 737 Heliogabali
485 681 772 724 sacerdotium
804 688 1022 738 tamquam
1055 681 1223 737 asylum
1255 682 1531 737 confugisse.)
1592 682 1766 725 Annum
1797 682 1887 724 fere

167 756 370 806 quartum
416 749 630 792 decimum
674 763 808 804 agens
848 764 925 806 per
968 750 1172 806 Gannym
1221 750 1495 792 educatorem
1541 758 1584 793 et
1628 750 1886 805 (Valerium)

167 817 491 874 Eutychianum
521 819 670 860 castris
698 819 908 873 romanis,
939 833 1050 874 quae
1081 833 1215 875 prope
1246 819 1478 860 Hemesam
1511 826 1654 873 erant,
1690 819 1834 862 illatus
1862 835 1888 861 a

163 885 373 928 militibus
393 886 463 928 die
486 887 539 929 16
558 887 718 928 mensis
739 886 828 928 Mai
850 901 889 928 a.
911 887 994 929 218
1025 888 1258 943 imperator
1277 886 1517 943 appellatus
1549 894 1614 929 est
1632 887 1721 930 Dio
1743 890 1809 938 78,
1830 891 1883 930 31

166 955 259 1010 (ubi
296 955 469 1013 lacuna·
490 955 644 997 codicis
681 954 876 1009 Gannyis
914 969 1063 997 nomeu
1091 956 1272 1009 periisse
1312 955 1427 998 docet
1456 955 1544 997 Dio
1576 959 1639 1006 79,
1671 960 1697 998 6
1736 956 1887 999 collato

169 1025 234 1074 78,
254 1022 351 1078 38);
381 1023 439 1065 ad
458 1023 638 1065 Maesae
669 1023 889 1065 consilium
917 1036 986 1065 res
1008 1024 1195 1076 refertur
1216 1023 1333 1077 apud
1351 1023 1586 1066 Herodian.
1606 1027 1645 1074 5,
1667 1027 1706 1074 3,
1729 1028 1782 1066 10
1801 1038 1887 1078 sqq,

165 1091 304 1134 Filius
335 1091 546 1133 Antonini
577 1090 828 1145 (Caracalli)
861 1106 917 1132 ex
956 1098 1105 1147 stupro
1138 1091 1406 1134 Soaemiadis
1445 1093 1616 1146 genitus
1646 1092 1806 1135 dicitur
1845 1100 1887 1135 et

164 1160 225 1203 M.
247 1159 451 1202 Aurelius
471 1159 717 1201 Antoninus
747 1166 1024 1215 nuncupatur
1048 1159 1148 1210 Dio,
1180 1159 1416 1203 Herodian.
1448 1159 1535 1211 (vit.
1563 1160 1770 1215 Macrin.)
1802 1161 1827 1205 l.
1860 1161 1886 1203 l.

166 1230 219 1284 cf.
244 1230 317 1273 vit.
338 1228 580 1283 Elayabali
597 1231 640 1278 2,
676 1226 900 1270 Caracalli
927 1231 967 1278 9,
989 1231 1032 1278 2,
1066 1228 1207 1270 Victor
1233 1227 1353 1270 Caes.
1374 1231 1443 1278 23,
1466 1232 1504 1278 1,
1535 1229 1733 1283 Epitome
1752 1232 1821 1280 23,
1847 1234 1884 1280 1,

90 1287 93 1289 ’
163 1297 345 1352 Eutrop.
367 1299 408 1348 8,
431 1300 507 1340 22.
557 1295 629 1338 Ab
651 1297 750 1338 avia
776 1302 818 1338 et
846 1302 984 1338 matre
1005 1296 1177 1338 adiutus
1199 1311 1331 1353 opera
1349 1297 1547 1352 Gannyis
1569 1296 1692 1339 ducis
1712 1297 1885 1354 proelio,

166 1367 235 1408 cui
266 1367 359 1423 ipse
388 1365 597 1419 interfuit,
631 1379 767 1421 prope
794 1364 1070 1406 Antiochiam
1101 1365 1170 1406 die
1201 1365 1226 1407 8
1257 1366 1416 1407 mensis
1447 1365 1559 1407 Iunii
1591 1380 1628 1407 a.
1665 1366 1747 1408 218
1776 1381 1886 1408 com-

163 1436 295 1476 misso
337 1434 579 1476 Macrinum
618 1434 724 1475 vicit
758 1432 847 1475 Dio
890 1435 952 1486 78,
993 1435 1137 1475 38-39
1178 1431 1393 1485 (Zouarus
1429 1437 1500 1484 12,
1530 1433 1613 1487 13),
1654 1434 1886 1479 Herodian.

90 1516 94 1518 ·
161 1505 202 1553 5,
231 1505 271 1553 4,
299 1503 326 1545 5
354 1515 440 1556 sqq.
500 1502 674 1544 Victum
716 1507 759 1543 et
791 1500 921 1557 paulo
959 1507 1057 1556 post
1096 1507 1267 1556 captum
1308 1501 1468 1543 occidit
1506 1500 1593 1544 Dio
1631 1505 1700 1552 78,
1730 1506 1885 1553 39-40,

163 1570 398 1614 Herodian.
438 1573 478 1621 5,
516 1574 556 1621 4,
593 1573 726 1613 9-12.
791 1569 1065 1611 Antiochiam
1113 1570 1332 1623 ingressus
1379 1569 1544 1612 litteras
1590 1570 1644 1612 ad
1691 1578 1887 1614 senatum

162 1638 457 1696 populumque
505 1653 731 1680 romanum
781 1637 923 1692 dedit,
975 1637 1132 1694 quibus
1181 1639 1274 1694 ipse
1324 1639 1416 1680 sine
1473 1645 1647 1681 senatus
1694 1640 1888 1682 consulto

164 1708 490 1764 imperatorem,
525 1706 775 1761 Caesarem,
808 1706 1018 1748 Antonini
1049 1706 1209 1762 filium,
1244 1706 1395 1749 Severi
1426 1714 1647 1764 nepotem,
1690 1709 1815 1750 Pium
1846 1716 1889 1750 et

162 1775 352 1818 Felicem
391 1782 435 1818 et
462 1775 720 1830 Augustum,
757 1774 1058 1831 proconsulem
1098 1781 1142 1817 et
1181 1775 1414 1817 tribunicia
1454 1782 1667 1832 potestate
1702 1791 1747 1818 se
1778 1776 1889 1818 dixit

162 1843 250 1887 Dio
292 1847 357 1895 79,
387 1847 430 1887 2.
502 1844 651 1886 Mense
688 1842 802 1886 Iulio
841 1844 1010 1885 ineunte
1048 1843 1212 1885 Romae
1252 1845 1443 1898 equitum
1482 1857 1568 1887 esse
1608 1843 1753 1887 docent
1792 1848 1888 1887 acta

113 1944 126 1947 -
164 1913 477 1967 cooptatiouum
515 1911 723 1954 sodalium
760 1911 1151 1954 Antouim'anorum
1200 1911 1269 1954 VI
1296 1915 1410 1955 2001
1454 1915 1494 1955 et
1537 1912 1801 1955 sacerdotum
1843 1915 1889 1955 iu

165 1981 266 2023 aede
294 1981 410 2023 Iovis
439 1980 780 2034 Propuyuatoris
818 1981 1153 2030 consistentium,
1193 1981 1270 2022 ubi
1306 1980 1462 2022 dicitur
1496 1984 1713 2035 cooptatus
1749 1981 1887 2038 pridie

162 2049 258 2092 idus
286 2048 431 2103 Iulias,
454 2049 592 2103 paulo
622 2052 718 2091 ante
737 2048 834 2091 idus
862 2048 1024 2091 easdem
1050 2050 1096 2091 iu
1117 2049 1224 2091 actis
1242 2049 1469 2091 Arvalium
1490 2050 1545 2103 cf.
1567 2049 1752 2100 Hermen,
1774 2050 1886 2092 Acta

166 2117 316 2162 Amal.
343 2133 390 2173 p.
419 2117 576 2160 CCVI
609 2117 707 2159 adu.
738 2119 803 2162 15.
876 2116 988 2160 Cum
1030 2116 1227 2159 consules
1269 2117 1477 2159 ordinarii
1516 2133 1551 2159 a.
1586 2119 1669 2160 218
1707 2118 1889 2160 fuissent

165 2185 362 2242 Opellius
381 2186 603 2228 Macrinus
635 2193 676 2227 et
702 2184 942 2228 Oclatinius
963 2185 1204 2240 Adventus,
1236 2185 1503 2240 Elagabalus
1524 2187 1568 2227 in
1590 2186 1731 2228 locum
1752 2188 1886 2228 nomi-

164 2255 231 2296 nis
260 2254 448 2296 Macrini
476 2269 602 2296 suum
634 2252 859 2296 substituit
887 2253 975 2296 Dio
1007 2257 1074 2304 79,
1106 2256 1146 2304 8,
1176 2254 1308 2296 veluti
1335 2268 1400 2309 pr.
1428 2253 1486 2295 id.
1517 2253 1597 2297 Iul.
1629 2255 1887 2310 imperatore

161 2321 384 2365 Antonino
405 2321 520 2377 Aug.
551 2329 595 2363 et
615 2321 815 2364 Advento
847 2336 930 2364 cos.
964 2321 1033 2364 VI
1052 2325 1164 2364 2009
1193 2323 1238 2364 in
1269 2323 1376 2364 actis
1395 2321 1622 2363 Arvalium
1652 2323 1706 2376 cf.
1737 2323 1884 2377 fastos.

248 2390 490 2445 Imperator
520 2390 688 2444 aym'tus
716 2392 989 2444 nuncupatur
1019 2390 1127 2446 Imp.
1151 2389 1273 2432 Caes.
1306 2389 1397 2432 divi
1422 2390 1633 2431 Antonini
1663 2391 1765 2444 (sive
1795 2390 1884 2432 divi

162 2459 312 2514 Magni
332 2458 563 2512 Antonini)
591 2458 718 2512 filius,
751 2457 840 2500 divi
870 2458 1021 2501 Severi
1049 2473 1183 2514 nepos
1205 2458 1264 2501 M.
1286 2457 1492 2516 Aurelius
1523 2458 1625 2512 (sive
1646 2458 1886 2513 Aurellius)

163 2527 409 2570 Antoninus
429 2527 542 2582 Aug.
556 2528 723 2582 passim
742 2527 789 2569 iu
810 2526 957 2576 titulis,
991 2527 1155 2568 brevius
1174 2527 1220 2568 in
1243 2527 1426 2568 nummis
1445 2526 1608 2569 Eelchel
1633 2526 1729 2569 VII
1731 2542 1780 2581 p.
1801 2531 1890 2570 247

162 2595 272 2653 Imp.
294 2594 416 2639 Caes.
437 2596 497 2641 M.
518 2595 626 2638 Aur.
645 2596 891 2638 Antoninus
920 2594 1035 2650 Aug.
1063 2596 1148 2637 sive
1177 2596 1425 2637 Antoninus
1454 2595 1568 2649 Aug.
1592 2622 1643 2626 -
1676 2595 1886 2638 Sacerdos

164 2663 456 2722 amplissimus
486 2664 557 2706 dei
597 2665 747 2706 invicti
780 2663 892 2706 Solis
923 2663 1150 2718 Elagabali
1180 2664 1226 2705 in
1260 2663 1396 2706 titulis
1425 2663 1600 2705 additur
1625 2663 1756 2706 veluti
1785 2664 1884 2718 dipl.

160 2733 248 2776 mit.
289 2733 379 2776 III
410 2733 457 2776 S.
486 2731 746 2783 LXXXIV,
787 2731 836 2774 X
870 2734 995 2782 5827,
1038 2731 1161 2774 VIII
1194 2731 1241 2774 S.
1283 2734 1428 2782 18587,
1468 2731 1631 2774 sacerd.
1678 2732 1747 2774 dei
1783 2732 1884 2775 solis

162 2801 344 2857 Elagab.
383 2802 430 2844 in
461 2801 644 2844 nummis
684 2799 823 2843 Coheu
852 2801 886 2842 I
890 2800 952 2842 V2
981 2800 1027 2842 E
1033 2799 1258 2854 layabalus
1293 2814 1335 2842 u.
1362 2801 1567 2843 246-253
1596 2800 1660 2842 vel
1694 2815 1885 2842 summus

162 2870 361 2912 sacerdos
390 2869 504 2924 Aug.
538 2869 622 2911 ibd.
648 2872 745 2913 276.
773 2872 862 2911 277
887 2869 937 2922 cf.
971 2882 1012 2912 u.
1033 2870 1186 2912 58—65.

206 2944 210 2947 “
247 2939 446 2980 Hiemem
477 2953 515 2980 a.
536 2937 720 2980 218s219
746 2936 1025 2978 Nicomediae
1055 2937 1142 2991 egit
1170 2935 1258 2978 Dio
1290 2940 1355 2987 79,
1379 2940 1407 2978 7
1435 2936 1687 2989 (Herodian.
1707 2939 1746 2987 5,
1767 2940 1806 2987 5,
1827 2936 1884 2991 3),

146 3008 251 3049 ¹‘vita
268 3009 307 3056 5,
331 3010 370 3056 1,
404 3005 477 3063 ubi
508 3005 776 3047 consulatum
807 3004 992 3046 alterum
1023 3005 1242 3059 ingressus
1273 3011 1337 3046 est
1356 3004 1444 3047 Dio
1467 3008 1533 3055 79,
1560 3007 1600 3047 8.
1648 3003 1811 3047 Consul
1841 3006 1886 3047 II

103 3104 107 3109 -
162 3090 200 3119 a.
231 3075 328 3130 219,
367 3073 516 3116 consul
545 3074 614 3116 III
644 3089 682 3116 a.
713 3075 810 3127 220,
852 3072 1002 3114 consul
1030 3073 1095 3114 IV
1125 3087 1163 3116 a.
1193 3074 1290 3127 221,
1333 3073 1483 3115 consul
1512 3073 1553 3115 V
1583 3089 1621 3116 a.
1653 3075 1736 3116 222
1765 3074 1883 3127 fasti.

162 3143 217 3186 A.
238 3142 322 3185 219
343 3143 520 3185 Romam
544 3143 663 3184 venit
684 3141 920 3184 Herodian.
943 3144 982 3191 5,
1002 3143 1042 3191 5,
1066 3143 1095 3182 7
1111 3141 1164 3194 cf.
1183 3154 1297 3183 num.
1325 3140 1465 3184 Cehere
1495 3156 1536 3184 u.
1558 3145 1662 3185 2—6.
1705 3141 1884 3184 Occisus

162 3218 227 3253 est
247 3212 420 3266 Romae,
453 3217 681 3268 postquam
708 3209 810 3252 inde
831 3225 856 3251 a
876 3222 1024 3265 pugna
1045 3208 1162 3266 apud
1183 3209 1458 3252 Antiochiam
1480 3210 1708 3253 commissa
1733 3224 1883 3264 regna-

161 3280 226 3320 vit
255 3293 389 3321 annos
419 3285 506 3321 tres
526 3292 695 3320 menses
721 3292 876 3320 novem
898 3277 1075 3333 diesque
1097 3283 1302 3334 quattuor
1320 3277 1410 3320 Dio
1431 3281 1496 3328 79,
1515 3281 1555 3328 3,
1580 3277 1628 3319 id
1647 3281 1708 3320 est
1729 3279 1885 3320 occisus

161 3347 228 3390 die
258 3350 310 3390 11
337 3348 490 3390 mensis
522 3346 683 3389 Martii
712 3361 751 3389 a.
771 3349 868 3390 222
897 3345 968 3402 (ef.
989 3359 1096 3401 quae
1125 3344 1330 3389 adnotavi
1355 3347 1400 3388 iu
1431 3346 1585 3390 Severo
1602 3345 1882 3401 Alexandro),

1541 3413 1611 3450 13*
