2202 3730
90 310 336 347 CLAVDIVS
596 321 599 324 ’
946 308 1028 350 357
1648 314 1894 351 CLAVDIVS

171 443 305 484 torius
341 446 481 484 utrum
516 444 658 496 factus
686 445 742 486 sit
762 448 979 498 praetura
1007 446 1177 498 functus
1208 460 1263 487 an
1295 447 1348 488 ab
1379 447 1633 500 imperatore
1662 446 1894 489 Hadriano

172 510 358 552 adlectus
385 511 496 552 inter
517 513 780 565 praetorios,
823 527 952 566 neque
991 527 1041 555 esc
1071 513 1206 555 titulis
1235 528 1363 567 neque
1403 529 1454 556 ea:
1486 515 1764 568 scriptoribus
1795 529 1896 569 per-

170 579 359 632 spicitur.
423 578 544 621 Certe
569 581 818 633 praetorius
847 581 950 637 ἧρχε
979 585 1059 624 τῶν
1091 582 1193 624 κατὰ
1220 583 1289 638 τὴν
1323 580 1447 625 Ἀσίαν
1479 582 1705 639 ἐλευθέρων
1737 583 1894 626 πόλεων

172 646 320 688 eodem
344 654 548 703 tempore,
581 663 666 703 quo
697 649 747 690 T.
770 649 923 690 Arrius
947 649 1194 691 Antoninus
1225 650 1318 706 (qui
1348 657 1495 706 postea
1524 652 1770 706 imperavit)
1802 667 1897 708 pro-

172 714 321 757 consul
351 714 483 757 Asiae
512 723 710 772 praeerat
737 718 827 758 vita
850 721 890 759 4.
921 721 975 759 17
1001 718 1055 771 cf.
1078 717 1282 760 Philostr.
1305 722 1342 767 1,
1364 722 1433 768 25,
1457 722 1534 770 13;
1564 718 1733 774 legatus
1764 721 1898 774 igitur

172 784 326 825 missus
355 783 412 825 ad
442 784 744 838 corrigendum
775 792 932 827 statum
963 787 1204 828 civitatium
1235 786 1469 828 liberarum
1495 788 1744 842 provinciae
1765 788 1895 830 Asiae

173 853 288 894 circa
328 868 367 894 a.
400 852 595 895 132s135.
666 853 828 896 Consul
866 869 904 895 a.
950 855 1029 896 143
1069 869 1164 896 cum
1206 854 1255 897 C.
1295 854 1476 897 Bellicio
1517 856 1736 912 Torquato
1776 858 1894 911 fasti,

173 920 377 963 Philostr.
409 924 447 970 1,
479 922 549 971 25,
581 924 653 971 13,
687 924 715 963 t.
746 925 797 972 4,
840 922 1077 964 consularis
1108 926 1136 966 t.
1166 926 1241 973 34,
1282 922 1448 966 Gellius
1476 927 1515 973 1,
1545 928 1588 974 2,
1625 928 1674 975 1,·
1703 928 1741 974 9,
1775 928 1818 975 2,
1849 929 1899 976 1,·

172 992 238 1039 19,
261 993 330 1039 12,
353 993 392 1031 1.
447 989 588 1031 Morte
621 989 815 1044 Regillae
845 991 994 1032 uxoris
1024 998 1260 1033 commotus
1292 991 1449 1033 dicitur
1480 992 1666 1048 δευτέραν
1698 995 1897 1049 κλήρωσιν

172 1062 242 1114 τῆς
272 1059 420 1101 ὑπάτου
448 1060 578 1114 ἀρχῆς
603 1058 875 1114 ἀναβαλέσθαι
903 1059 994 1100 vita
1022 1062 1090 1109 19,
1121 1074 1229 1113 quae
1256 1060 1385 1101 rerba
1414 1061 1552 1101 minus
1579 1061 1812 1114 perspicua
1842 1061 1900 1103 ad

171 1127 372 1168 iteratam
415 1126 677 1167 sortitionem
710 1126 1088 1180 proconsulatuum
1133 1126 1419 1169 consularium
1459 1127 1594 1169 Asiae
1641 1132 1680 1170 et
1718 1127 1899 1182 Africae

172 1197 360 1249 spectare
387 1193 594 1235 videntur.

261 1263 503 1318 Imperator
539 1262 645 1303 Pius
684 1262 903 1304 Herodem
942 1264 1198 1317 magistrum
1238 1263 1296 1307 M.
1328 1263 1495 1305 Aurelii
1538 1271 1580 1306 et
1609 1265 1660 1307 L.
1691 1265 1796 1306 Veri
1837 1266 1897 1306 in-

173 1332 312 1373 stituit
340 1330 428 1373 Dio
459 1333 524 1379 71,
553 1333 618 1380 35,
650 1331 721 1373 vit.
755 1331 906 1373 Marci
931 1335 971 1381 4,
1002 1335 1044 1381 2,
1084 1331 1182 1373 Veri
1208 1335 1252 1381 2,
1282 1334 1321 1382 5,
1353 1332 1419 1374 M.
1439 1332 1643 1374 Aurelius
1674 1332 1731 1374 ad
1758 1333 1898 1375 Fron-

172 1404 307 1443 tonem
335 1402 374 1449 1,
406 1402 432 1441 6
451 1413 501 1453 p.
522 1402 588 1440 17.
655 1399 819 1440 Romae
857 1399 936 1441 sub
978 1400 1056 1441 Pio
1097 1415 1271 1441 causam
1311 1400 1424 1441 dixit
1463 1401 1793 1455 atrocissimam,
1839 1403 1899 1444 ‘in

177 1484 263 1525 qua
302 1467 535 1519 dicendum
575 1468 704 1521 (erat)
741 1467 795 1508 de
836 1467 1081 1510 hominibus
1120 1467 1267 1510 liberis
1308 1469 1540 1510 crudeliter
1577 1469 1816 1511 verberatis
1858 1477 1900 1512 et

174 1536 378 1592 spoliatis,
420 1550 506 1577 uno
536 1550 640 1577 vero
672 1536 797 1577 etiam
830 1537 984 1590 occiso,
1027 1535 1258 1577 dicendum
1288 1535 1342 1577 de
1371 1536 1459 1578 filio
1492 1538 1621 1593 impio
1649 1544 1691 1579 et
1721 1553 1898 1594 precum

174 1611 452 1662 paternarum
480 1605 743 1645 immemore‘
776 1604 943 1647 Fronto
964 1619 1012 1659 p.
1034 1608 1115 1655 42,
1157 1619 1332 1646 causam
1360 1606 1447 1659 egit
1478 1604 1705 1647 Cornelius
1735 1606 1898 1648 Fronto

173 1676 398 1730 (patronus
429 1679 477 1714 ut
503 1672 678 1714 videtur
699 1673 994 1715 Demonstrati
1019 1672 1231 1726 Petiliani,
1264 1687 1341 1729 pro
1363 1688 1450 1729 quo
1474 1674 1643 1715 tertiam
1664 1675 1899 1716 orationem

172 1743 216 1784 in
246 1740 577 1797 Asclepidotum
617 1741 823 1797 scriptam
860 1748 1069 1784 memorat
1107 1741 1273 1783 Fronto
1294 1756 1344 1795 p.
1370 1744 1478 1796 111),
1516 1743 1654 1784 acturi
1689 1742 1899 1785 Frontoni

173 1810 435 1852 videbantur
474 1808 712 1865 Capreolus
748 1816 791 1851 et
829 1810 1076 1852 Marcianus
1120 1818 1162 1852 et
1192 1809 1406 1852 Villianus
1447 1810 1503 1852 id.
1526 1825 1576 1864 p.
1607 1814 1684 1862 43,·
1720 1825 1806 1867 qua
1846 1811 1900 1852 de

173 1893 303 1920 causa
322 1877 381 1920 M.
403 1877 608 1920 Aurelius
630 1886 672 1920 et
692 1879 853 1920 Fronto
880 1879 925 1920 in
945 1880 1085 1920 vicem
1114 1877 1280 1921 litteras
1310 1879 1576 1934 scripserunt
1606 1879 1663 1921 ad
1682 1879 1748 1921 M.
1778 1879 1898 1922 Caes.

125 1980 138 1982 -
171 1950 210 1998 3,
247 1950 352 1990 2-6.
422 1936 700 2002 Quamquam
738 1946 901 1989 Fronto
939 1947 994 1988 de
1043 1961 1094 1988 ea
1134 1961 1266 1988 causa
1311 1948 1549 1988 orationem
1591 1948 1636 1989 in
1679 1946 1901 2003 publicum

173 2016 393 2069 emiserat,
436 2021 586 2070 postea
622 2015 822 2057 Herodes
864 2016 901 2057 ei
940 2014 1243 2058 reconciliatus
1281 2022 1346 2057 est
1374 2015 1539 2057 Fronto
1567 2015 1627 2057 ad
1657 2016 1722 2059 M.
1750 2015 1899 2058 Aurel.

175 2084 296 2127 Caes.
316 2087 355 2133 4,
378 2086 410 2126 2
431 2098 479 2138 p.
501 2086 566 2133 61,
599 2082 658 2124 ad
676 2083 849 2125 eundem
866 2084 966 2138 imp.
987 2087 1030 2134 2,
1056 2086 1085 2125 8
1105 2098 1153 2137 p.
1175 2087 1267 2134 111,
1293 2083 1351 2125 ad
1368 2085 1420 2125 L.
1456 2083 1605 2125 Verum
1624 2087 1668 2134 2,
1691 2087 1717 2126 9
1738 2099 1786 2138 p.
1804 2086 1898 2128 138.

178 2152 293 2195 Vnde
330 2152 422 2193 veri
457 2151 610 2193 similis
645 2155 705 2193 est
741 2153 983 2193 coniectura
1015 2151 1246 2194 Niebuhrii
1275 2152 1333 2193 ad
1360 2151 1572 2194 Herodem
1603 2152 1901 2194 consolandum

171 2221 390 2275 scripsisse
407 2219 667 2262 Frontonem
692 2220 916 2274 epistulam
930 2234 1142 2274 yraecam,
1165 2221 1284 2262 cuius
1303 2223 1449 2262 extant
1468 2221 1711 2274 fragmenta
1734 2235 1781 2274 p.
1798 2224 1898 2265 243.

259 2288 370 2331 Cum
399 2289 478 2331 Pio
510 2289 750 2344 imperante
777 2289 821 2329 in
853 2288 1083 2331 Graeciam
1113 2302 1313 2330 reversus
1343 2295 1477 2337 esset,
1510 2289 1760 2330 inimicitiae
1788 2289 1900 2330 inter

174 2372 269 2400 eum
307 2363 350 2398 et
384 2356 644 2409 Quinctilios
681 2363 799 2398 ortae
838 2363 938 2398 sunt
975 2357 1065 2398 vita
1092 2359 1164 2399 24.
1194 2359 1264 2406 25,
1303 2355 1411 2399 ὁπότ’
1444 2357 1569 2412 ἄμφω
1600 2361 1670 2412 τῆς
1701 2355 1899 2403 Ἑλλάδος

171 2426 361 2483 ἠρχέτην,
382 2425 540 2467 scilicet
559 2438 653 2467 cum
673 2424 771 2468 Sex.
798 2424 1028 2478 Quinctilio
1054 2424 1274 2467 Condiano
1295 2427 1334 2466 et
1355 2424 1454 2466 Sex.
1477 2424 1706 2477 Quinctilio
1731 2424 1899 2467 Valerio

175 2494 372 2537 Maximo
402 2493 636 2547 fratribus,
674 2507 850 2547 quorum
886 2493 955 2535 hic
991 2493 1152 2547 leyatus
1182 2493 1433 2547 provinciae
1461 2493 1657 2535 Achaiae
1685 2493 1771 2547 fuit
1800 2492 1899 2536 CIL

171 2563 252 2606 XI
257 2563 298 2605 V
307 2565 432 2616 2609,
465 2561 586 2604 illum
606 2562 902 2616 proconsulem
930 2563 1061 2615 fuisse
1082 2561 1326 2616 ponendum
1345 2564 1417 2604 est.
1459 2561 1802 2614 Atheniensium,
1823 2563 1898 2617 qui

173 2631 463 2673 dominatione
491 2630 680 2672 Herodis
710 2631 847 2686 pressi
878 2629 959 2671 sibi
990 2629 1260 2683 videbantur,
1292 2629 1594 2671 Demostratus
1626 2631 1898 2683 Praxagoras

172 2699 456 2742 Mamertinus
486 2697 647 2754 aliique
677 2698 823 2754 plures
853 2697 1090 2740 adversarii
1120 2697 1285 2738 Herodi
1317 2698 1553 2739 extiterunt
1584 2703 1626 2739 et
1655 2712 1752 2739 eum
1782 2697 1898 2753 apud

175 2765 476 2826 proconsulem
506 2772 830 2820 accusaverunt,
864 2781 963 2808 cum
983 2765 1099 2822 apud
1126 2765 1308 2807 eundem
1328 2765 1526 2807 Herodes
1555 2766 1601 2807 in
1631 2766 1773 2807 vicem
1802 2765 1898 2807 illos

174 2835 382 2893 populum
424 2835 470 2876 in
513 2849 559 2876 se
601 2836 839 2877 concitasse
882 2834 1171 2887 insimularet3
1223 2833 1463 2876 adversarii
1505 2840 1671 2888 autem,
1713 2848 1897 2889 quorum

174 2905 332 2961 primas
385 2909 531 2959 partes
583 2903 740 2960 agebat
782 2903 1106 2955 Demostratus,
1157 2901 1213 2944 ad
1255 2902 1559 2958 imperatorem
1603 2902 1800 2944 Marcum
1852 2903 1896 2943 in

172 2971 330 3029 oppido
360 2971 611 3013 Pannoniae
642 2971 799 3014 Sirmio
831 2972 888 3025 (a.
923 2971 1123 3024 170s171)
1155 2976 1355 3024 agentem
1393 2985 1439 3012 se
1478 2969 1773 3024 contulerunt,
1810 2984 1895 3026 quo

174 3040 372 3083 Herodes
402 3053 575 3081 causam
607 3039 803 3082 dicturus
835 3046 878 3081 et
908 3040 999 3096 ipse
1030 3039 1250 3095 profectus
1281 3045 1346 3081 est
1363 3039 1454 3080 vita
1471 3041 1634 3082 25-27,
1704 3038 1768 3080 At
1793 3038 1896 3080 haec

174 3108 372 3152 narratio
400 3107 657 3150 Philostrati
683 3108 855 3150 minime
886 3110 1090 3150 accurata
1120 3120 1206 3149 csse
1235 3110 1398 3162 potest,
1440 3107 1592 3161 quippe
1627 3107 1703 3160 qui
1737 3120 1805 3149 res
1833 3107 1898 3148 ita

172 3176 403 3226 rettulerit,
443 3176 569 3229 quasi
595 3176 846 3218 inimicitiae
872 3176 984 3218 inter
1012 3175 1223 3218 Herodem
1252 3178 1292 3217 et
1325 3175 1578 3228 Quinctilios
1602 3174 1895 3217 Athenienses-

173 3259 251 3300 que
270 3244 408 3299 paulo
431 3247 529 3286 ante
550 3258 590 3286 a.
612 3247 693 3286 170
717 3247 833 3287 ortae
854 3246 999 3286 essent.
1046 3244 1312 3297 Quamquam
1332 3244 1442 3286 enim
1463 3258 1547 3298 per
1565 3257 1608 3285 se
1627 3243 1739 3297 poni
1758 3246 1898 3297 potest

177 3312 443 3356 Condianum
472 3315 575 3366 post
608 3312 868 3354 consulatum
896 3311 1111 3353 Achaiam
1148 3312 1306 3354 rexisse
1345 3311 1418 3367 (cf.
1459 3325 1564 3364 quae
1603 3311 1806 3353 adnotavi
1841 3310 1899 3352 ad

174 3381 219 3423 A
257 3380 354 3435 934)
394 3384 435 3422 et
476 3380 717 3422 Maximum
758 3383 934 3434 propter
974 3379 1339 3429 necessitudinm,
1387 3379 1579 3432 quamvis
1622 3378 1894 3427 consularem,
