2202 3730
291 310 536 348 CLAVDIVS
1143 300 1226 343 382
1835 308 2082 346 CLAVDIVS

459 439 533 480 Ad
571 437 740 479 eundem
778 435 955 494 rettulit·
980 435 1284 489 Waddinyton,
1326 435 1415 478 Sur
1456 435 1499 478 la
1537 436 1602 478 vie
1641 435 1698 479 du
1736 437 1904 480 rheteur
1940 438 2090 482 Aelius

374 506 565 549 Aristide
586 505 829 560 (Me'moires
849 503 898 545 de
919 503 1123 545 l’Institut
1142 503 1230 545 XX
1244 503 1311 545 VI
1325 502 1466 558 (1867)
1480 519 1529 558 p.
1545 504 1648 559 211)
1663 505 1830 547 titulum
1844 506 2087 560 Ephesium,

376 589 493 629 quem
515 576 664 628 postea
685 587 734 614 ex
755 571 896 626 lapide
917 574 1114 613 accurate
1134 570 1265 613 edidit
1285 571 1432 622 Hieks,
1453 571 1637 614 Ancient
1653 572 1791 616 Greek
1809 574 2090 628 Inscriptions

375 644 462 685 III
482 656 524 685 n.
553 640 839 684 COGCXCI
852 654 900 693 p.
922 642 1013 690 156,
1045 640 1117 693 qui
1146 639 1327 681 eontinet
1353 640 1574 694 epistulam
1595 640 1672 683 Pii
1690 641 1835 684 datam
1857 655 1967 684 anno
1988 644 2091 693 145,-

374 712 436 753 ibi
456 711 713 752 memoratur
733 707 975 762 proconsul,
998 708 1116 749 euius
1135 721 1282 749 nomen
1304 706 1547 762 [Ἰο]υλιανός
1566 708 1850 764 Waddinqton
1872 710 1915 752 in
1936 709 2091 765 ectypis

373 779 457 821 sibi
478 778 621 832 leyisse
639 777 752 818 visus
772 779 844 826 est,
877 789 968 818 eum
989 774 1126 818 Hicks
1153 775 1275 817 hodie
1294 776 1458 830 quidem
1486 777 1533 818 in
1563 776 1704 831 lapide
1734 779 1897 820 tantum
1925 777 2091 820 litteras

375 880 384 889 .
403 879 411 888 .
430 879 439 888 .
459 879 468 888 .
486 849 615 892 λιανος
635 848 777 887 extare
799 845 999 899 affirmet.
1038 844 1189 897 Itaque
1209 845 1303 898 quis
1322 845 1455 898 fuerit
1468 844 1602 887 Asiae
1614 845 1846 899 proconsul
1866 859 1977 888 anno
2000 848 2089 896 145,

375 914 540 957 omnino
570 913 615 955 in
644 913 777 955 medio
811 911 1127 966 relinquendum
1164 926 1292 966 neque
1324 913 1463 955 minus
1500 912 1637 955 adhue
1671 926 1852 968 prorsus
1886 914 2092 956 incertum

375 985 445 1031 est,
477 982 674 1024 Iulianus
696 981 925 1035 proconsul
955 981 1008 1022 ab
1039 980 1231 1022 Aristide
1260 984 1515 1023 memoratus
1544 980 1615 1035 (ef.
1646 994 1777 1035 supra
1807 981 1849 1022 A
1872 984 1968 1037 859)
1998 981 2092 1036 quis

371 1050 538 1103 quando
567 1049 720 1091 Asiam
740 1049 1008 1103 provinciam
1039 1048 1279 1091 obtinuerit.

291 1119 372 1160 718
404 1118 685 1172 CL(AVDIVS)
717 1123 973 1169 IVLIANVS,
1017 1116 1182 1171 legatus
1213 1116 1325 1172 Aug.
1362 1131 1439 1173 pro
1480 1123 1678 1172 praetore
1711 1119 1990 1171 (Germaniae
2029 1119 2088 1160 in-

374 1185 558 1239 ferioris)
588 1201 699 1227 anno
734 1186 814 1228 160
844 1185 1024 1235 Dessau,
1057 1185 1360 1239 Inscriptiones
1383 1185 1676 1228 selectae2907
1702 1189 1730 1228 t.
1762 1186 2013 1229 Bonnensis.
2036 1211 2089 1216 —

374 1252 551 1295 Claudii
565 1253 731 1295 Iuliani
747 1254 899 1296 aetatis
909 1252 1223 1296 Antoninorum
1237 1254 1310 1307 qui
1328 1257 1613 1296 memorantur
1628 1257 1831 1308 quatenus
1851 1254 2094 1310 seiumyendi

375 1337 431 1363 an
460 1322 731 1376 componendi
758 1322 855 1372 sint,
883 1322 1083 1375 quoniam
1103 1321 1152 1364 de
1181 1322 1236 1364 iis
1256 1336 1430 1375 quorum
1451 1323 1736 1376 praenomina
1766 1326 1957 1366 tacentur
1986 1326 2093 1367 certe

372 1390 493 1432 nulla
521 1391 687 1432 ratione
716 1393 899 1432 statuere
930 1390 1034 1444 lieet,
1066 1389 1253 1444 sinyulos
1281 1391 1466 1445 seorsim,
1498 1405 1550 1433 ne
1576 1391 1698 1433 vanis
1726 1391 1926 1434 vilibusve
1955 1391 2091 1434 indul-

372 1461 523 1512 ¹aeuitur
550 1459 809 1511 coniecturis,
840 1458 917 1501 hoe
947 1458 1035 1501 loeo
1060 1457 1216 1510 afferre
1237 1473 1327 1513 par
1355 1458 1461 1500 mihi
1487 1459 1621 1501 visum
1651 1462 1723 1502 est.

291 1526 372 1568 719
403 1527 686 1581 CL(AVD1vs)
723 1532 958 1568 IVLIANVS
996 1526 1069 1580 qui·
1106 1529 1145 1568 et
1182 1532 1509 1569 NAVCELLIVS.
1569 1528 1625 1570 Iu
1663 1526 1800 1570 indice
1829 1526 1856 1570 l.
1885 1527 1919 1570 I
1940 1528 2093 1582 epistu-

375 1595 513 1636 larum
543 1594 776 1637 Frontonis
807 1594 865 1636 ad
893 1594 1049 1636 amieos
1070 1609 1118 1648 p.
1140 1598 1226 1638 172
1255 1595 1315 1639 ed.
1340 1595 1488 1638 Naber
1516 1596 1721 1650 seriptum
1752 1598 1812 1638 est
1837 1595 2091 1640 CLIuliano
2157 1632 2160 1635 .

375 1663 432 1705 ad
461 1663 578 1717 epist.
607 1666 646 1713 5,
678 1666 744 1713 17,
775 1665 852 1714 18,-
890 1663 946 1704 mi
988 1662 1185 1704 Naucelli
1216 1662 1382 1705 Fronto
1411 1667 1450 1714 1,
1480 1666 1507 1706 5
1528 1678 1576 1718 p.
1600 1667 1686 1705 177
1711 1667 1751 1706 et
1778 1667 1817 1715 1,
1850 1666 1908 1706 18
1929 1678 1978 1718 p.
1998 1665 2090 1707 186.

373 1731 457 1774 Sed
474 1731 545 1773 vix
565 1731 737 1773 Iuliano
757 1745 898 1773 verum
919 1745 1140 1785 coynomen
1160 1730 1409 1773 Naucellius
1433 1731 1530 1785 fuit,
1552 1732 1626 1774 sed
1646 1746 1848 1786 aynomen
1868 1732 2088 1787 quoddam,

373 1802 421 1841 ut
442 1799 573 1853 plane
603 1799 745 1841 eadem
773 1799 940 1841 ratione
968 1799 1062 1842 Seoe.
1093 1798 1333 1841 Cornelium
1356 1800 1649 1854 Repentinum,
1672 1801 1940 1854 praefectum
1962 1793 2093 1855 prae-

374 1868 481 1909 torio
518 1867 569 1922 (v.
601 1868 722 1921 infra
761 1867 836 1909 sub
875 1866 1111 1922 Corneliis),
1148 1867 1312 1910 Fronto
1352 1867 1411 1910 ad
1448 1868 1570 1913 amic.
1600 1871 1642 1923 2,
1670 1872 1697 1911 4
1727 1868 1915 1923 appellat
1947 1868 2121 1923 ‘frater'

375 1935 614 1977 Contucci’.

459 2003 651 2046 Iulianus
682 2004 948 2060 provinciam
972 1996 1078 2046 'cum
1109 2004 1303 2046 exercitu
1324 2003 1438 2045 rexit
1457 2002 1621 2046 Fronto
1643 2005 1760 2058 epist.
1783 2003 1841 2047 ad
1860 2004 1981 2047 amic.
1997 2007 2036 2055 1,
2051 2006 2092 2055 5,

375 2072 455 2114 sub
486 2072 633 2114 Marco
665 2078 707 2114 et
736 2073 851 2114 Vero
882 2072 940 2114 id.
969 2075 1008 2123 1,
1034 2075 1089 2114 18
1110 2086 1157 2126 p.
1180 2074 1260 2114 186
1289 2084 1324 2114 v.
1347 2074 1386 2114 7.

291 2140 372 2183 720
404 2147 648 2182 CLAVDIVS
677 2147 925 2194 1VL1ANVS,
953 2140 1102 2183 consul
1123 2140 1316 2196 Pupieno
1340 2146 1382 2182 et
1401 2139 1584 2182 Balbino
1605 2138 1815 2194 Augustis
1837 2140 1967 2194 (anno
1990 2141 2092 2195 238)

373 2209 419 2250 in
448 2209 630 2263 epistula
658 2210 760 2263 fieta
788 2209 860 2253 vit.
893 2209 1085 2251 Maximi
1113 2211 1152 2251 et
1180 2208 1362 2250 Balbini
1391 2211 1456 2258 17,
1483 2211 1525 2251 2.

291 2276 366 2318 721
404 2275 612 2319 Claudius
642 2276 856 2331 Iulianus,
898 2276 1025 2333 paulo
1066 2283 1166 2319 ante
1206 2277 1437 2332 imperium
1465 2275 1631 2319 Vitellii
1668 2276 1913 2332 praefectus
1943 2275 2093 2318 classis

375 2343 652 2399 Misenensis3
689 2345 743 2387 ab
775 2346 1036 2402 imperatore
1058 2344 1232 2388 Vitellio
1264 2346 1308 2386 in
1330 2345 1609 2401 Campaniam
1639 2345 1805 2399 missus,
1839 2351 1885 2387 ut
1914 2344 2092 2387 classem

377 2419 600 2455 nutantem
641 2415 865 2468 retineret,
907 2416 951 2456 in
982 2414 1240 2470 Vespasiani
1276 2420 1420 2470 partes
1456 2420 1749 2469 transgressus
1780 2429 1806 2455 a
1834 2413 1885 2455 L.
1916 2412 2092 2456 Vitellio

376 2489 526 2536 captus
567 2488 608 2523 et
648 2481 868 2536 iugulatus
910 2489 974 2524 est
1009 2483 1107 2524 Tae.
1139 2482 1179 2524 h.
1209 2486 1249 2533 3,
1279 2485 1344 2525 57.
1379 2485 1444 2524 76.
1474 2485 1540 2524 77.
1578 2507 1628 2511 -
1665 2481 1811 2524 Potest
1854 2481 1964 2524 idem
2007 2495 2093 2525 esse

374 2549 568 2591 Iulianus
609 2565 763 2592 curans
803 2550 1105 2605 gladiatorium
1152 2565 1308 2593 munus
1347 2550 1532 2592 Neronis
1577 2550 1784 2606 principis
1823 2547 1939 2592 Plin.
1979 2564 2021 2592 n.
2051 2548 2092 2593 h.

376 2620 444 2667 37,
476 2621 539 2662 45.
1829 2626 1833 2630 ⁴

294 2683 374 2726 722
407 2684 613 2728 Claudius
659 2686 875 2742 Iulianus,
922 2687 1165 2743 praefectus
1208 2702 1426 2742 annonae,
1473 2688 1543 2729 cui
1582 2686 1833 2729 Hadrianus
1874 2686 2094 2742 rescripsit

381 2751 592 2806 leianus
619 2755 843 2809 fragment.
876 2756 1068 2800 Vatican.
1089 2759 1185 2800 235.

293 2819 373 2862 723
404 2820 647 2876 Ol(audius)
673 2823 878 2877 Iulianus,
911 2824 1244 2880 perfectissimus
1265 2824 1345 2879 vir,
1376 2823 1618 2880 praefectus
1648 2837 1846 2865 annonae
1873 2837 1985 2865 anno
2007 2822 2083 2864 201

379 2889 577 2932 V11603.
617 2891 735 2933 Idem
764 2896 1021 2934 memoratur
1050 2892 1115 2935 Ol.
1137 2892 1331 2935 Iulianus
1362 2892 1603 2948 praefectus
1634 2906 1828 2934 annonae
1858 2891 1904 2933 in
1934 2893 1960 2934 t.
1984 2890 2090 2933 Por-

379 2959 514 2999 tuensi
534 2957 599 3001 CI
600 2959 640 3001 G
659 2962 767 3001 5973
787 2980 841 2995 =
862 2961 895 3002 I
897 2961 972 3003 GI
985 2965 1065 3003 917
1086 2961 1238 3004 Severo
1259 2964 1298 3003 et
1316 2960 1533 3003 Antonino
1560 2961 1676 3002 eirea
1705 2975 1744 3002 a.
1766 2963 1858 3003 202
1887 2958 2091 3001 dedicato.

294 3025 375 3067 724
404 3032 510 3067 APP.
543 3033 783 3069 oLAvmvs
814 3029 1063 3082 1[VL1ANVS
1075 3029 1125 3084 ἦ,
1158 3029 1304 3071 consul
1336 3028 1535 3080 suffectus
1564 3042 1675 3070 auno
1705 3029 1863 3070 incerto
1893 3026 2092 3082 (fortasse

378 3093 494 3135 intra
526 3109 565 3135 a.
587 3098 667 3135 138
699 3098 737 3137 et
766 3099 859 3151 146)
892 3097 992 3150 dipl.
1024 3097 1111 3139 mil.
1143 3098 1231 3140 III
1253 3097 1300 3141 S.
1323 3112 1371 3152 p.
1392 3099 1512 3141 1983.

293 3161 374 3202 725
406 3168 577 3203 APPIVs
610 3169 854 3205 CLAVDIVS
887 3171 1143 3219 IVLIANVS,
1187 3165 1336 3207 consul
1367 3166 1411 3207 II
1448 3179 1559 3207 anno
1590 3165 1674 3207 224
1713 3178 1810 3206 cum
1839 3163 1887 3206 C.
1919 3163 2090 3205 Bruttio

380 3228 589 3284 Crispino,
635 3230 693 3272 In
713 3231 950 3273 consulatu:
972 3233 1142 3289 Appius
1164 3233 1372 3276 Claudius
1392 3232 1584 3275 Iulianus
1605 3233 1685 3275 XI
1695 3235 1825 3282 2702,
1856 3230 1981 3274 XIV
1991 3233 2090 3280 125,

379 3296 584 3339 Claudius
621 3297 811 3340 Iulianus
856 3299 922 3341 VI
943 3303 1068 3343 3023.
1099 3304 1222 3352 3070,
1253 3301 1364 3344 IGI
1384 3304 1502 3344 2090
1532 3321 1587 3335 =
1618 3299 1726 3343 C'IG
1756 3302 1876 3349 6707,
1912 3301 2090 3341 ceterum

377 3363 568 3409 Iulianus
597 3366 716 3419 fasti.
