2202 3730
267 294 487 331 CLAVDIA
1119 282 1202 323 408
1846 284 2064 319 CLAVDIA

345 424 527 478 scripsit,
558 420 767 474 refellitur
787 417 1034 460 testimoniis
1054 430 1187 470 supra
1206 415 1249 457 A
1268 419 1353 459 ,259
1383 415 1573 458 conlatis.
1615 414 1729 457 Vnde
1760 417 1938 468 apparet
1966 413 2063 455 huic

346 491 529 534 Aemilio
558 489 691 530 solum
720 488 766 529 in
796 486 882 527 ind.
916 486 940 527 l.
970 487 1023 527 55
1053 484 1211 526 Dionis
1233 497 1492 537 praenomen
1527 483 1664 533 Ducii,
1696 485 1875 524 ceterum
1903 494 2063 535 semer

347 558 495 601 Paulli
532 556 713 598 inditum
752 567 849 596 esse.
902 553 987 597 Sed
1014 554 1099 595 sive
1129 553 1287 595 erravit
1316 555 1463 594 auctor
1492 551 1645 593 indicis
1673 551 1757 592 sive
1785 550 1853 591 hic
1877 549 2063 603 Lepidus

341 628 532 681 primum
560 639 607 665 re
631 638 730 665 vera
752 623 911 664 Dacius
933 621 1068 663 dictus
1089 623 1242 675 postea
1269 620 1402 662 solum
1422 633 1683 674 praenomen
1704 618 1854 660 Paulli
1882 617 2060 671 demovit,

346 694 488 736 debuit
519 692 692 741 libertis,
724 690 872 743 quibus
904 702 1166 742 praenomen
1194 687 1335 730 nobile
1368 701 1453 729 non
1492 687 1769 735 conveniebat,
1803 698 2062 739 praenomen

349 761 467 804 aliud
482 762 528 802 in
545 762 665 814 qente
685 772 764 800 sua
783 759 987 799 usitatum
1009 757 1204 806 tribuere,
1225 759 1272 797 ut
1293 756 1531 798 tribuerunt
1540 754 1678 797 Iullus
1688 753 1913 803 Antonius,
1930 753 2062 807 Appii

344 828 528 882 Claudii,
563 826 681 870 Cossi
699 825 872 868 Lentuli
901 825 1061 867 libertis
1091 825 1190 866 suis.
1234 823 1381 877 Iteque
1408 825 1454 866 in
1477 838 1523 865 re
1549 822 1679 864 dubia
1697 823 1786 864 veri
1803 821 2061 863 simillimum

342 897 505 939 videtur
535 894 734 936 Paullum
758 893 967 947 Lepidum
986 895 1089 947 post
1115 891 1336 934 Corneliae
1364 895 1550 940 mortem,
1582 891 1770 944 quamvis
1800 891 1937 931 aetate
1956 902 2060 942 pro-

341 967 500 1006 vectum
526 961 784 1004 Marcellam
814 965 854 1003 et
880 962 1083 1003 minorem
1106 960 1272 1014 quidem
1300 961 1347 1003 in
1374 960 1689 1001 matrimonium
1719 958 1897 1000 duxisse.
1945 955 2060 998 Nam

344 1032 393 1074 de
423 1032 489 1075 M.
511 1030 697 1073 Aemilio
721 1029 883 1084 Lepido
913 1042 993 1071 cos.
1021 1043 1060 1071 a.
1092 1032 1118 1071 6
1138 1043 1186 1083 p.
1216 1028 1276 1079 C.‚
1309 1029 1378 1070 cui
1403 1041 1609 1081 nusquam
1632 1026 1781 1068 Paulli
1801 1037 2060 1080 praenomen

340 1112 608 1154 coqnomenve
638 1099 852 1152 tribuitur,
892 1111 944 1140 ne
974 1100 1152 1151 propter
1192 1100 1421 1151 temporum
1459 1095 1623 1149 quidem
1661 1096 1847 1137 rationes
1877 1093 2060 1146 coqitare

343 1168 448 1211 licet.
479 1192 536 1196 —
567 1167 781 1209 Minorem
822 1169 960 1208 autem
998 1165 1255 1207 Marcellam
1291 1164 1442 1207 Paulli
1477 1177 1650 1206 uxorem
1688 1163 1818 1217 fuisse
1855 1175 1905 1203 ex
1938 1160 2059 1202 titulo

342 1237 430 1278 eius
460 1236 533 1289 qui
570 1237 879 1277 monumentum
911 1233 1147 1277 Marcellae
1178 1233 1385 1275 dedicavit
1416 1233 1506 1274 veri
1538 1231 1675 1274 simile
1703 1230 1800 1285 fieri
1829 1228 2060 1271 observavit

340 1303 563 1346 Bormann
604 1303 720 1357 apud
755 1303 1062 1344 Mommsenum
1103 1301 1128 1343 l.
1171 1301 1222 1344 l.:
1266 1300 1315 1345 C.
1358 1300 1567 1344 Claudius
1605 1297 1836 1341 Marcellae
1879 1297 2058 1338 minoris

341 1372 558 1426 l(ibertus)
590 1371 742 1414 Phasis
774 1371 948 1413 decurio
981 1377 1306 1412 monumontum
1336 1369 1554 1411 dedicavit
1582 1374 1624 1410 et
1653 1367 1853 1409 decuriae
1884 1363 2058 1421 epulum

342 1440 462 1483 dedit
482 1444 554 1483 etc.
613 1440 726 1482 Vnus
755 1439 861 1481 mihi
886 1442 1019 1481 restat
1046 1438 1281 1492 scrupulus,
1312 1437 1423 1491 quod
1440 1437 1595 1478 mirum
1619 1435 1794 1485 videtur,
1825 1447 1931 1487 quac
1962 1436 2059 1474 tunc

342 1511 459 1550 aetas
489 1521 574 1550 esse
602 1507 764 1549 solebat
791 1507 1002 1561 virginum
1031 1506 1275 1547 nubentium
1304 1505 1376 1560 (ef.
1399 1503 1703 1554 Friedlander,
1728 1500 2060 1554 Darstellunqen

347 1589 425 1618 aus
447 1576 520 1618 der
534 1574 900 1630 Sittenqeschiclite
914 1574 968 1616 1⁶
983 1588 1030 1628 p.
1047 1573 1155 1627 565),
1177 1573 1393 1615 mulierem
1413 1573 1695 1614 clarissimam
1716 1570 1860 1612 domus
1878 1570 2058 1623 impera-

340 1644 476 1686 toriae
513 1644 665 1698 viqinti
696 1646 779 1686 tres
808 1643 896 1696 fere
934 1656 1068 1684 annos
1100 1645 1248 1684 natam
1276 1642 1466 1696 primum
1500 1642 1546 1683 in
1583 1638 1899 1682 matrimonium
1936 1637 2059 1680 collo-

344 1715 485 1754 catam
504 1725 602 1754 esse.
642 1711 847 1753 Fortasse
868 1711 1000 1765 iqitur
1024 1710 1226 1751 maritum
1245 1710 1334 1751 iam
1359 1709 1491 1752 alium
1511 1711 1683 1763 experta
1708 1710 1748 1749 et
1765 1707 1862 1761 ipsa
1880 1706 2060 1748 iteratas

338 1781 511 1835 nuptias
540 1793 632 1822 cum
662 1778 819 1821 Paullo
847 1779 960 1832 fecit.

275 1882 277 1884 ψ
425 1847 681 1891 Marcellam
702 1848 787 1888 viri
806 1847 918 1889 docti
944 1847 1022 1888 alii
1050 1847 1253 1889 maiorem
1284 1846 1363 1889 alii
1390 1847 1592 1889 minorem
1621 1844 1776 1887 dudum
1806 1843 2060 1896 colleyerimt

338 1917 528 1971 nupsisse
569 1915 635 1957 M.
677 1915 846 1957 Valerio
877 1915 1108 1957 Messallae
1136 1914 1332 1957 Barbato
1372 1928 1451 1957 cos.
1485 1929 1524 1956 a.
1557 1917 1640 1957 742
1668 1934 1723 1948 Ξ
1753 1915 1811 1956 12
1841 1927 1881 1954 a.
1908 1911 1954 1954 C.
1985 1912 2061 1965 qui

337 1984 384 2026 in
413 1983 633 2026 consulatu
661 1986 849 2025 mortuus
880 1986 941 2025 est
973 1983 1097 2038 (fasti
1123 1982 1386 2039 Capitolini),
1422 1982 1533 2036 quod
1562 1982 1788 2026 Suetonius
1809 1979 1970 2023 Claud.
2000 1982 2058 2023 26
2146 1986 2152 1992 ‘

337 2052 500 2094 rettulit
539 2051 769 2094 Claudium
809 2051 985 2093 duxisse
1025 2050 1246 2093 Valeriam
1285 2051 1563 2093 Messalinam
1608 2049 1791 2092 Barbati
1831 2046 2057 2090 Messallae

340 2120 584 2161 consobrini
616 2121 682 2161 sui
712 2119 857 2163 filiam.
917 2119 1056 2173 Atque
1092 2122 1237 2161 extant
1276 2119 1391 2161 tituli
1417 2133 1630 2162 servorum
1660 2118 1983 2170 libertorumque
2011 2116 2058 2157 in

337 2191 601 2230 monumento
631 2187 866 2230 Marcellae
897 2191 936 2230 et
966 2187 1031 2231 M.
1060 2186 1222 2230 Valerii
1250 2187 1481 2230 Messallae
1511 2191 1550 2230 et
1581 2187 1775 2230 Valeriae
1797 2184 2059 2228 Messalinae

344 2256 413 2299 VI
426 2271 475 2310 p.
502 2259 598 2306 909,
640 2255 750 2298 unde
781 2255 1090 2298 demonstratur
1119 2256 1355 2298 Marcellas
1384 2257 1627 2298 coniunctas
1655 2256 1786 2309 fuisse
1817 2268 1908 2297 cum
1939 2252 2057 2295 domo

345 2324 507 2367 Valerii
545 2323 790 2366 Messallae.
850 2324 1001 2378 Itaque
1038 2325 1129 2366 veri
1163 2324 1299 2366 simile
1339 2327 1399 2366 est
1435 2325 1638 2366 minorem
1669 2322 1925 2366 Marcellam
1956 2323 2059 2375 post

338 2392 487 2435 Paulli
523 2396 698 2435 mortem
735 2393 925 2447 nupsisse
966 2393 1032 2435 M.
1074 2392 1242 2435 Valerio
1286 2393 1518 2435 Messallae
1556 2393 1775 2443 Barbato,
1809 2390 1935 2445 patri
1973 2389 2059 2445 tilii

336 2461 604 2515 coqnominis,
633 2475 709 2503 avo
743 2460 938 2503 Valeriae
970 2461 1231 2503 Messalinae
1255 2462 1402 2504 uxoris
1423 2460 1609 2505 Claudii.

253 2529 334 2571 867
368 2535 588 2571 CLAVDIA
603 2535 948 2571 MARCELLINA.
971 2529 1104 2572 Tituli
1122 2529 1390 2572 Veronenses:
1405 2531 1502 2584 ipsa
1507 2530 1654 2584 posuit
1667 2530 1822 2571 marito
1834 2527 1987 2570 V3336
1995 2522 2056 2582 (1)

340 2600 436 2638 ante
467 2597 732 2650 adoptionem
762 2598 861 2648 eius,
892 2611 1033 2639 socero
1065 2597 1228 2640 V3337
1245 2597 1321 2653 (2),
1354 2599 1393 2640 ei
1421 2597 1638 2640 dedicatus
1665 2600 1724 2639 est
1750 2598 1858 2639 3338
1883 2594 1955 2650 (3).

422 2665 490 2707 Ti.
521 2665 609 2707 filia
638 2669 665 2707 t.
696 2670 734 2708 1.
763 2669 806 2708 2.
838 2669 878 2716 3,
911 2681 1023 2708 uxor
1055 2666 1135 2720 [Ti.
1159 2666 1344 2721 Claudii]
1377 2666 1526 2722 Alpini
1557 2670 1586 2708 t.
1612 2670 1650 2716 1,
1683 2666 1756 2721 qui
1786 2671 1935 2721 postea
1964 2663 2053 2718 (L.)

337 2732 540 2775 Bellicius
574 2733 731 2775 Sollers
764 2737 792 2775 t.
822 2737 849 2775 3
879 2734 986 2789 (vide
1015 2748 1148 2788 supra
1175 2734 1220 2776 B
1246 2734 1327 2785 85),
1359 2750 1494 2777 nurus
1525 2735 1591 2777 Ti.
1615 2733 1786 2777 Claudii
1807 2732 2051 2786 Augustani

338 2804 366 2843 t.
388 2805 431 2845 2.
454 2825 506 2830 —
537 2801 703 2843 Eadem
733 2801 917 2844 Claudia
944 2801 1199 2844 Marcellina
1227 2803 1273 2845 in
1304 2802 1453 2857 tequlis
1479 2803 1659 2845 urbanis
1676 2801 1725 2844 X
1733 2801 1775 2844 V
1786 2803 1866 2843 934
1895 2815 1932 2843 a.
1956 2801 2050 2854 123,

335 2870 417 2910 935
447 2883 484 2910 a.
510 2869 603 2923 125,
635 2871 716 2910 936
744 2884 782 2911 a.
807 2871 898 2912 126.

251 2936 333 2978 868
365 2942 583 2977 CLAVDIA
613 2943 882 2992 MARCIOLA,
924 2953 1036 2980 uxor
1075 2938 1142 2980 Ti.
1175 2938 1346 2982 Claudii
1387 2938 1570 2993 Paulini,
1613 2944 1749 2980 mater
1778 2938 1845 2979 Ti.
1883 2936 2054 2980 Claudii

335 3004 531 3046 Flaviani
561 3008 818 3046 memoratur
845 3006 892 3047 in
923 3009 950 3047 t.
978 3005 1219 3060 Cibyratico
1248 3006 1332 3061 filii
1361 3005 1428 3049 CI
1429 3006 1469 3049 G
1493 3006 1669 3048 438οὂ2
1701 3005 1798 3048 add.
1820 3025 1875 3040 =
1896 3005 2054 3047 Lebas-

342 3071 627 3126 Waddinqton
656 3076 777 3115 1216.

250 3138 333 3180 869
364 3145 584 3181 CLAVDIA
624 3146 787 3181 MARIA
826 3148 1031 3183 MAXIMA
1070 3148 1266 3183 MARTIA
1308 3147 1562 3196 SECVNDA,
1606 3141 1842 3183 clarissima
1879 3140 2051 3195 femina,

337 3221 448 3248 uxor
477 3208 525 3249 P.
557 3206 665 3249 Attii
692 3208 898 3250 Pudentis
929 3210 1075 3252 Rufini
1107 3209 1295 3252 Celsiani
1327 3211 1395 3253 VI
1416 3213 1535 3253 1379.

251 3274 334 3316 870
365 3273 548 3316 Claudia
588 3275 829 3329 Nerviana,
873 3292 983 3318 uxor
1018 3278 1068 3320 T.
1099 3278 1257 3319 Licinii
1296 3278 1575 3332 Hierocletis3
1617 3278 1775 3320 Licinii
1814 3278 2050 3333 Hierocles,

337 3342 559 3384 Hieroclia
596 3343 779 3385 Paulina
818 3351 860 3386 et
899 3345 1015 3387 Axia
1054 3345 1131 3387 filii
1173 3361 1321 3389 eorum
1363 3350 1389 3388 t.
1422 3346 1725 3389 Mauretaniae
1766 3346 2053 3390 Caesariensis
