2202 3730
274 292 657 327 AVRVNGVLEIVS
1135 283 1219 325 220
1764 290 2076 327 AVSTVRNIVS

358 434 565 476 rcynasse,
605 419 847 463 Gallienum
877 422 1015 462 autem
1047 420 1319 474 oppuynandi
1347 420 1540 462 Postumi
1567 421 1706 463 studio
1727 435 1880 475 pacem
1911 435 2003 463 eusm
2033 436 2078 465 eo

361 489 636 543 composuisse
681 489 848 530 omnino
883 502 1111 542 perperam
1157 492 1334 531 enarrat
1378 492 1526 531 auctor
1568 490 1680 531 vitae
1719 488 1910 532 Gallieni
1945 491 1989 540 2,
2029 493 2078 541 6;

358 562 396 608 3,
419 562 456 599 1.
477 561 526 607 4;
555 560 594 607 4,
617 560 642 598 6
673 557 726 610 cf.
747 557 819 598 vit.
844 557 940 611 triy.
964 559 1044 610 tyr.
1065 559 1131 607 11,
1153 559 1191 598 3.
1238 556 1359 599 Bello
1380 572 1407 599 a
1427 556 1624 600 Gallieno
1655 563 1804 599 contra
1826 558 2077 600 Postumum

358 632 477 681 gesto
508 624 723 679 interfuit,
766 624 842 666 sed
880 626 934 667 ab
965 625 1222 680 imperatore
1253 625 1509 667 Postumum
1538 626 1740 681 persequi
1770 626 1912 667 iussus
1942 624 2079 668 noluit

359 694 556 737 Zonaras
588 707 634 747 p.
665 695 746 734 144
790 692 844 745 cf.
883 693 954 734 vit.
995 691 1179 735 Gallien.
1223 696 1259 742 7,
1301 696 1350 734 1.·
1391 692 1609 735 Aureolus
1651 707 1749 735 cum
1787 707 1866 749 per
1904 693 2078 735 Raetias

357 760 600 816 legionibus
626 766 854 816 praeesset,
886 767 1055 816 sumpto
1077 761 1256 816 imperio
1278 761 1456 803 Romam
1478 760 1765 803 contendebat
1789 761 1930 803 Victor
1957 760 2076 805 Caes.

357 833 422 880 33,
444 832 501 871 17
506 842 519 879 ;
538 828 693 870 rectius
711 831 759 870 ut
777 828 941 870 videtur
961 829 1156 871 Zosimus
1175 832 1213 879 1,
1234 832 1287 871 40
1311 827 1379 880 (ex
1399 829 1537 872 eodem
1557 830 1672 883 fonte
1698 830 1861 871 brevius
1881 829 2078 871 Zonaras

360 901 428 947 12,
458 898 514 940 25
542 895 654 950 init.)
687 896 921 953 ἀγγέλλεται
954 897 1164 955 Γαλλιηνῷ
1192 903 1249 955 τῷ
1280 898 1376 954 πρὸς
1406 898 1563 944 Σκύθας
1591 899 1884 954 ἐγκαρτεροῦντι
1914 898 2078 954 πολέμῳ

358 967 422 1008 τὸν
462 970 533 1020 τῆς
567 966 686 1007 ἵππου
727 967 856 1021 πάσης
884 965 1104 1021 ἡγούμενον
1136 963 1327 1022 Αὔρίολον
1359 967 1399 1008 ἐν
1431 965 1669 1023 Μεδιολάνῳ
1699 973 1747 1021 τῇ
1778 965 1891 1008 πόλει
1918 967 1988 1022 τὴν
2016 967 2079 1008 ἐπὶ

359 1035 427 1089 τὴν
460 1033 627 1075 Ἰταλίαν
659 1034 830 1089 πάροδον
862 1032 1092 1089 Ποστούμου
1123 1033 1357 1090 τεταγμένον
1393 1036 1706 1091 παραφυλάττειν
1737 1036 1790 1081 εἰς
1827 1036 1872 1076 τὸ
1905 1034 2080 1090 νεωτερί·

362 1106 438 1150 ζειν
471 1102 692 1157 τετράφθαι
719 1104 802 1144 κτλ.
847 1100 1072 1143 Gallienus
1101 1101 1250 1143 audita
1279 1101 1513 1144 rebellione
1547 1117 1598 1143 ex
1629 1101 1804 1158 Illyrico
1835 1103 1879 1143 in
1909 1101 2077 1144 Italiam

360 1170 578 1226 profectus
599 1168 840 1211 Aureolum
863 1169 979 1225 apud
1002 1176 1188 1225 pontem,
1221 1170 1289 1211 cui
1322 1184 1376 1211 ex
1407 1184 1456 1211 eo
1486 1184 1643 1212 nomen
1670 1169 1848 1212 Aureoli
1879 1177 1954 1225 est,
1987 1171 2079 1212 acie

359 1239 475 1292 vicit,
505 1238 671 1280 victum
700 1236 995 1279 Mediolanum
1025 1239 1167 1292 coegit
1197 1237 1449 1293 obseditque
1481 1237 1622 1280 Victor
1648 1238 1766 1283 Caes,
1786 1241 1852 1289 33,
1873 1241 1940 1289 18,
1970 1239 2078 1294 Epi-

360 1310 465 1349 tome
493 1309 559 1356 33,
589 1309 616 1348 3
657 1306 711 1360 cf.
743 1306 959 1348 Zosimum
999 1309 1038 1348 et
1073 1306 1292 1348 Zonaram
1323 1306 1348 1348 l.
1382 1306 1407 1348 l.
1448 1303 1577 1360 (falso
1617 1309 1665 1348 ut
1697 1306 1802 1348 solet
1831 1310 1979 1349 auctor
2005 1308 2077 1351 vit.

359 1375 453 1429 tri9.
486 1378 565 1428 tyr.
595 1377 661 1424 11,
691 1377 718 1416 4
757 1388 850 1416 eam
880 1388 1073 1428 puynam
1110 1373 1294 1417 Claudio
1335 1375 1513 1430 tribuit).
1583 1374 1808 1417 Fabellam
1850 1374 2079 1417 absurdam

360 1442 409 1485 de
438 1446 664 1485 commento
693 1442 884 1493 Aureoli,
915 1456 994 1496 quo
1024 1441 1246 1485 Gallienus
1267 1443 1442 1496 periret,
1471 1442 1635 1485 rettulit
1664 1442 1805 1485 Victor
1822 1446 1888 1494 33,
1910 1446 1992 1494 20;
2022 1442 2080 1485 ad

360 1511 532 1553 eandem
572 1511 718 1553 allusit
755 1511 952 1565 Epitome
980 1513 1045 1561 33,
1076 1514 1115 1553 3.
1176 1512 1410 1567 Postquam
1451 1510 1647 1554 Gallieno
1688 1511 1827 1553 occiso
1868 1510 2078 1554 Claudius

361 1580 594 1634 imperator
623 1586 896 1636 nuncupatus
929 1586 1013 1630 est,
1044 1578 1259 1622 Aureolus
1291 1578 1474 1622 Claudio
1506 1593 1551 1620 se
1577 1579 1763 1634 dedidit,
1804 1579 1880 1621 sed
1911 1581 2078 1622 occisus

361 1653 425 1689 est
456 1653 512 1702 (a.
538 1647 638 1702 268)
669 1648 866 1702 Epitome
893 1651 958 1698 34,
990 1651 1033 1698 2,
1066 1648 1260 1690 Zosimus
1288 1651 1326 1697 1,
1357 1651 1422 1698 41,
1455 1648 1653 1690 Zonaras
1680 1650 1750 1698 12,
1780 1650 1839 1691 26
1868 1649 1974 1699 init„
2005 1649 2078 1692 vit.

365 1715 544 1758 Claudii
568 1719 606 1760 5.
676 1716 889 1757 Diversae
926 1715 1195 1758 diversorum
1237 1717 1505 1758 narrationes
1545 1716 1599 1758 de
1638 1715 1818 1758 Aureoli
1862 1731 1967 1758 nece
2004 1718 2076 1759 vit.

359 1783 590 1826 Aureliani
616 1787 681 1834 16,
713 1787 811 1828 1-3.
852 1807 905 1814 -
947 1783 1161 1827 Aureolus
1196 1799 1220 1825 a
1251 1783 1376 1826 Gallo
1415 1783 1646 1840 Antipatro
1687 1799 1832 1826 rerum
1871 1785 2078 1841 scriptore

359 1852 559 1894 laudatus
581 1853 652 1894 vit.
683 1852 861 1895 Claudii
877 1856 915 1903 5,
935 1857 975 1895 4.
1000 1877 1049 1882 -
1070 1853 1338 1895 Memoratur
1357 1853 1428 1894 vit.
1458 1851 1650 1895 Gallieni
1667 1854 1705 1903 5,
1726 1855 1753 1894 6
1764 1865 1777 1904 ;
1807 1856 1845 1903 9,
1867 1856 1918 1904 1;
1945 1857 2015 1904 21,
2035 1856 2075 1904 5,

360 1921 455 1975 triy.
478 1924 557 1975 tyr.
578 1924 648 1972 12,
668 1924 724 1972 2,·
743 1924 809 1971 14,
831 1924 880 1972 1;
908 1923 973 1971 18,
995 1924 1034 1962 1.
1055 1924 1105 1972 3,·
1135 1924 1202 1971 30,
1225 1923 1294 1970 23,
1327 1919 1504 1963 Claudii
1522 1924 1560 1970 4,
1581 1924 1621 1971 4,
1642 1920 1858 1963 Ammian.
1881 1921 2077 1964 Marcell.

359 1993 429 2039 21,
452 1992 514 2039 16,
537 1992 603 2039 10,
637 1989 793 2033 Zosim.
819 1992 858 2039 1,
879 1991 946 2032 38.

451 2057 614 2099 Titulus
657 2058 745 2099 eius
786 2071 961 2112 yraecus
1004 2057 1254 2111 sepulcralis
1297 2058 1370 2111 qui
1413 2058 1512 2100 olim
1555 2059 1742 2100 sincerus
1791 2057 1973 2100 creditus
2020 2061 2080 2111 est

363 2124 431 2168 CI
433 2124 473 2167 G
503 2128 620 2178 6761,
653 2129 761 2168 recte
790 2126 837 2167 in
867 2125 1000 2179 falsos
1031 2126 1216 2168 abiectus
1248 2129 1308 2167 est
1337 2126 1391 2179 cf.
1422 2126 1456 2168 I
1457 2126 1533 2168 GI
1552 2128 1630 2168 355
1640 2125 1676 2176 *,
1706 2129 1849 2179 utpote
1878 2126 2001 2180 fictus
2030 2140 2081 2168 ea:

362 2195 663 2248 epiyrammate
693 2194 788 2248 triy.
821 2197 898 2248 tyr.
930 2197 993 2244 11,
1017 2197 1057 2236 5.
1120 2194 1210 2236 Nec
1246 2194 1386 2236 minus
1422 2195 1584 2236 nummi
1611 2193 1802 2244 Aureoli,
1841 2194 1916 2248 qui
1944 2193 2080 2236 adhuc

361 2262 406 2303 in
426 2261 606 2303 medium
618 2261 786 2315 prolati
804 2264 913 2311 sunt,
947 2262 1004 2303 ad
1025 2276 1155 2304 unum
1186 2275 1322 2304 omnes
1342 2265 1440 2304 sunt
1460 2262 1563 2316 falsi
1583 2262 1637 2315 cf.
1661 2261 1800 2304 Cohen
1831 2261 1898 2304 VI
1902 2262 1918 2286 2
1941 2277 1989 2316 p.
2010 2265 2077 2306 90.

278 2329 387 2371 1339
418 2329 736 2372 Aurunculeius
767 2329 1072 2384 Cornelianus,
1114 2331 1182 2371 vir
1221 2329 1377 2373 nobilis
1416 2346 1442 2372 a
1473 2330 1679 2386 Septimio
1712 2329 1874 2373 Severo
1913 2330 2078 2371 occisus

359 2398 429 2441 vit.
462 2397 607 2440 Severi
635 2401 700 2448 13,
730 2400 773 2441 2.

281 2466 386 2508 1340
417 2472 680 2508 AVRVNGVS
711 2470 967 2509 memoratur
996 2467 1042 2509 in
1077 2467 1258 2521 epistula
1285 2467 1436 2521 synodi
1464 2466 1682 2509 cuiusdam
1709 2469 1758 2508 ut
1784 2465 1948 2508 videtur
1975 2465 2080 2508 data

361 2534 418 2575 ad
447 2535 741 2589 imperatorem
766 2535 903 2577 nescio
933 2549 1052 2589 quem
1072 2538 1173 2589 post
1201 2535 1489 2586 Hadrianum,
1519 2535 1702 2589 fortasse
1732 2534 1790 2576 ad
1816 2533 2079 2576 Antoninum

361 2602 489 2644 Pium
516 2602 620 2645 CIA
641 2603 730 2644 III
750 2606 806 2645 21
817 2617 831 2644 .·
861 2602 1064 2662 Ὠροΰνκῳ
1095 2612 1154 2661 τῷ
1183 2603 1451 2660 ἀν[θυπάτῳ];
1474 2602 1705 2658 proconsul
1724 2602 1918 2644 Achaiae
1947 2601 2079 2655 fuisse

359 2669 534 2712 videtur.

303 2761 362 2767 —-
389 2737 435 2782 C.
467 2737 679 2780 Antistius
710 2738 903 2794 Auspex,

302 2830 361 2836 --
389 2806 526 2848 Iulius
554 2806 748 2863 Auspex.

303 2897 360 2902 —
389 2879 451 2915 TI.
483 2881 647 2916 IVLIVS
679 2881 956 2918 POLLIENVS
988 2882 1197 2918 AVSPEX.

303 2966 359 2971 —
388 2950 434 2984 A.
466 2948 744 2985 POLLENIVS
779 2950 988 2986 AVSPEX.

278 3010 383 3052 1341
420 3009 732 3066 [A]uspicatus,
775 3012 937 3053 amicus
976 3012 1175 3054 Dasumii
1218 3011 1286 3055 VI
1313 3015 1455 3055 10229
1494 3025 1530 3053 v.
1568 3014 1623 3053 18
1660 3013 1948 3054 testamentum
1981 3010 2076 3053 Da-

361 3078 498 3120 sumii.
531 3102 582 3108 —
622 3078 816 3133 Coyitari
845 3083 986 3133 potest
1028 3079 1077 3122 de
1116 3079 1168 3123 A.
1205 3079 1356 3122 Curtio
1397 3079 1632 3136 Auspicato
1672 3079 1947 3133 Titinniano,
1986 3077 2074 3120 filio

364 3145 417 3187 A.
450 3145 591 3188 Curtii
620 3146 807 3201 Crispini
839 3147 927 3190 III
949 3150 1033 3191 231
1065 3148 1244 3190 eiusdem
1274 3148 1364 3201 fere
1394 3147 1547 3189 aetatis
1576 3147 1629 3200 cf.
1660 3146 1786 3189 XIV
1805 3148 1928 3188 3030.

279 3214 387 3256 1342
419 3215 466 3265 Q.
498 3213 759 3256 Austurnius
791 3215 1040 3271 Lappianus
1067 3218 1324 3258 memoratur
1351 3215 1398 3258 in
1428 3218 1455 3259 t.
1486 3215 1632 3257 uxoris
1663 3214 1785 3257 VIII
1808 3216 1918 3256 7978
1945 3213 2075 3256 Rusi-

358 3281 539 3325 cadensi.
597 3282 645 3325 P.
678 3281 730 3335 f.,
773 3283 887 3325 tribu
919 3283 1125 3338 Quirina,
1168 3298 1278 3339 equo
1319 3281 1490 3339 publico
1522 3288 1775 3337 exornatus,
1817 3281 2074 3324 ducenarius

361 3352 635 3407 (procurator
655 3352 702 3391 ut
720 3349 898 3406 videtur)
916 3350 1006 3406 bis3
1029 3351 1192 3402 aedilis,
1213 3351 1350 3394 IIIvir
1368 3351 1459 3394 1111
1480 3350 1743 3392 coloniarum
1764 3347 2072 3405 (Cirtensium),
