2202 3730
258 243 454 291 As'mivs
1118 237 1201 288 164
1558 306 1560 308 v
1864 247 2063 291 ASINIVS

347 388 388 436 8,
410 387 544 436 6-13;
574 383 750 426 Asinius
771 381 966 437 Vergilio
988 381 1289 424 Alexandrum
1308 395 1491 438 puerum
1512 381 1704 438 donavit,
1726 379 1853 440 quem
1874 379 2065 426 secunda

346 453 493 508 ecloga
513 453 673 494 Alexin
703 450 892 507 appellat
917 450 988 494 vit.
1022 450 1140 504 Very.
1156 464 1204 504 p.
1221 451 1278 492 57
1290 448 1346 492 R.
1376 450 1430 504 cf.
1459 449 1575 493 Serv.
1599 450 1658 492 ad
1686 448 1932 506 Veryil.*ecl.
1954 455 1998 503 2,
2023 455 2062 503 1,
2097 441 2100 444 ’

343 520 473 575 Apul.
505 520 667 574 apotoy.
697 522 764 562 10.
832 520 884 561 In
928 519 1033 560 viris
1079 518 1350 574 principibus
1395 519 1458 560 rei
1505 518 1724 574 publicae,
1779 521 1853 576 qui
1892 520 2063 563 Horatii

345 589 535 630 carmina
565 587 864 643 probaverant,
897 593 1160 628 memoratur
1187 586 1343 629 Horat.
1374 590 1455 629 sat.
1485 590 1522 638 1,
1555 590 1622 638 10,
1658 590 1734 639 85‚·
1769 588 1976 631 Horatius
2007 587 2064 631 ad

345 671 443 698 eum
475 656 646 710 scripsit
676 670 849 698 carmen
878 658 922 706 2,
947 658 984 698 1.
1034 654 1188 697 Ateius
1218 655 1521 698 Praetextatus
1554 654 1603 698 C.
1627 653 1830 699 Sallustio
1861 655 2064 699 defuncto

345 739 442 766 eum
482 723 812 766 familiarissime
853 723 986 766 coluit
1026 730 1068 766 et
1107 737 1359 778 aggressum
1402 724 1603 766 historias
1644 736 1899 781 componere
1942 738 2063 780 prae-

344 793 477 849 ceptis
518 793 570 835 de
614 794 779 835 ratione
823 791 1039 834 scribendi
1081 792 1190 834 iuvit
1229 791 1400 835 Sueton.
1434 806 1613 846 yramm.
1650 796 1717 835 10.
1786 791 2065 847 Timagenem

346 861 624 903 historiarum
659 861 933 917 scriptorem,
976 875 1237 917 quamquam
1267 858 1491 915 Augustus
1529 861 1567 902 ei
1602 860 1727 903 domo
1767 860 2064 914 interdixerat,

346 930 389 970 in
429 928 760 971 contubernium
800 930 962 985 recepit
999 928 1160 972 Seneca
1196 928 1301 971 dial.
1330 931 1369 980 5,
1401 932 1472 980 23,
1503 931 1604 972 5-8.
1664 928 1841 972 Aufusti
1881 928 2064 983 (abnesti

344 996 445 1038 fusti
487 997 690 1051 traditur)
734 997 1004 1051 grammatici
1049 995 1160 1040 liber
1200 995 1378 1053 quidam
1421 997 1728 1051 grammaticus
1772 996 1826 1038 ad
1867 996 2067 1038 Asinium

347 1063 584 1106 Pollionem
615 1066 774 1107 citatur
804 1064 995 1108 Gramm.
1022 1066 1121 1107 Lat.
1154 1065 1250 1108 VII
1261 1079 1310 1119 p.
1333 1067 1401 1108 35.

432 1133 641 1175 Strictum
663 1134 753 1176 eius
780 1140 822 1176 et
848 1135 974 1176 nimis
996 1148 1199 1190 asperum
1220 1133 1427 1176 iudicium
1450 1133 1612 1177 Seneca
1632 1137 1813 1176 controv.
1835 1137 1862 1176 4
1879 1133 2024 1188 praef.
2040 1136 2068 1176 3

347 1201 401 1255 cf.
434 1201 550 1243 Plin.
581 1216 622 1244 n.
654 1202 692 1246 ll.
725 1205 792 1253 36,
823 1205 890 1248 33.
948 1202 1122 1245 Iudicia
1160 1203 1271 1244 eius:
1309 1201 1488 1244 Asinius
1524 1203 1570 1244 in
1596 1202 1820 1245 Valerium
1852 1201 2067 1244 Catullum

347 1270 504 1318 citatur
526 1267 691 1315 Charis.
716 1270 908 1315 Gramm.
930 1271 1028 1315 Lat.
1044 1271 1077 1313 I
1091 1285 1140 1326 p.
1162 1274 1218 1313 97
1226 1284 1239 1322 ;
1260 1270 1313 1314 de
1336 1270 1534 1313 Caesaris
1556 1271 1874 1312 commentariis
1896 1270 2067 1314 Sueton.

349 1338 428 1382 div.
451 1338 535 1381 Iul.
551 1341 604 1381 56
625 1339 679 1393 cf.
695 1342 749 1382 55
758 1353 771 1391 ,·
801 1339 855 1382 de
877 1339 1086 1382 Cicerone
1108 1339 1269 1383 Seneca
1287 1352 1450 1383 suasor.
1468 1342 1504 1390 6,
1522 1343 1581 1383 24
1601 1339 1655 1393 cf.
1672 1343 1710 1390 6,
1728 1342 1793 1391 14,
1816 1337 2067 1392 Quintilian.

346 1406 444 1448 inst.
466 1409 535 1457 12,
557 1410 594 1458 1,
617 1410 699 1459 21;
727 1407 781 1449 de
811 1407 1103 1450 Patavinitate
1133 1407 1250 1449 Livii
1277 1407 1529 1460 Quintilian.
1554 1407 1652 1449 inst.
1673 1410 1711 1457 1,
1732 1410 1772 1458 5,
1793 1410 1870 1459 56;
1898 1409 1937 1458 8,
1959 1410 1998 1457 1,
2020 1409 2070 1458 3;

348 1474 470 1529 liber,
503 1489 588 1530 quo
620 1474 812 1517 Sallustii
852 1476 1012 1531 scripta
1051 1474 1328 1531 reprehendit
1360 1475 1531 1518 Sueton.
1560 1489 1740 1530 yramm.
1773 1478 1829 1517 10
1866 1475 1920 1528 cf.
1959 1474 2068 1519 Gell.

347 1546 414 1593 10,
445 1546 515 1594 26,
548 1546 574 1585 1
607 1542 775 1585 cAsinio
811 1543 996 1585 Pollioni
1037 1544 1081 1585 in
1122 1543 1308 1599 quadam
1349 1543 1552 1599 epistula,
1595 1558 1726 1599 quam
1765 1543 1820 1585 ad
1861 1542 2070 1586 Plancum

350 1611 543 1667 scripsit,
587 1617 628 1652 et
668 1610 930 1667 quibusdam
969 1610 1064 1654 aliis
1096 1611 1143 1654 C.
1177 1611 1369 1655 Sallustii
1400 1612 1560 1668 iniquis
1591 1611 1770 1666 dignum
1799 1617 1902 1654 nota
1930 1612 2068 1654 visum

351 1685 429 1721 est’
463 1682 562 1733 etc.3
603 1679 763 1722 iudicia
804 1680 858 1721 de
897 1679 1140 1722 rhetoribus
1172 1679 1334 1721 Arellio
1373 1680 1514 1722 Fusco
1546 1679 1708 1723 Seneca
1736 1693 1900 1722 suasor.
1930 1683 1974 1731 2,
2004 1683 2068 1731 10,

349 1747 544 1789 Buteone
584 1747 640 1789 id.
682 1751 861 1791 controv.
899 1751 935 1798 7,
972 1752 1011 1799 4,
1046 1751 1085 1799 3,
1127 1748 1181 1801 Q.
1222 1748 1403 1790 Haterio
1446 1747 1533 1792 ibd.
1567 1751 1595 1790 4
1625 1748 1769 1802 praef.
1802 1751 1874 1798 11,
1917 1749 2069 1791 Porcio

352 1815 543 1857 Latrone
581 1815 666 1860 ibd,
702 1819 746 1866 2,
780 1819 820 1867 3,
855 1819 921 1867 13,
964 1815 1132 1858 Triario
1172 1815 1257 1857 ibd.
1289 1819 1334 1866 2,
1363 1818 1404 1866 3,
1434 1818 1500 1865 19,
1543 1814 1597 1856 de
1627 1814 1840 1858 coloribus
1871 1816 2070 1858 Romanii

351 1883 578 1940 Hisponis,
622 1884 799 1940 Pompei
831 1884 1012 1939 Silonis,
1045 1884 1180 1927 Cestii
1211 1885 1299 1939 Pii,
1342 1884 1484 1926 Porcii
1524 1884 1729 1926 Latronis
1759 1884 1846 1926 ibd.
1875 1888 1914 1935 4,
1947 1888 1985 1935 6,
2016 1885 2071 1927 de

351 1952 512 1993 incerto
543 1951 630 1994 ibd.
650 1955 694 2002 2,
715 1954 755 2002 5,
778 1955 856 2003 10,·
889 1951 1096 1994 laudabat
1125 1952 1358 1994 sententias
1389 1951 1563 1994 Albucii
1595 1951 1672 1994 Sili
1702 1952 1788 1994 ibd.
1821 1956 1849 1995 7
1866 1954 2012 2007 praef.
2042 1957 2074 1996 2

353 2026 394 2061 et
424 2019 542 2062 Vibii
568 2019 666 2062 Rufi
697 2019 782 2063 ibd.
802 2023 841 2071 9,
866 2023 909 2071 2,
933 2022 1003 2064 25.
2032 2064 2034 2066 ,

437 2087 565 2131 Circa
592 2104 632 2131 a.
655 2088 737 2131 739
758 2089 803 2130 in
824 2088 1088 2131 carminibus
1109 2088 1351 2145 pangendis
1370 2094 1568 2131 versatus
1589 2094 1665 2143 est,
1697 2090 1870 2145 scripsit
1893 2090 2073 2146 ‘Sopho-

351 2155 441 2198 cleo
473 2158 664 2198 carmina
695 2156 827 2211 digna
856 2157 1081 2200 cothurno‘
1117 2157 1270 2212 Vcryil.
1302 2157 1373 2199 ecl.
1401 2159 1441 2207 8,
1474 2160 1531 2199 10
1571 2155 1663 2209 (ubi
1694 2157 1866 2200 Servius
1897 2149 2075 2201 adnotat

356 2223 443 2266 ‘alii
480 2224 573 2267 ideo
615 2225 696 2267 hoc
735 2225 789 2267 de
829 2225 1023 2268 Pollione
1063 2225 1226 2268 dictum
1264 2225 1432 2280 volunt,
1474 2225 1591 2282 quod
1631 2231 1674 2267 et
1713 2226 1806 2282 ipse
1845 2227 2072 2283 utriusque

353 2292 526 2348 linguae
552 2293 873 2348 tragoediarum
893 2295 1076 2350 scriptor
1095 2294 1220 2349 fuit‘,
1240 2294 1288 2336 id
1305 2294 1418 2348 quod
1436 2308 1486 2337 ex
1505 2307 1710 2348 perversa
1729 2295 2074 2349 interpretatione

351 2362 437 2415 ipsi
463 2362 696 2404 enucleasse
723 2362 946 2418 videntur),
987 2363 1040 2417 cf.
1072 2362 1145 2405 ecl.
1173 2365 1212 2414 3,
1244 2365 1299 2405 86
1330 2362 1484 2405 ‘Pollio
1515 2369 1558 2405 et
1586 2363 1679 2418 ipse
1707 2362 1811 2405 facit
1839 2377 1953 2405 nova
1982 2378 2074 2406 car·

353 2431 510 2483 mina‘;
542 2430 680 2473 Pollio
711 2444 861 2485 regum
892 2431 1008 2474 facta
1038 2432 1154 2473 canit
1182 2431 1293 2488 pede
1322 2437 1388 2474 ter
1406 2445 1610 2488 percusso
1632 2430 1705 2486 (=
1723 2444 1845 2473 versu
1867 2432 2072 2488 trimetro)

354 2498 508 2542 Horat.
535 2502 614 2541 sat.
646 2502 684 2550 1,
716 2503 782 2550 10,
813 2503 894 2551 42,·
935 2499 1136 2542 historias
1167 2499 1356 2542 scribere
1385 2513 1615 2555 aggressus
1645 2499 1889 2554 tragoedias
1916 2500 2075 2543 abiecit

354 2566 509 2611 Horat.
541 2581 670 2610 carm.
700 2571 745 2619 2,
772 2571 811 2619 1,
834 2571 960 2612 9-13.
1021 2569 1264 2611 Pacuvium
1301 2574 1344 2610 et
1382 2567 1565 2610 Accium
1598 2568 1831 2622 tragoediis
1862 2569 2075 2625 expressit

360 2635 458 2677 Tac.
481 2635 582 2679 dial.
598 2638 667 2679 21.
699 2636 825 2678 Lusit
846 2638 974 2679 etiam
991 2635 1215 2679 versiculis
1237 2637 1407 2679 eroticis
1423 2636 1540 2678 Plin.
1558 2637 1675 2691 epist.
1691 2638 1730 2687 5,
1747 2639 1788 2687 3,
1803 2639 1830 2679 5
1851 2637 1906 2690 cf.
1924 2639 1962 2687 7,
1977 2640 2017 2687 4,
2031 2640 2071 2679 4.

441 2702 601 2745 Orator
620 2703 883 2747 clarissimus
905 2704 1084 2748 Velleius
1097 2708 1140 2756 2,
1152 2708 1219 2756 36,
1230 2709 1272 2760 2,
1297 2704 1531 2748 Columella
1545 2708 1571 2746 1
1579 2705 1724 2759 praef.
1735 2707 1802 2755 30,
1821 2705 2070 2758 Quintilian.

356 2774 427 2822 12,
452 2774 517 2822 11,
540 2775 611 2822 28,
643 2772 757 2815 Plin.
782 2787 823 2815 n.
846 2773 885 2817 h.
911 2777 949 2824 7,
971 2775 1064 2824 115,
1101 2773 1198 2818 Tac.
1231 2773 1333 2816 dial.
1360 2776 1431 2817 12.
1452 2776 1518 2824 17,
1550 2787 1648 2817 ann.
1669 2776 1735 2824 11,
1755 2776 1794 2817 6.
1813 2776 1852 2824 7,
1887 2774 2072 2828 ‘insigne

355 2840 528 2881 maestis
558 2841 820 2895 praesidium
850 2842 949 2883 reis’
983 2841 1140 2884 Horat.
1173 2855 1302 2884 carm.
1333 2844 1376 2893 2,
1398 2844 1437 2893 1,
1459 2844 1498 2884 9.
1553 2840 1692 2884 Multa
1721 2841 1763 2883 in
1795 2840 1947 2883 Asinio
1974 2840 2071 2885 Pol-

354 2906 467 2949 lione
497 2908 690 2950 inventio
722 2924 888 2952 summa
919 2909 1143 2965 diligentia
1171 2910 1244 2966 (cf.
1267 2909 1352 2952 ibd.
1375 2913 1441 2960 10,
1472 2913 1516 2960 2,
1547 2911 1606 2953 25
1615 2923 1629 2961 ;
1657 2912 1728 2960 12,
1754 2913 1818 2960 10,
1849 2912 1933 2966 11),
1962 2909 2071 2952 adeo

358 2981 405 3017 ut
425 2975 680 3031 quibusdam
700 2978 827 3019 etiam
848 2979 981 3020 nimia
1000 2978 1213 3033 videatur,
1237 2984 1280 3020 et
1299 2978 1466 3020 consilii
1497 2984 1539 3020 et
1558 2978 1690 3020 animi
1722 2979 1848 3034 satis3
1879 2993 1905 3020 a
1933 2977 2073 3020 nitore

358 3050 400 3086 et
421 3044 686 3086 iucunditate
707 3046 926 3088 Ciceronis
952 3047 1012 3089 ita
1040 3046 1170 3102 longe
1199 3046 1334 3101 abest,
1367 3053 1414 3088 ut
1434 3046 1574 3088 videri
1594 3047 1729 3102 possit
1753 3045 1924 3088 saeculo
1954 3047 2073 3102 prior

353 3111 602 3164 Quintilian.
622 3113 719 3157 inst.
741 3117 806 3164 10,
827 3117 865 3165 1,
886 3117 988 3166 113;
1018 3116 1130 3157 inter
1151 3114 1375 3157 Menenios
1395 3120 1438 3156 et
1461 3113 1627 3170 Appios
1657 3113 1872 3157 studuisse
1899 3114 2075 3157 videtur

357 3179 414 3235 (ei
448 3180 522 3233 qui
559 3180 604 3222 in
643 3181 809 3236 dialoyo
845 3196 933 3224 rem
971 3183 1248 3226 recentiorum
1287 3181 1501 3237 defendit),
1543 3182 1783 3225 Pacuvium
1820 3188 1863 3224 et
1891 3180 2073 3224 Accium

357 3248 486 3289 etiam
516 3249 780 3292 orationibus
815 3251 903 3292 suis
944 3252 1157 3307 expressit
1192 3251 1289 3294 Tac.
1322 3250 1425 3293 dial.
1455 3253 1535 3302 21,·
1576 3251 1825 3306 compositio
1866 3250 2073 3294 Pollionis

357 3314 573 3359 salebrosa
602 3323 644 3358 et
677 3317 856 3360 exiliens
888 3318 1048 3362 Seneca
1077 3319 1195 3374 epist.
1226 3322 1318 3365 100.
1354 3322 1390 3363 7.
1423 3320 1482 3362 9.'
1515 3318 1678 3362 Versus
1712 3324 1936 3375 poetarum
1965 3319 2073 3362 anti-
