2202 3730
300 309 549 344 ANTONIVS
1159 301 1180 342 1
1187 301 1242 342 ΟΟ
1849 306 2101 343 ANTONIVS

385 438 631 480 Gordianus
672 436 962 477 nobilissimus
993 435 1154 478 Caesar
1194 435 1393 491 princeps
1433 435 1670 482 iuventutis
1699 435 1814 490 Eph.
1846 451 1907 490 ep.
1940 439 1977 486 7,
2009 440 2101 488 660,

384 506 442 547 M.
479 505 695 546 Antonius
733 503 978 547 Gordianus
1019 502 1310 544 nobilissimus
1350 502 1510 545 Caesar
1551 504 1686 558 Pi[us]
1723 503 1949 558 Augustus
1979 504 2102 548 VIII

382 576 526 616 10365.
549 576 688 614 10342
718 586 768 614 ese
798 571 1092 613 emendatione.
1157 571 1207 613 Vt
1235 571 1281 613 hi
1309 572 1423 613 tituli
1453 571 1612 614 duobus
1632 572 1837 626 Auyustis
1859 575 1898 614 et
1924 571 2106 615 Caesari

385 642 520 695 positi
547 644 654 690 sunt,
686 641 750 681 ita
781 640 915 680 tribus
937 639 1207 693 principibus
1229 639 1413 681 dedicati
1440 640 1572 693 fuisse
1600 640 1792 682 videntur
1822 640 1938 682 tituli
1964 640 2105 683 mutili

384 709 505 751 VIII
519 711 663 757 10343,
696 707 872 761 Ephem.
897 721 957 760 ep.
982 710 1018 756 7,
1042 710 1146 758 673;
1175 708 1357 760 fortasse
1387 707 1514 749 etiam
1542 708 1826 762 fraymentum
1849 707 2102 763 Correspon-

386 776 596 818 deneblatt
636 775 709 816 der
747 774 1080 818 Westdeutsehen
1113 775 1350 828 Zeitsehrif
1346 778 1362 816 t
1393 774 1461 817 VI
1483 774 1625 830 (1887)
1648 790 1695 830 p.
1716 778 1814 819 213.
1872 776 2104 819 Praeterea

384 845 571 899 primum
603 844 730 884 trium
758 843 1002 896 principum
1030 844 1203 884 nomina
1226 843 1389 897 scripta
1407 844 1551 897 fuisse,
1581 843 1676 886 dein
1696 843 1872 886 duorum
1891 843 2103 899 Auyusto—

382 927 476 954 rum
516 926 641 954 erasa
682 925 766 953 esse
795 911 987 953 videntur
1016 912 1062 953 in
1091 911 1292 953 miliariis
1326 911 1623 966 Cappadociae
1653 911 1742 954 III
1765 911 1811 955 S.
1832 915 1952 955 6913.
1983 916 2102 956 6934.

382 984 498 1023 6936.
531 983 648 1022 6953.
671 1005 728 1008 -
748 979 1004 1021 Praemissis
1029 980 1267 1022 nominibus
1286 979 1577 1034 Auyustorum
1603 981 1668 1023 καὶ
1696 979 1862 1037 Μάρκου
1894 980 2103 1025 Ἀντωνίου

384 1050 596 1105 Γορόιανοῧ
617 1053 684 1091 τοῦ
706 1050 920 1105 ἱερωτάτου
937 1046 1140 1110 Καίσαρος,
1157 1049 1203 1090 in
1214 1062 1385 1103 papyro
1414 1062 1564 1102 yraece
1594 1049 1756 1103 scripta
1779 1048 2106 1104 Mittheilunyen
2169 1062 2174 1066 '

384 1130 460 1159 aus
491 1117 565 1158 der
598 1116 846 1169 Samncluny
878 1115 951 1157 der
981 1115 1180 1169 Papyrus
1209 1116 1450 1170 Erehereoy
1479 1116 1646 1158 Rainer
1675 1116 1741 1158 II.
1772 1116 1861 1159 III
1874 1131 1921 1171 p.
1941 1121 2008 1160 31.

469 1186 572 1226 Post
602 1199 750 1225 neeem
772 1184 956 1239 Pupieni
980 1191 1021 1225 et
1041 1183 1213 1226 Balbini
1244 1183 1395 1236 (mense
1424 1185 1514 1238 fere
1538 1184 1665 1227 Iunio
1696 1199 1735 1228 a.
1756 1186 1859 1241 238)
1881 1185 2105 1240 Augustus

382 1252 621 1309 appellatus
652 1252 766 1294 solus
808 1266 988 1307 regnum
1019 1252 1203 1295 obtinuit
1233 1252 1468 1295 Herodian.
1499 1255 1539 1303 8,
1571 1255 1610 1303 8,
1642 1255 1682 1304 8,
1722 1253 1812 1295 vita
1841 1257 1916 1304 22,
1947 1253 2103 1296 Zosim.

383 1325 420 1371 1,
444 1325 508 1363 16.
567 1323 674 1377 Imp.
707 1321 866 1363 Caesar
894 1321 954 1363 M.
985 1319 1202 1363 Antonius
1234 1320 1481 1363 Gordianus
1511 1321 1625 1376 Aug.
1658 1321 1703 1364 in
1741 1322 1921 1364 nummis
1951 1321 2104 1364 titulis—

382 1404 471 1442 (Jue.
532 1389 659 1431 Anno
691 1390 765 1432 241
816 1390 1010 1439 (Furiam
1048 1389 1287 1443 Sabiniani)
1327 1389 1672 1446 Tranquillinam
1712 1389 1843 1432 filiam
1885 1389 1952 1444 (C.
1983 1390 2104 1432 Furii

385 1457 552 1500 Sabinii
581 1457 784 1513 Aquilae)
816 1457 1067 1499 Timesithei
1099 1473 1279 1499 uxorem
1307 1457 1433 1500 duxit
1459 1459 1550 1500 vita
1569 1461 1639 1509 23,
1661 1461 1699 1509 6,
1731 1458 1911 1512 Eutrop.
1934 1461 1973 1508 9,
1995 1461 2038 1508 2,
2059 1461 2103 1509 2,

384 1527 538 1570 Zosim.
572 1530 610 1576 1,
642 1530 707 1576 17,
741 1526 900 1568 Zonar.
932 1529 1000 1580 12,
1032 1529 1098 1568 18.
1153 1525 1447 1580 Bioyraphum
1483 1529 1593 1568 reete
1633 1539 1705 1568 eas
1738 1527 1912 1581 nuptias
1951 1541 1992 1569 a.
2021 1528 2106 1570 241

384 1595 593 1647 confectas
633 1607 716 1636 esse
752 1607 953 1636 narrasse
984 1595 1237 1648 confirmant
1272 1595 1434 1636 nummi
1462 1594 1751 1637 Alexandrini
1783 1595 2106 1649 Tranquillinae

383 1665 580 1716 quartum
607 1661 822 1704 Gordiani
851 1676 1007 1704 annum
1037 1663 1271 1705 indicantes
1300 1676 1380 1705 von
1410 1662 1559 1714 Sallet,
1590 1662 1735 1706 Daten
1756 1678 1804 1718 p.
1825 1666 1890 1705 60.
1949 1664 2003 1706 In
2033 1678 2105 1705 ex-

383 1730 599 1787 peditione
630 1731 804 1772 Persica
834 1730 987 1773 fraude
1016 1731 1074 1773 M.
1107 1730 1207 1772 Iulii
1238 1730 1427 1787 Philippi
1458 1746 1496 1773 a.
1528 1731 1612 1773 244
1643 1732 1817 1773 ineunte
1849 1732 2012 1774 occisus
2041 1738 2106 1774 est

382 1800 471 1840 vita
499 1802 565 1848 30,
596 1798 776 1852 Eutrop.
799 1802 838 1850 9,
860 1802 903 1849 2,
946 1798 1089 1841 Victor
1117 1798 1236 1842 Caes.
1258 1803 1330 1850 27,
1361 1799 1558 1853 Epitome
1584 1803 1654 1850 27,
1686 1799 1940 1842 Ammianus
1960 1799 2103 1843 Mare.

384 1871 456 1917 23,
477 1869 516 1916 5,
538 1870 575 1916 7,
608 1867 765 1909 Zosim.
786 1870 824 1917 1,
847 1870 1002 1917 18-19,
1035 1868 1194 1911 Zonar.
1216 1871 1285 1918 12,
1308 1870 1374 1912 18.

299 1935 380 1977 667
412 1941 663 1976 ANTONIVS
694 1941 924 1990 IIIBERVS,
950 1936 1229 1990 gravissimus
1250 1951 1421 1991 praeses
1441 1939 1698 1978 memoratur
1717 1936 1764 1978 in
1788 1935 1909 1978 titulo
1937 1936 2105 1992 Tyrano

385 2003 472 2044 III
492 2006 594 2054 '781;
626 2017 675 2044 eo:
705 2006 897 2045 contextu
928 2007 1107 2058 apparet
1137 2018 1227 2045 eum
1250 2004 1431 2058 leyatum
1449 2019 1518 2058 pr.
1532 2018 1603 2058 pr.
1628 2003 1840 2046 Moesiam
1860 2004 2107 2058 inferiorem

383 2072 539 2113 rexisse
580 2075 716 2113 aetate
745 2071 957 2114 Antonini
985 2072 1065 2113 Pii
1097 2072 1161 2114 vel
1194 2074 1381 2126 fratrum
1415 2074 1728 2127 imperatorum.
1788 2072 1993 2116 Fortasse
2020 2087 2107 2116 non

385 2138 569 2180 diversus
599 2140 684 2192 fuit
714 2154 740 2181 a
771 2139 937 2182 eonsule
968 2141 1073 2182 anni
1101 2143 1192 2191 133,
1224 2141 1298 2194 qui
1324 2142 1523 2195 sequitur.

299 2207 381 2248 668
415 2214 467 2248 M.
481 2207 538 2261 (P)
570 2213 821 2249 ANTONIVS
852 2214 1082 2263 HIBERVS,
1116 2208 1264 2250 consul
1295 2224 1332 2251 a.
1358 2210 1439 2252 133
1470 2224 1569 2251 eum
1599 2209 1649 2253 P.
1676 2208 1876 2251 Memmio
1909 2208 2104 2252 Sisenna.

385 2276 440 2317 In
479 2275 721 2317 consulatu:
770 2276 827 2317 M.
869 2276 1085 2318 Antonius
1124 2276 1251 2319 XIV
1268 2281 1403 2328 2014,
1445 2276 1494 2319 C.
1527 2275 1619 2332 (sie)
1660 2276 1875 2319 Antonius
1916 2275 2106 2320 Hiberus

387 2343 454 2385 VI
480 2346 633 2394 10299‚
680 2343 896 2386 Antonius
935 2345 1130 2387 Hiberus
1169 2345 1237 2388 VI
1264 2347 1398 2388 13505
1435 2342 1533 2398 (XI
1562 2348 1674 2388 3898
1718 2359 1768 2388 ex
1810 2344 2103 2400 restitutione),

385 2415 564 2453 ceterum
592 2411 784 2453 Hiberus
812 2413 929 2466 fasti.

301 2480 383 2521 669
413 2479 628 2521 Antonius
669 2481 939 2535 Honoratus,
982 2481 1179 2524 tribunus
1220 2481 1407 2524 cohortis
1446 2483 1688 2538 praetoriae
1728 2497 1765 2525 a.
1797 2481 1852 2524 68
1879 2480 2103 2525 Plutarch.

385 2547 531 2589 Galba
555 2551 620 2590 14.

300 2616 382 2657 670
412 2622 463 2658 M.
486 2617 756 2668 A(NT0N1vs
769 2617 809 2670 P)
831 2624 861 2659 1.
885 2623 1212 2672 SEVERIANVS,
1242 2617 1504 2660 clarissimus
1526 2618 1596 2659 vir
1616 2618 1663 2660 in
1693 2621 1720 2660 t.
1743 2617 1974 2661 christiano
1996 2618 2107 2661 servi

385 2683 507 2725 VIII
530 2687 637 2726 9585
668 2684 855 2727 lectionis
885 2689 1034 2727 certae.
1093 2685 1202 2728 Fuit
1231 2685 1462 2740 I(ulianus)
1492 2685 1556 2728 vel
1583 2686 1829 2741 l(unianus)
1869 2686 1933 2728 vel
1968 2686 2105 2729 simile

384 2752 506 2805 quid,·
537 2753 590 2805 ef.
623 2753 744 2806 infra
775 2753 840 2797 M.
867 2753 1104 2796 Antonium
1136 2754 1422 2797 Severianum.

300 2820 379 2861 671
416 2826 457 2869 Q.
489 2826 740 2862 ANTONIVS
773 2828 1044 2876 ISAVRIGVS‚
1077 2821 1243 2876 legatus
1273 2822 1388 2877 Aug.
1421 2822 1690 2876 (Britanniae
1726 2825 1801 2864 aut
1829 2821 2009 2876 legionis
2039 2821 2105 2864 VI

385 2888 592 2942 victricis)
623 2890 866 2931 nominatur
895 2891 939 2933 in
969 2893 996 2932 t.
1024 2890 1298 2933 Eburaeensi
1327 2889 1425 2933 VII
1435 2893 1520 2933 233
1538 2890 1684 2944 posito
1714 2904 1742 2932 a
1772 2889 1895 2933 Sosia
1923 2890 2105 2932 Iuncina

385 2956 559 3012 (uxore).
599 2956 759 2999 'Potest
796 2958 907 3000 idem
945 2971 1030 3001 esse
1065 2958 1118 3011 Q.
1149 2958 1365 3001 Antonius
1395 2958 1678 3014 1[sa]u[rieus]
1710 2957 1860 3000 consul
1888 2956 2103 3013 (suffectus

389 3037 498 3065 anno
528 3024 703 3080 incerto)
734 3039 775 3067 n.
798 3029 890 3068 640.
1280 3025 1282 3027 ’

302 3091 383 3133 672
415 3090 630 3133 Antonius
651 3092 857 3147 Iulianus,
891 3093 1047 3136 rhetor.
1095 3095 1314 3151 Hispanus
1343 3094 1508 3137 Gellius
1527 3097 1593 3145 19,
1614 3097 1653 3145 9,
1673 3097 1717 3144 2,
1745 3094 1952 3148 magister
1971 3093 2102 3137 Gellii

387 3159 443 3200 id.
461 3162 526 3209 18,
543 3162 580 3210 5,
599 3163 636 3210 1,
662 3161 871 3203 iudicium
889 3162 1016 3206 Gellii
1038 3163 1091 3204 de
1112 3177 1161 3205 eo
1186 3163 1244 3205 id.
1260 3166 1298 3214 1,
1315 3167 1363 3214 4;
1383 3163 1679 3205 commentarii
1701 3163 1792 3204 eius
1813 3162 1871 3205 id.
1886 3165 1954 3212 18,
1967 3164 2006 3213 5,
2023 3165 2104 3214 12,·

381 3228 626 3269 nominatur
659 3229 715 3271 id.
737 3232 775 3279 9,
798 3234 836 3280 1,
858 3234 911 3281 2;
942 3234 979 3280 9,
1002 3233 1078 3282 15,·
1106 3233 1171 3281 15,
1194 3234 1244 3283 1‚·
1272 3235 1343 3282 20,
1366 3234 1404 3275 9.

302 3295 384 3337 673
417 3293 464 3336 O.
486 3295 700 3337 Antonius
722 3296 924 3351 Iulianus,
957 3298 1247 3353 proc(urator)
1276 3299 1542 3355 p(r0vineiae
1553 3298 1596 3353 P)
1625 3297 1938 3354 P(annoniae‘?)
1960 3297 2102 3355 s(upe-

388 3362 512 3405 rioris
524 3363 564 3419 P)
595 3364 683 3406 III
703 3367 815 3408 5120
846 3368 874 3408 t.
908 3366 1094 3410 Noricus
1123 3367 1247 3409 semel
1277 3366 1531 3422 descriptux
1561 3373 1632 3412 PP.
1662 3373 1698 3410 X
1727 3365 1925 3411 traditur.
