2242 3718
248 1057 635 1107 AGADEMIAE
677 1055 1122 1106 SCIENTIARUM
1164 1054 1408 1104 REGIAE
1450 1052 1850 1103 BORUSSICAE

802 1191 1290 1242 PRAEMONITVM

214 1399 333 1443 >Per
377 1397 607 1441 multorum
653 1410 864 1439 annorum
911 1397 1226 1452 multorumque
1271 1397 1459 1440 virorum
1506 1396 1679 1439 labores
1726 1396 1962 1440 Academia

134 1480 413 1525 scientiarum
435 1491 486 1521 eo
508 1477 720 1533 pervenit,
742 1481 788 1520 ut
807 1477 1071 1520 Graecorum
1087 1478 1466 1532 Romanorumque
1484 1476 1716 1527 he1·editaS‚
1748 1481 1962 1530 quatenus

136 1575 192 1606 ea
223 1574 301 1617 per
330 1571 436 1603 aera
466 1561 510 1601 et
540 1570 756 1620 marmora
791 1557 951 1613 scripta
982 1557 1040 1600 ad
1070 1571 1151 1600 nos
1183 1558 1352 1612 perlata
1383 1561 1463 1612 est,
1503 1561 1668 1612 prestet
1705 1557 1888 1600 collecta
1919 1562 1962 1601 et

134 1639 393 1696 regionatim
426 1637 639 1682 ordinata.
701 1638 818 1682 Sane
848 1652 935 1681 non
968 1638 1096 1693 plene
1128 1637 1297 1681 executi
1336 1651 1483 1680 sumus
1518 1636 1661 1679 adhuc
1692 1637 1808 1691 quod
1837 1637 1961 1680 nobis

134 1718 498 1778 proposueramus
518 1718 751 1762 infortunio
784 1733 836 1762 eo
869 1718 984 1774 quod
1016 1731 1268 1773 magnorum
1298 1717 1567 1772 inceptorum
1590 1730 1735 1760 comes
1757 1722 1822 1760 est
1852 1718 1963 1761 adsi-

134 1802 262 1858 duus3
301 1803 529 1856 praeterea
563 1797 784 1843 hereditas
819 1799 896 1842 illa
931 1798 1019 1841 iam
1049 1812 1137 1842 non
1168 1798 1338 1841 casibus
1375 1802 1556 1853 tantum,
1589 1797 1666 1840 sed
1697 1796 1801 1840 data
1831 1811 1963 1854 opera

99 1898 102 1900 ’
136 1883 460 1938 exploratorum
493 1878 818 1934 omnigenarum
848 1879 1041 1935 quotidie
1072 1880 1338 1935 locupletata
1378 1878 1440 1921 ita
1470 1878 1674 1921 continuo
1706 1877 1871 1933 crescit,
1917 1883 1963 1921 ut

135 1975 248 2018 quae
277 1959 409 2004 hodie
438 1959 640 2002 absoluta
670 1958 943 2015 videbantur,
982 1973 1077 2002 cras
1112 1958 1388 2003 inveniantur
1423 1971 1578 2001 manca
1614 1963 1658 2002 et
1697 1957 1960 2014 imperfecta.

134 2040 425 2085 Nihilominus
445 2039 490 2082 id
509 2039 597 2082 iam
618 2038 743 2082 nobis
763 2039 959 2082 videmur
980 2039 1175 2083 adsecuti
1198 2052 1308 2095 esse,
1339 2042 1387 2081 ut
1407 2043 1506 2094 post
1527 2052 1710 2082 messem
1731 2039 1776 2081 in
1797 2038 1963 2082 horreis

135 2120 354 2165 conditam
384 2132 538 2162 manus
567 2118 788 2162 admoveri
811 2119 978 2175 possint
1007 2120 1065 2163 ad
1085 2133 1323 2164 messorum
1355 2132 1510 2174 operas
1540 2118 1789 2163 secutorias.
1850 2119 1962 2161 Nam

137 2199 292 2255 ingens
313 2200 391 2242 illa
420 2203 795 2242 monumentorum
827 2199 1082 2255 scriptorum
1112 2199 1284 2254 farrago
1315 2201 1429 2254 'quae
1450 2198 1640 2242 continet
1660 2198 1704 2241 in
1736 2212 1782 2242 se
1805 2198 1963 2242 eximia

137 2285 181 2324 et
211 2293 290 2336 per
320 2293 367 2323 se
398 2279 531 2332 digna
561 2291 672 2332 quae
701 2278 1003 2333 expendantur
1033 2279 1188 2322 sufficit
1208 2279 1379 2335 publice
1400 2277 1624 2334 proposita
1650 2277 1800 2322 haberi
1823 2292 1964 2322 emen-

135 2360 241 2404 date
288 2357 516 2402 recensita.
577 2356 666 2400 Sed
696 2357 826 2411 longe
863 2357 1035 2412 plurimi
1072 2358 1143 2413 qui
1182 2362 1331 2402 extant
1369 2358 1481 2401 tituli
1521 2371 1616 2400 cum
1656 2362 1883 2402 versentur
1918 2359 1962 2402 in

138 2440 268 2484 rebus
316 2442 391 2482 aut
433 2437 614 2493 privatis
656 2442 732 2479 aut
777 2436 994 2480 inferioris
1031 2438 1192 2482 ordinis
1238 2437 1440 2495 publicis,
1490 2437 1740 2492 singillatim
1789 2438 1961 2493 quidem

139 2517 374 2564 examinati
406 2516 592 2560 utilitate
625 2522 787 2574 carent,
817 2522 863 2560 at
894 2518 1106 2562 coniuncti
1138 2519 1251 2562 inter
1272 2532 1318 2562 se
1340 2523 1383 2562 et
1404 2517 1631 2574 compositi
1662 2531 1757 2560 cum
1787 2517 1962 2573 reliquis

138 2597 321 2644 vetustis
367 2597 502 2653 copiis
547 2598 683 2640 multa
729 2603 772 2641 et
818 2603 1080 2654 aperuerunt
1125 2603 1168 2642 et
1207 2598 1404 2654 aperient
1448 2597 1624 2641 aliunde
1668 2599 1788 2642 nullo
1832 2599 1960 2643 modo

138 2677 328 2735 petenda
373 2681 416 2720 et
458 2676 517 2720 ad
549 2676 786 2732 priscorum
824 2684 1065 2734 temporum
1102 2678 1354 2722 memoriam
1397 2677 1779 2734 redintegrandam
1825 2678 1960 2722 utilia.

137 2759 280 2802 Tanta
299 2762 444 2800 tamen
467 2761 534 2800 est
563 2757 818 2813 scriptorum
840 2763 1212 2802 monumentorum
1234 2758 1360 2814 copia
1381 2762 1588 2814 tantaque
1610 2764 1961 2814 argumentorum

137 2837 380 2893 diversitas,
425 2841 473 2880 ut
501 2837 547 2880 in
578 2851 718 2881 messe
750 2839 936 2882 collecta
966 2837 1140 2881 subsisti
1170 2852 1258 2882 non
1287 2839 1437 2895 possit,
1475 2839 1553 2882 sed
1583 2839 1730 2895 spicae
1762 2843 1961 2895 oporteat

137 2922 346 2973 terantur,
368 2930 505 2972 grana
526 2916 700 2961 diversa
721 2918 1035 2973 discernantur,
1058 2917 1343 2975 excutiantur,
1367 2919 1618 2962 condantur.
1672 2919 1724 2962 Ei
1745 2919 1959 2963 desiderio

138 3011 398 3055 quamquam
428 2997 702 3053 aliquatenus
738 2997 959 3053 provisum
998 3003 1062 3042 est
1098 2997 1327 3055 indicibus,
1372 3013 1478 3054 quos
1517 2999 1698 3053 singulis
1734 3013 1960 3055 corporum

137 3083 383 3122 nostrorum
429 3076 624 3133 partibus
669 3077 772 3120 addi
817 3077 1036 3134 iussimus,
1081 3091 1137 3121 116
1174 3077 1235 3122 sic
1278 3078 1451 3134 quidem
1491 3094 1541 3123 eo
1585 3084 1842 3136 perventum
1881 3085 1959 3135 est,

140 3173 224 3214 quo
254 3156 473 3214 perveniri
504 3161 547 3200 et
578 3161 722 3213 potest
753 3162 795 3201 et
826 3158 968 3201 debet.
1028 3159 1121 3201 Hoc
1152 3157 1424 3201 efficiendum
1456 3164 1534 3215 est,
1566 3163 1614 3202 ut
1645 3163 1958 3214 componantur

137 3238 323 3294 exempli
353 3237 495 3292 gratia
525 3237 870 3292 onomatologica
900 3241 943 3280 61
964 3237 1159 3281 Graecae
1188 3238 1363 3293 linguae
1385 3243 1428 3282 et
1448 3239 1631 3282 Latinae
1663 3243 1706 3282 et
1736 3239 1959 3281 nationum

137 3317 416 3373 reliquarum;
467 3317 569 3361 item
616 3317 900 3377 insigniorum
944 3315 1132 3362 virorum
1178 3317 1374 3361 laterculi
1420 3331 1474 3361 ex
1519 3317 1787 3373 plebeiorum
1832 3316 1959 3359 turba
