2202 3730
278 296 524 333 APRONIVS
1145 287 1227 329 120
1831 292 2079 330 APRONIVS

278 427 359 468 787
391 433 434 469 L.
466 431 734 478 APRONIVS,
780 423 930 465 consul
971 422 1212 476 (suffectus)
1243 437 1280 463 a.
1313 423 1337 463 8
1374 437 1415 478 p.
1447 421 1495 466 C.
1529 436 1625 464 cum
1656 421 1709 465 A.
1740 422 1871 466 Vibio
1903 423 2077 469 Habito,

368 494 520 535 Tituli:
548 495 805 533 memoratur
828 492 875 532 in
903 490 1038 532 titulis
1061 505 1086 531 a
1107 490 1197 544 fiilio
1219 489 1422 531 dedicatis
1441 490 1489 531 X
1508 493 1620 533 7257
1635 495 1683 530 11
1698 504 1734 534 v.
1755 493 1798 541 2,
1829 496 1902 531 ΙΙΙ
1916 505 1953 534 v.
1973 495 2001 533 3
2021 491 2080 547 (1)

365 561 473 615 (risle
502 575 542 602 n.
567 559 661 612 790)
693 562 732 600 et
761 560 806 600 in
837 558 958 600 titulo
989 558 1330 611 Moyontiacensi
1358 557 1617 608 Brambach,
1648 558 1950 612 Inscriptiones
1969 560 2082 602 Rhe-

361 642 502 669 nanac
531 631 615 669 937
643 626 704 681 (2)
734 626 925 668 mulieris
960 625 1177 667 cuiusdam
1207 626 1312 667 civis
1343 627 1563 668 Romanae
1593 627 1778 668 nationis
1800 627 1987 670 Nerviae
2017 629 2079 670 in-

362 698 503 737 munis
533 695 778 748 benefic(io)
813 694 892 748 [L.]
925 694 1104 749 Aproni.

459 764 636 806 Nummi
663 762 890 816 Africani:
928 762 977 815 I)
1011 761 1157 816 oppidi
1191 762 1343 803 incerti
1371 761 1585 816 (Clupeae
1594 763 1633 818 2)
1668 764 1752 806 sub·
1780 764 1952 806 ,Tiberio
1993 765 2084 807 cusi

362 833 571 887 permissu
612 831 663 873 L.
695 831 861 886 Aproni
901 844 1066 886 procos.
1098 830 1165 872 III
1201 829 1244 883 a)
1284 830 1331 872 in
1348 833 1478 884 parte
1518 831 1696 873 adversa
1736 846 1828 874 cum
1867 833 2004 887 capite
2042 835 2082 875 et

360 900 631 953 inscrisptione
666 899 826 941 Tiberii
856 899 1052 940 Mionnet
1092 897 1160 940 VI
1182 912 1230 951 p.
1260 900 1353 948 585,
1380 901 1450 948 26,
1494 899 1657 941 Muller
1680 901 2002 954 numismatique
2032 898 2082 942 cle

363 968 592 1009 l’anci'mne
617 966 801 1020 Afrique
825 966 886 1008 II
900 981 947 1020 p.
968 968 1046 1008 155
1074 980 1115 1007 n.
1135 969 1228 1009 331.
1259 969 1356 1016 332,
1389 965 1529 1008 Cohen
1556 967 1610 1008 12
1633 981 1681 1022 p.
1702 970 1790 1011 208
1815 957 1856 1010 n.
1878 971 1975 1012 216.
1995 971 2084 1012 217

363 1036 453 1088 (qui
471 1035 580 1077 male
602 1035 700 1089 leyit
718 1041 828 1076 PRO.
851 1040 953 1076 COS.
977 1034 1084 1088 1111),
1113 1033 1153 1087 b)
1175 1032 1313 1075 Drusi
1334 1033 1532 1076 Caesaris
1554 1035 1751 1078 Mionnet
1773 1035 1841 1078 VI
1844 1050 1892 1090 p.
1903 1038 1994 1087 585,
2008 1039 2080 1087 27,

364 1103 527 1146 Maller
556 1103 617 1145 II
641 1117 688 1157 p.
719 1105 797 1145 155
825 1116 866 1144 n.
897 1105 999 1152 333,
1033 1116 1081 1156 p.
1111 1104 1189 1144 156
1227 1116 1268 1146 n.
1298 1105 1390 1153 334,
1432 1101 1573 1145 Cohen
1601 1104 1636 1145 I
1658 1118 1705 1158 p.
1726 1106 1813 1147 218
1841 1118 1882 1148 n.
1913 1108 1978 1147 14.
2006 1105 2084 1156 15;

364 1171 438 1224 ΙΙ)
471 1172 523 1212 ab
564 1171 656 1224 ipso
697 1171 787 1212 cusi
814 1171 860 1212 in
890 1173 1020 1224 parte
1054 1170 1231 1212 adversa
1270 1170 1507 1213 exhibentes
1546 1171 1596 1212 L.
1630 1171 1849 1227 Apronius
1879 1172 2082 1230 Hippone

363 1239 523 1281 Libera
545 1239 740 1280 Mionnet
760 1238 829 1281 VI
839 1240 932 1288 589,
949 1241 1014 1293 49,
1040 1238 1202 1280 Miller
1217 1239 1279 1280 II
1282 1253 1330 1292 p.
1349 1241 1432 1281 167
1448 1253 1490 1282 n.
1502 1241 1595 1289 378,
1621 1238 1762 1282 Cohen
1777 1240 1811 1282 Ι
1815 1254 1862 1294 p.
1879 1244 1970 1284 220
1983 1255 2025 1283 n.
2037 1244 2082 1285 2.

448 1308 503 1349 In
529 1307 768 1349 consulatu:
798 1307 849 1348 L.
866 1306 1085 1362 Apronius
1106 1307 1213 1360 fasti
1234 1306 1426 1360 Capitol„
1448 1307 1499 1349 L.
1517 1306 1795 1363 Apronianus
1811 1308 1903 1365 (sic)
1918 1308 2082 1364 Diyest.

363 1379 429 1426 48,
451 1378 516 1425 18,
538 1378 577 1425 8,
610 1375 830 1431 Apronius
850 1375 884 1417 I
908 1377 989 1417 758
1029 1374 1075 1430 (2
1105 1376 1151 1416 in
1181 1378 1336 1417 tessera
1362 1374 1656 1430 yladiatoria).
1686 1401 1744 1405 —
1782 1376 1832 1421 L.
1863 1376 2083 1433 Apronius

363 1445 535 1495 numini,
559 1448 586 1486 t.
610 1448 664 1496 2,·
694 1444 912 1500 Apronius
934 1447 961 1486 t.
983 1447 1029 1495 1,·
1058 1444 1109 1488 L.
1131 1443 1351 1499 Apronius
1371 1444 1455 1486 sive
1474 1443 1693 1500 Apronius
1714 1445 1830 1499 apud
1846 1447 2083 1500 scriptores.

450 1512 497 1555 C.
530 1512 573 1567 f.,
606 1512 653 1556 C.
686 1527 727 1555 n.
758 1513 866 1566 fasti
891 1511 1071 1566 Capitol.
1132 1512 1277 1554 Potest
1306 1513 1499 1554 triumvir
1528 1513 1750 1555 monetalis
1783 1514 1859 1556 sub
1890 1514 2083 1569 Auyusto

364 1581 494 1634 fuisse
521 1581 575 1634 cf.
595 1595 637 1623 n.
661 1583 753 1625 786.
801 1580 921 1622 Bello
949 1579 1192 1622 Dalmatico
1224 1580 1281 1634 (a.
1304 1580 1414 1622 6—9
1436 1595 1475 1637 p.
1500 1580 1567 1636 C.)
1589 1582 1770 1636 insignis
1791 1581 1882 1624 dux
1903 1582 2082 1625 Velleius

364 1653 408 1700 2,
429 1652 522 1699 116,
543 1652 593 1700 3,’
624 1648 773 1690 consul
801 1649 1006 1690 suffectus
1027 1647 1114 1692 kal.
1137 1647 1258 1689 Iuliis
1289 1663 1326 1690 a.
1350 1649 1375 1690 8
1405 1662 1441 1690 v.
1463 1662 1619 1703 supra;
1648 1648 1814 1704 legatus
1836 1649 2084 1693 Germanici

365 1723 540 1773 propter
571 1732 638 1759 res
670 1718 714 1758 in
743 1716 979 1759 Germania
1007 1723 1150 1771 gestas
1182 1716 1459 1772 triumphalia
1489 1717 1676 1772 insignia
1706 1732 1817 1759 anno
1847 1719 1898 1760 15
1926 1719 2086 1761 meruit

371 1785 469 1828 Tac.
492 1800 531 1827 a.
553 1788 590 1835 1,
611 1787 676 1828 56.
701 1788 758 1828 72
778 1785 832 1838 cf.
860 1784 960 1829 Vell.
986 1784 1011 1828 l.
1033 1784 1060 1826 l.
1097 1785 1275 1826 Romam
1299 1799 1498 1827 reversus
1518 1800 1666 1827 mense
1688 1785 1935 1842 Septembri
1965 1802 2005 1829 a.
2030 1787 2084 1830 16

366 1854 411 1895 in
442 1859 593 1895 senatu
624 1854 878 1895 sententiam
907 1854 1019 1895 dixit
1045 1853 1142 1895 Tac.
1166 1867 1205 1895 a.
1227 1856 1270 1903 2,
1293 1856 1365 1896 32.
1401 1853 1639 1896 Proconsul
1659 1853 1836 1896 Africae
1857 1869 1936 1911 per
1955 1855 2085 1897 trien-

368 1923 485 1963 nium
517 1922 573 1975 (a.
606 1922 792 1976 18-20)
824 1928 973 1964 contra
1002 1920 1323 1964 Tacfarinatem
1353 1923 1566 1977 pugnavit
1601 1922 1699 1964 Tac.
1733 1937 1773 1967 a.
1802 1926 1842 1974 3,
1863 1926 1922 1966 21
1931 1936 1946 1974 ,·,
1971 1925 2084 1978 4,13

365 1991 538 2041 nummi,
568 1993 597 2032 t.
617 1994 642 2032 1
674 1997 716 2032 et
748 1990 801 2032 ob
834 2005 902 2032 res
933 1991 976 2031 in
996 1989 1147 2032 Africa
1170 1995 1314 2044 gestas
1346 1990 1621 2046 triumphalia
1651 1998 1901 2034 ornamenta
1930 1992 2085 2034 iterata

367 2065 410 2101 et
436 2065 622 2101 statuam
640 2058 876 2100 laureatam
899 2058 1084 2101 obtinuit
1103 2058 1188 2100 ibd.
1210 2061 1248 2108 4,
1270 2061 1339 2102 23.
1385 2057 1440 2103 Α.
1463 2061 1517 2100 22
1539 2066 1582 2100 et
1604 2060 1659 2102 23
1682 2060 1844 2102 Romae
1864 2061 1909 2102 in
1930 2067 2084 2103 senatu

368 2128 621 2169 sententiam
646 2127 759 2168 dixit
784 2126 870 2169 ibcl.
890 2129 927 2177 3,
950 2130 1004 2169 64
1013 2140 1027 2178 ,·
1054 2130 1093 2176 4,
1116 2129 1179 2170 13.
1231 2126 1283 2168 A.
1306 2127 1359 2168 28
1391 2126 1558 2181 legatus
1580 2127 1839 2170 Germaniae
1869 2118 2084 2171 inferioris

368 2212 394 2239 a
423 2196 572 2238 Frisiis
602 2196 741 2237 victus
780 2195 866 2237 ibcl.
891 2199 930 2246 4,
964 2198 1037 2246 73,·
1066 2198 1131 2246 11,
1154 2198 1206 2237 19
1238 2195 1292 2248 cf.
1324 2198 1361 2245 6,
1382 2198 1458 2247 30,·
1489 2195 1547 2238 acl
1575 2195 1684 2238 hanc
1715 2196 1962 2251 leyationem
1983 2211 2083 2252 per-

369 2266 472 2306 tinet
501 2267 529 2306 t.
552 2268 594 2307 2.
643 2264 716 2306 Ex
737 2264 873 2306 verbis
899 2263 1039 2305 Taciti
1069 2277 1107 2307 a.
1131 2266 1167 2313 6,
1188 2266 1243 2304 30
1267 2262 1538 2306 ‘Gaetulicus
1570 2279 1620 2306 ea
1649 2271 1901 2321 tempestate
1932 2267 1988 2319 (a.
2009 2265 2084 2320 34)

369 2333 596 2389 superioris
620 2333 877 2376 Germaniae
900 2331 1088 2386 legiones
1113 2331 1291 2373 curabat
1311 2358 1362 2363 —
1388 2356 1440 2362 —
1461 2333 1658 2388 proximo
1681 2347 1854 2389 quoque
1869 2333 2084 2375 exercitui

368 2417 445 2457 per
473 2403 524 2444 L.
556 2401 796 2457 Apronium
836 2415 1030 2442 socerum
1068 2415 1153 2441 non
1194 2400 1403 2454 ingratus’
1438 2400 1487 2442 de
1524 2403 1705 2454 ternpore
1732 2414 1861 2454 usque
1891 2400 1950 2443 ad
1975 2400 2087 2456 quod

368 2470 586 2525 Apronius
617 2469 820 2523 locatione
849 2469 1018 2522 functus
1046 2469 1112 2518 sit,
1142 2467 1251 2509 nihil
1281 2468 1385 2510 certi
1413 2468 1655 2510 concludere
1686 2469 1792 2511 licet.

458 2536 652 2593 Apronia
680 2536 780 2591 filia,
812 2535 971 2577 Plautii
1002 2535 1166 2578 Silvani
1198 2550 1309 2577 uxor
1334 2535 1432 2578 Tac.
1455 2550 1495 2578 a.
1514 2539 1553 2586 4,
1576 2539 1662 2588 22;
1691 2535 1828 2578 altera
1855 2535 1944 2578 filia
1972 2537 2084 2580 Len-

370 2605 460 2647 tulo
493 2604 715 2648 Gaetulico
746 2611 883 2660 nupta
907 2604 992 2646 ibd.
1015 2607 1051 2654 6,
1073 2607 1151 2655 30‚·
1181 2605 1231 2646 L.
1262 2603 1483 2659 Apronius
1512 2603 1748 2647 Caesianus
1777 2604 1904 2647 filius.

288 2675 368 2717 788
400 2680 444 2715 L.
475 2679 721 2714 APRONIVS
755 2679 1045 2723 CAESIANVS,
1078 2672 1229 2715 consul
1254 2687 1292 2714 a.
1313 2673 1368 2715 39
1398 2687 1495 2715 cum
1516 2672 1565 2715 C.
1589 2672 1773 2716 Caesare
1794 2673 1851 2716 II.
1901 2673 2086 2716 Titulum

370 2742 576 2784 dedicavit
612 2742 658 2783 in
697 2744 832 2783 monte
870 2741 1009 2796 Eryce
1047 2741 1095 2783 X
1133 2744 1254 2785 7257.
1291 2766 1348 2770 ——
1386 2742 1442 2783 In
1482 2741 1723 2784 consulatu:
1773 2742 1823 2784 L.
1865 2741 2084 2798 Apronius

371 2810 606 2852 Caesianus
636 2810 744 2863 fasti
771 2810 938 2852 Antiat.
969 2810 1017 2852 X
1043 2812 1162 2858 6638,
1203 2813 1301 2852 acta
1327 2809 1478 2852 Arval.
1511 2809 1580 2852 VI
1600 2812 1743 2862 2029;
1781 2810 1828 2853 Λ.
1870 2809 2085 2868 Ἀπρώνιος

370 2877 562 2924 Κελιανὸς
591 2879 616 2934 ἢ
647 2877 860 2925 Κεστιανός
891 2878 1077 2920 traditur
1105 2877 1192 2920 Dio
1223 2877 1310 2920 ind.
1343 2877 1368 2919 l.
1390 2878 1456 2928 59,
1488 2878 1539 2920 L.
1570 2877 1790 2934 Apronius
1820 2877 1908 2920 Dio
1927 2881 1993 2929 59,
2015 2881 2081 2928 19,

373 2950 549 2988 ceterum
579 2946 814 2988 Caesianus
845 2947 962 2999 fasti.
990 2971 1046 2975 —
1075 2946 1131 2989 In
1161 2946 1283 2988 titulo
1311 2947 1486 2988 nomina
1507 2947 1753 3000 perierunt;
1782 2947 1834 2989 L.
1864 2945 2085 3003 Apronius

377 3015 474 3057 Tac.
508 3029 547 3057 a.
577 3018 615 3065 3,
638 3019 707 3065 21,
739 3015 826 3057 Dio
855 3017 919 3065 58,
942 3018 1008 3066 19,
1030 3019 1068 3065 1,
1099 3015 1175 3057 ubi
1203 3015 1322 3069 vulqo
1354 3014 1505 3069 leyitur
1535 3016 1720 3072 ἐφείσατο
1752 3017 1796 3058 δὲ
1824 3016 1890 3058 καὶ
1917 3015 2084 3058 Λευκίου

372 3083 562 3140 Σηιανοῦ,
604 3083 730 3124 codem
760 3083 934 3125 Venetus
963 3083 1078 3138 (teste
1106 3083 1357 3125 Boisscvain
1393 3083 1665 3138 Mnemosyne
1694 3085 1802 3126 1885
1822 3097 1870 3137 p.
1889 3085 1987 3139 314)
2017 3096 2086 3125 ex-

372 3151 485 3192 hibet
511 3152 576 3193 καὶ
605 3152 760 3193 λουκίου
790 3152 853 3193 καὶ
884 3155 1038 3203 σεανοῦ,
1079 3150 1328 3204 Xiplzilinus
1357 3149 1570 3208 Κασιανοῦ,
1600 3151 1711 3193 unde
1740 3153 1896 3192 certum
1923 3151 2087 3193 videtur

373 3219 555 3261 Dionem
590 3220 806 3273 scripsisse
845 3220 1010 3262 Λευκίου
1052 3221 1287 3274 Καισιανοῦ,
1328 3220 1427 3262 item
1455 3219 1486 3274 ἕ
1517 3223 1548 3262 2
1578 3221 1717 3276 καίπερ
1748 3221 1972 3262 Καισιανῶν
2003 3218 2086 3272 (καὶ

375 3288 553 3344 Σηιανῶν
584 3287 733 3341 vulgo)
766 3288 804 3334 ἐξ
835 3289 984 3330 ἐκείνου
1016 3290 1171 3331 πάντων
1202 3293 1280 3330 τῶν
1311 3291 1527 3346 φαλακρῶν
1556 3287 1870 3344 ὀνομαζομένων.

458 3356 509 3398 L.
537 3355 579 3411 f.,
611 3355 723 3398 filius
754 3356 805 3398 L.
826 3355 1009 3412 Apronii
1040 3355 1226 3398 consulis
1257 3371 1295 3399 a.
1326 3357 1352 3399 8
1382 3371 1424 3413 p.
1456 3355 1504 3400 C.
1533 3356 1588 3410 cf.
1619 3356 1697 3407 tit„
1727 3355 1811 3398 sub
1841 3361 1964 3411 patre
1993 3368 2088 3412 pro·
