2202 3730
285 293 536 329 ANTONIVS
1160 283 1215 325 92
1833 288 2089 327 ANTONIVS
2145 330 2147 332 ,

287 425 371 467 633
401 423 637 475 Antonius,
684 435 814 476 eques
859 421 1080 462 Romanus
1124 434 1162 461 a.
1201 419 1256 462 55
1301 418 1355 461 ob
1399 419 1611 483 veneficia
1649 434 1676 461 a
1713 419 1885 462 Nerone
1924 420 2090 462 occisus

370 492 458 534 Dio
487 494 551 540 61,
585 493 621 532 7.

287 566 371 607 634
401 565 628 618 Antonius,
661 563 907 619 praefectus
938 561 1030 603 alae
1060 561 1172 604 bello
1203 561 1381 604 Iudaico
1402 561 1567 615 Ioseph.
1590 561 1683 604 bell.
1703 564 1743 612 3,
1763 564 1807 613 2,
1828 564 1928 604 1-3.

287 640 370 683 635
404 638 632 691 Antonius,
666 637 859 678 centurio
890 635 1001 678 bello
1032 635 1211 678 Iudaico
1238 635 1403 691 Ioseph.
1427 636 1520 678 bell.
1541 638 1581 686 3,
1605 638 1642 686 7,
1664 636 1730 678 35.

288 713 371 755 636
402 711 628 765 Antonius,
663 711 855 752 centurio
888 725 925 751 a.
955 710 1036 752 175
1066 709 1155 752 Dio
1176 713 1240 760 71,
1263 713 1333 753 27.

286 791 368 834 637
399 796 577 832 IVLLVS
607 795 872 842 ANTONIVS,
906 787 1055 830 consul
1082 803 1119 830 a.
1155 788 1239 830 744
1268 809 1324 823 =
1356 790 1409 831 10
1438 804 1476 830 a.
1508 787 1556 831 C.
1589 803 1688 831 cum
1716 787 1923 830 Africano
1953 787 2104 830 Fabio-

371 859 576 901 Maximo.
610 858 788 900 Rectam
799 858 1094 911 praenominis
1113 858 1297 911 formam
1318 857 1548 900 docuerunt
1569 860 1596 900 t.
1617 858 1809 900 urbanus
1829 858 1883 899 ab
1899 856 2091 911 Auyusto

372 928 540 982 positus
573 926 742 968 Notieie
781 925 892 980 deyli
926 926 1044 967 soavi
1079 928 1194 968 1888
1225 940 1273 980 p.
1304 929 1389 969 244
1419 924 1477 979 (1)
1518 924 1628 967 Iullo
1666 924 1854 967 Antonio
1884 924 2091 967 Africano

370 995 508 1037 Fabio
530 1010 614 1037 cos.
647 998 687 1036 et
716 997 743 1036 t.
768 994 909 1036 liberti
935 994 993 1035 M.
1017 993 1179 1036 Antoni
1200 993 1303 1036 Iulli
1333 994 1468 1050 patris
1499 994 1526 1035 l.
1548 994 1743 1036 Rufionis
1775 993 1843 1036 VI
1853 996 1996 1037 12010
2015 993 2091 1048 (2).

370 1063 503 1118 Apud
527 1063 754 1117 scriptores
781 1076 929 1104 nomen
954 1055 1168 1109 insolitum
1199 1077 1226 1104 a
1256 1062 1450 1104 librariis
1470 1062 1717 1116 plerumque
1745 1065 1990 1116 corruptum
2018 1065 2090 1112 est,

370 1131 443 1174 sed
469 1134 578 1173 recte
605 1130 706 1173 Iull-
734 1130 822 1173 Dio
850 1132 917 1180 51,
948 1132 1023 1182 15,·
1050 1131 1115 1181 54,
1147 1134 1217 1180 26,
1256 1129 1496 1173 Cassiodor.
1527 1130 1614 1174 chr.
1645 1145 1685 1172 a.
1718 1133 1808 1181 744,
1840 1129 2019 1172 Horatii
2046 1130 2093 1172 in

369 1200 640 1253 inscriptione
670 1213 798 1242 carm.
819 1202 858 1248 4,
879 1201 911 1241 2
940 1202 980 1240 et
1007 1199 1054 1240 in
1082 1212 1118 1241 v.
1140 1202 1172 1242 2
1202 1198 1406 1241 librorum
1427 1212 1537 1253 pars
1566 1199 1746 1241 servavit
1768 1197 1882 1253 Iull-,
1916 1198 1996 1240 alii
2023 1212 2091 1240 εω-

372 1269 514 1310 hibcnt
551 1267 665 1322 Iuli-‚
708 1267 787 1309 alii
824 1266 931 1321 Iul-3
971 1266 1071 1309 Iuli-
1104 1266 1282 1309 Velleius
1311 1271 1354 1317 2,
1385 1270 1479 1318 100,
1506 1270 1545 1317 4,
1578 1266 1749 1310 Sueton.
1779 1265 1936 1309 Claud.
1967 1270 2011 1317 2,
2043 1266 2092 1308 de

369 1339 593 1391 yrammat.
624 1339 686 1385 10,
725 1336 821 1378 Tac.
856 1351 894 1378 a.
925 1340 962 1386 1,
994 1339 1072 1387 10;
1098 1339 1137 1386 3,
1170 1338 1247 1388 18;
1276 1339 1315 1386 4,
1347 1339 1418 1386 44,
1450 1335 1614 1390 Ioseph.
1649 1338 1737 1377 ant.
1767 1338 1832 1386 16,
1863 1339 1902 1386 6,
1935 1338 1973 1386 7,
2004 1334 2092 1378 Dio

369 1408 435 1455 54,
455 1408 531 1455 36‚·
558 1406 623 1454 55,
645 1407 712 1446 10.
770 1403 877 1446 Cum
907 1407 1062 1446 constet
1091 1404 1201 1446 inter
1233 1417 1369 1446 onmes
1397 1418 1541 1446 veram
1566 1404 1749 1446 nominis
1783 1404 1967 1457 formam
1994 1402 2092 1447 Iull-

368 1474 520 1526 ubique
549 1472 849 1514 restituendam
878 1486 974 1522 esse,
1008 1472 1284 1515 librariorum
1304 1486 1467 1515 errores
1486 1473 1607 1526 infra
1624 1486 1709 1514 non
1728 1472 1816 1514 iam
1838 1468 2091 1531 curabimus.

456 1550 704 1601 Nummum,
746 1565 865 1605 quem
905 1551 1124 1605 descripsit
1152 1551 1332 1601 Floree,
1374 1551 1593 1594 Medallas
1633 1551 1682 1594 de
1722 1551 1787 1594 las
1821 1551 2007 1593 colonias
2037 1550 2094 1594 da

370 1620 553 1673 Espana
582 1620 615 1661 I
638 1634 685 1673 p.
706 1622 786 1661 331
827 1619 953 1674 (unde
983 1619 1169 1673 pendent
1209 1620 1405 1662 Mionnet
1445 1619 1596 1674 Suppl.
1628 1620 1662 1662 I
1684 1634 1731 1674 p.
1762 1622 1820 1663 72
1856 1634 1898 1662 n.
1929 1622 2018 1663 412
2055 1622 2095 1662 et

369 1688 619 1730 recentiores
649 1687 801 1741 omnes)
840 1687 1097 1730 exhibentem
1133 1687 1360 1730 secundum
1387 1687 1635 1730 Floresium
1672 1689 1719 1730 in
1749 1691 1878 1742 parte
1917 1687 2095 1731 adversa

372 1759 498 1811 caput
522 1756 709 1810 Auyusti
738 1770 831 1797 cum
860 1756 1133 1810 inscriptione
1164 1755 1361 1810 Augusto
1392 1756 1449 1798 D.
1471 1756 1528 1801 D.
1551 1755 1600 1799 C.
1623 1755 1671 1799 C.
1699 1756 1752 1799 N.
1776 1756 1837 1811 0.,
1869 1756 1917 1798 in
1946 1771 2096 1800 aversa

372 1825 515 1878 capita
542 1824 587 1867 C.
619 1824 819 1867 Caesaris
849 1827 888 1866 ct
917 1825 967 1867 L.
997 1823 1217 1874 Caesaris,
1260 1825 1306 1866 in
1342 1824 1478 1866 medio
1509 1823 1557 1868 O.
1589 1825 1662 1879 L.‚
1701 1839 1794 1867 cum
1823 1825 2095 1879 inscriptione

369 1893 429 1936 M.
462 1894 664 1935 Petronio
696 1891 745 1935 C.
771 1891 882 1934 Iulio
913 1891 1103 1935 Antonio
1134 1893 1259 1935 IIvir.
1311 1892 1522 1947 Boryhesi
1551 1907 1644 1947 opp.
1666 1893 1701 1935 I
1713 1908 1762 1947 p.
1783 1896 1863 1935 469
1895 1896 1934 1935 et
1962 1892 2092 1937 Wad-

371 1961 543 2015 dinyton
571 1960 726 2003 Fastes
746 1976 794 2015 p.
815 1964 895 2003 100
925 1960 983 2003 ad
1008 1960 1311 2015 Carthayinem
1345 1974 1498 2003 novam
1537 1964 1576 2003 et
1614 1961 1673 2003 ad
1707 1964 1898 2004 nostrum
1925 1961 2094 2004 rettule-

366 2032 489 2080 runt,
531 2043 623 2071 cum
650 2029 811 2072 Eckhel
839 2030 873 2071 I
886 2044 934 2083 p.
957 2033 1013 2072 43
1044 2043 1137 2071 eum
1164 2043 1379 2071 nummum
1406 2029 1546 2071 dubiis
1574 2030 1662 2071 suis
1690 2043 1775 2072 nan
1803 2043 1958 2072 vacare
1984 2032 2094 2086 recte

369 2098 615 2151 scripsisset.
664 2097 848 2140 Illorum
875 2099 1082 2140 sententia
1111 2111 1205 2139 cum
1233 2098 1442 2151 refutetur
1469 2097 1591 2139 titulo
1619 2111 1755 2152 nuper
1781 2101 1968 2152 reperto,
2007 2101 2095 2140 tum

369 2180 562 2207 nummus
584 2166 655 2208 ille
675 2166 784 2208 male
805 2166 1035 2220 descriptus
1055 2180 1140 2208 esse
1161 2169 1200 2208 et
1221 2166 1279 2208 ad
1296 2164 1498 2208 Cnossum
1518 2164 1667 2208 Cretae
1686 2167 1902 2220 pertinere
1930 2166 2095 2209 videtur

370 2234 424 2287 cf.
455 2234 832 2287 Imhoof-Blumer,
866 2235 1095 2277 Monnaies
1121 2247 1320 2289 yrecques
1339 2249 1388 2288 p.
1409 2236 1507 2277 214.

454 2313 511 2355 In
537 2314 779 2356 consulatu:
802 2313 938 2356 Iullus
959 2313 1177 2356 Antonius
1207 2316 1234 2356 t.
1254 2317 1291 2364 1,
1325 2313 1495 2358 Sueton.
1519 2313 1672 2365 Claud.
1693 2317 1737 2365 2,
1759 2313 1845 2357 Dio
1865 2313 1952 2356 ind.
1977 2314 2003 2356 l.
2024 2316 2091 2365 54,

371 2379 630 2432 Cassiodor.,
662 2381 799 2425 Iullus
828 2382 918 2424 Dio
947 2385 1012 2432 54,
1046 2386 1111 2425 36.
1141 2407 1198 2412 —-
1238 2382 1473 2424 Praeterea
1501 2381 1639 2425 Iullus
1667 2382 1884 2425 Antonius
1915 2382 2094 2425 Velleius

369 2453 412 2499 2,
441 2453 529 2500 100,
559 2454 597 2499 4,
636 2451 733 2492 Tac.
765 2465 804 2492 a.
835 2453 875 2500 3,
906 2453 962 2493 18
970 2464 983 2502 ,·
1010 2454 1049 2500 4,
1080 2453 1146 2500 44,
1180 2450 1350 2494 Sueten.
1383 2449 1433 2492 de
1460 2453 1686 2505 yrammat.
1718 2453 1785 2501 18,
1816 2450 1981 2505 Ioseph.
2003 2454 2091 2494 ant.

371 2521 433 2568 16,
454 2521 491 2567 6,
517 2521 553 2568 7,
585 2517 673 2561 Dio
692 2519 756 2568 55,
777 2522 854 2570 10,·
882 2518 1018 2561 Iullus
1045 2519 1142 2561 Tac.
1166 2533 1205 2563 a.
1226 2522 1264 2569 1,
1287 2522 1355 2570 10,
1386 2518 1475 2561 Dio
1495 2520 1561 2569 51,
1584 2521 1661 2570 15,·
1690 2518 1906 2561 Antonius
1932 2519 2094 2563 Seneca

370 2585 420 2628 de
451 2587 651 2628 brevitate
679 2587 750 2628 vit.
780 2590 818 2637 4,
851 2590 889 2638 6,
921 2587 1145 2631 Plutarch.
1173 2586 1331 2629 Anton.
1358 2590 1417 2630 87
1423 2601 1438 2639 ,·
1466 2587 1677 2630 Horatius
1708 2601 1837 2630 carm.
1865 2591 1905 2638 4,
1932 2590 1964 2631 2
2001 2602 2094 2630 ewm

369 2654 614 2707 adloquitur
642 2654 752 2696 Iulle
781 2669 816 2697 v.
847 2658 900 2706 2,
940 2655 1104 2698 Antoni
1134 2669 1171 2698 v.
1198 2659 1269 2699 26.
1303 2681 1355 2685 -
1392 2656 1513 2709 Quod
1551 2656 1725 2698 libertus
1763 2656 1809 2698 in
1842 2659 1870 2698 t.
1899 2660 1932 2699 2
1961 2647 2091 2711 prae-

367 2723 533 2764 nomine
555 2722 704 2764 Marci
721 2724 871 2774 utitur,
902 2724 1024 2766 solito
1045 2738 1159 2766 more
1170 2726 1396 2777 patronus,
1429 2738 1521 2766 cum
1545 2723 1646 2766 Iulli
1667 2738 1928 2778 praenomen
1953 2724 2093 2767 nobile

370 2794 492 2844 atque
522 2793 723 2832 remotum
744 2792 796 2833 ab
821 2805 901 2833 usu
927 2792 1097 2846 vulyari
1126 2792 1274 2834 liberto
1306 2792 1472 2834 omnino
1503 2792 1603 2835 dari
1629 2805 1714 2834 non
1735 2795 1891 2846 posset,
1920 2792 2094 2847 vulyare

370 2858 578 2911 quoddam
609 2873 658 2900 ex
688 2860 867 2901 arbitrio
898 2859 1047 2902 liberto
1076 2860 1291 2914 impertiit.

455 2937 515 2979 M.
536 2937 717 2980 Antonii
750 2953 805 2980 ex
825 2938 982 2981 Fulvia
1007 2939 1122 2982 filius
1151 2940 1293 2982 minor
1313 2939 1536 2982 Plutarch.
1558 2939 1714 2982 Anton.
1734 2942 1802 2990 87,
1833 2938 1921 2982 Dio
1939 2942 2004 2990 51,
2027 2941 2091 2991 15,

370 3005 455 3047 ind.
475 3005 501 3047 l.
516 3008 582 3056 54,
606 3006 777 3049 Sueton.
795 3007 843 3050 de
856 3011 1081 3062 yraniniat.
1099 3011 1164 3052 18.
1191 3008 1310 3050 Dum
1324 3014 1447 3064 pater
1467 3009 1514 3049 in
1528 3008 1691 3050 oriente
1710 3013 1914 3062 moratur,
1932 3009 2092 3050 Romae

368 3073 423 3115 ab
442 3072 627 3116 Octavia
649 3074 856 3117 educatus
878 3082 942 3117 est
957 3075 1180 3118 Plutarch.
1192 3075 1350 3118 Anton.
1371 3078 1437 3126 54,
1461 3075 1668 3130 magistro
1691 3090 1792 3117 usus
1807 3076 1858 3118 L.
1875 3074 2091 3118 Crassicio

369 3143 648 3197 grammatico
682 3143 850 3185 Sueton.
884 3143 909 3185 l.
942 3143 968 3187 l.
1027 3144 1132 3186 Post
1161 3158 1310 3186 necem
1339 3144 1474 3199 patris
1505 3158 1543 3185 a.
1571 3142 1655 3185 724
1683 3162 1738 3178 =
1769 3143 1824 3186 30
1855 3144 1989 3186 vitam
2019 3143 2092 3187 ob-

371 3211 500 3252 tinuit
530 3217 572 3253 et
599 3211 775 3252 summis
806 3211 1041 3254 honoribus
1072 3212 1128 3255 ab
1158 3211 1358 3267 Augusto
1390 3211 1567 3254 affectus
1598 3216 1663 3253 est
1688 3210 1911 3254 Plutarch.
1932 3211 2090 3257 Anton.

370 3281 437 3329 87,
468 3278 557 3321 Dio
587 3281 652 3329 51,
676 3281 738 3329 15,
771 3280 843 3334 qui
886 3280 926 3321 ei
957 3279 1208 3322 Marcellam
1240 3279 1487 3335 (iuniorem)
1518 3279 1578 3323 M.
1608 3277 1832 3336 Agrippae
1862 3279 2094 3323 abductam

371 3348 416 3388 in
454 3347 776 3389 matrimonium
818 3346 936 3389 dedit
965 3347 1188 3392 Plutarch.
1221 3348 1246 3391 l.
1279 3348 1306 3393 l.
1337 3349 1392 3403 cf.
1424 3347 1602 3391 Velleius
1630 3350 1674 3398 2,
1705 3350 1793 3398 100,
1824 3350 1872 3398 4,
1920 3347 2017 3392 Tac.
2049 3362 2090 3391 a.
