2202 3730
113 282 317 320 CASSIVS
370 304 373 306 -
973 275 1057 316 313
1716 276 1916 313 CASSIVS

196 412 315 467 epist.
334 414 374 462 4,
397 414 435 462 7,
462 411 562 454 Tae.
583 425 624 454 a.
645 414 684 462 1,
704 413 776 462 32,
807 410 950 454 Victor
976 409 1096 454 Caes.
1121 413 1160 461 3,
1193 409 1349 453 Zosim.
1371 412 1411 460 1,
1436 412 1475 460 6,
1506 407 1731 451 Plutarch.
1754 406 1916 451 Moral.

191 495 240 536 p.
270 483 395 524 170e.
573 518 585 523 -

109 549 192 593 417
225 554 422 592 CASSIVS
461 553 719 599 CLEMENS‚
761 553 954 602 senator,
995 562 1093 590 cum
1129 546 1358 588 Pescennii
1392 545 1517 600 Nigri
1556 550 1702 601 partes
1741 550 1917 587 secutus

195 616 295 659 reus
334 616 474 659 factus
509 613 646 670 esset,
686 631 713 658 a
753 615 960 672 Septimio
1002 615 1167 659 Severo
1207 613 1432 657 absolutus
1471 619 1537 656 est
1575 612 1754 655 dimidia
1794 619 1917 670 parte

196 685 409 727 bonorum
440 699 645 726 concessa
673 683 761 727 Dio
784 688 848 735 74,
870 687 896 727 9
927 682 1143 736 (Zonaras
1171 686 1241 734 12,
1262 682 1320 739 8).

111 755 195 797 418
226 761 267 798 P.
299 759 498 795 CASSIVS
539 758 746 795 DEXTER
783 755 1042 795 memoratur
1079 753 1126 795 in
1163 754 1335 794 senatus
1372 751 1558 794 consulto
1595 765 1636 794 a.
1671 752 1754 794 138
1792 749 1916 793 VIII

194 825 279 865 270
307 841 364 856 =
395 821 519 864 VIII
542 820 589 864 S.
621 823 753 864 11451
784 819 844 877 (1)
875 823 915 863 et
946 821 990 862 in
1017 823 1045 864 t.
1073 819 1290 863 Canusino
1317 819 1465 861 umoris
1493 818 1574 861 IX
1595 822 1676 861 330
1706 818 1782 874 (2).

279 889 545 932 Praenomeu
574 889 769 931 exhibent
797 888 924 930 tituli.
970 888 1022 930 L.
1052 888 1096 942 f.,
1129 887 1246 930 tribu
1275 887 1463 930 Aemilia
1492 890 1520 929 t.
1547 890 1586 931 1.
1615 911 1674 917 —
1703 887 1919 940 Quaestor

193 974 231 1001 a.
265 958 345 1001 138
376 961 405 1000 t.
426 961 474 1009 1;
504 956 747 1014 proconsul,
779 957 848 999 cui
878 956 1006 998 divus
1037 957 1142 999 Pius
1174 956 1396 1012 rescripsit
1415 955 1580 1010 Diyest.
1599 958 1666 1006 36,
1687 958 1726 1005 1,
1748 958 1816 1006 17,
1839 958 1897 997 17
1905 969 1919 1007 ,·

192 1029 260 1077 40,
280 1028 320 1077 5,
343 1029 412 1076 30,
434 1029 484 1078 6,·
511 1029 582 1077 42,
605 1029 645 1076 1,
664 1028 731 1070 31.
776 1025 935 1068 VIIvir
956 1024 1200 1081 epulonum,
1224 1025 1404 1067 maritus
1423 1024 1596 1066 Anniae
1617 1024 1801 1066 Rufinae
1821 1030 1851 1068 t.
1871 1027 1914 1068 2.

107 1095 191 1138 419
223 1100 423 1136 CASSIVS
463 1092 550 1136 DIO
592 1099 925 1148 COCCEIANVS,
969 1092 1122 1135 consul
1161 1093 1207 1135 Π
1245 1107 1358 1135 anno
1399 1094 1483 1135 229
1522 1107 1618 1134 cum
1658 1093 1917 1148 imperatore

192 1163 354 1206 Severo
384 1161 651 1205 Alexandro.
683 1185 735 1192 —
771 1162 828 1204 Iu
866 1160 1086 1204 consulatu
1124 1161 1280 1204 altero:
1320 1160 1495 1204 Cassius
1534 1161 1622 1203 Dio
1651 1159 1917 1203 Cocceianus

194 1231 421 1285 fraqmeut.
453 1229 585 1272 Vatie.
606 1232 692 1272 266
703 1243 756 1279 a,
776 1228 953 1272 Cassius
983 1229 1068 1271 Dio
1096 1229 1185 1271 III
1200 1232 1320 1271 3511.
1350 1231 1471 1279 5587,
1501 1228 1569 1271 VI
1580 1231 1707 1278 2968,
1740 1230 1919 1270 ceterum

193 1299 280 1341 Dio
309 1299 428 1352 fasti.
449 1322 508 1328 —
535 1297 642 1341 Δίων
673 1298 694 1341 ὁ
724 1298 900 1344 Κάσσιος
925 1299 1186 1353 χρηματίσας,
1217 1298 1238 1340 ὁ
1270 1299 1434 1353 ἐπίκλην
1456 1298 1641 1354 Κοκήιος,
1673 1299 1709 1339 οἱ
1741 1297 1784 1339 δὲ
1813 1297 1918 1339 Κοκ-

192 1366 352 1424 κηιανός
390 1366 553 1410 Suidas
581 1379 615 1408 s.
644 1379 684 1408 v.
712 1366 818 1409 Δίων
851 1381 899 1420 p.
930 1369 1038 1407 1410
1079 1365 1141 1408 ed.
1178 1365 1460 1420 Beruliardy;
1500 1366 1648 1422 βιβλίον
1689 1363 1918 1408 Κασσιανοΰ

193 1437 417 1479 Κοκκιανοό
446 1437 471 1491 ἢ
501 1436 676 1478 Κοκκίου
706 1434 858 1482 Δίωνος
887 1433 1071 1477 Photius
1102 1434 1200 1477 bibl.
1232 1436 1282 1477 71
1305 1449 1354 1489 p.
1375 1436 1441 1486 35,
1472 1437 1652 1476 ceterum
1678 1433 1801 1487 vulyo
1831 1432 1917 1474 Dio

195 1503 312 1559 apud
330 1504 601 1559 posteriores,

278 1573 429 1615 Patria
458 1573 497 1614 ei
527 1572 613 1614 fuit
641 1571 804 1615 Nicaea
833 1570 938 1614 urbs
967 1571 1202 1627 Bithyniae
1230 1569 1318 1614 Dio
1351 1573 1414 1622 75,
1442 1573 1497 1614 15
1527 1569 1728 1625 (Νικαιεύς
1759 1569 1919 1613 Suidas

193 1640 219 1683 l.
252 1639 310 1695 l.),
343 1647 467 1696 pater
488 1639 702 1694 (Cassius)
724 1639 1004 1696 Apronianus
1024 1638 1114 1681 Dio
1132 1642 1198 1690 49,
1219 1642 1274 1682 36
1283 1653 1297 1691 ;
1326 1642 1391 1690 69,
1414 1643 1464 1690 1,·
1494 1642 1563 1690 72,
1590 1642 1638 1690 7;
1665 1652 1759 1680 eum
1778 1637 1919 1680 Dione

193 1707 420 1753 Cocceiauo
458 1708 634 1759 rhetore,
676 1709 750 1762 qui
787 1711 827 1751 et
863 1708 952 1762 ipse
990 1707 1204 1762 Bithynus
1247 1708 1352 1761 fuit,
1392 1707 1695 1750 necessitudine
1733 1706 1917 1761 quadam

189 1780 368 1832 propter
395 1777 570 1820 uomina
600 1777 844 1819 coniunctus
871 1775 1048 1826 videtur,
1080 1776 1265 1830 fortasse
1290 1790 1370 1830 per
1396 1779 1586 1819 matrem.

279 1846 419 1888 Natus
450 1846 567 1888 circa
596 1860 634 1888 a.
669 1845 761 1900 155,
797 1859 897 1887 cum
926 1850 1049 1901 patre
1078 1844 1160 1886 fuit
1189 1845 1235 1886 in
1266 1843 1431 1899 Cilicia,
1475 1859 1574 1886 cum
1603 1850 1727 1900 pater
1754 1844 1795 1886 ei
1824 1858 1920 1901 pro—

75 1915 79 1918 ’
117 1972 126 1973 7
192 1915 362 1956 vinciae
392 1919 612 1971 praeesset
640 1912 728 1956 Dio
760 1917 829 1964 72,
854 1917 892 1958 7.
942 1912 1071 1956 Anno
1102 1913 1182 1955 180
1214 1914 1395 1955 Romam
1424 1912 1656 1955 translatus
1687 1919 1920 1969 quaestura

194 1983 371 2026 functus
400 1982 597 2037 videtur,
639 1996 739 2024 nam
769 1981 871 2023 inde
899 1980 955 2024 ab
986 1979 1108 2023 initio
1140 1982 1264 2037 regni
1297 1981 1525 2024 Commodi
1556 1988 1728 2023 senator
1757 1983 1919 2024 Romae

193 2051 276 2095 fuit
314 2066 394 2108 per
430 2057 567 2094 totum
607 2051 699 2092 eius
741 2051 972 2107 imperium
1010 2049 1099 2093 Dio
1130 2053 1198 2105 72,
1229 2053 1257 2092 4
1297 2051 1352 2104 cf.
1385 2053 1451 2093 16.
1483 2054 1549 2093 17.
1590 2053 1662 2093 20.
1706 2054 1777 2094 21.
1847 2048 1917 2091 Ab

193 2121 449 2176 imperatore
487 2119 716 2161 Pertinace
757 2118 827 2171 (m.
858 2118 1181 2173 Iam—April.
1213 2133 1253 2161 a.
1284 2118 1381 2174 193)
1423 2134 1522 2161 cum
1558 2118 1653 2161 aliis
1683 2118 1919 2160 honoribus

192 2189 372 2232 affectus
413 2194 504 2229 tum
543 2194 720 2244 praetor
749 2188 1001 2242 designatus
1039 2194 1105 2229 est
1133 2186 1221 2230 Dio
1253 2190 1318 2238 73,
1348 2191 1418 2230 12.
1480 2187 1634 2231 Consul
1666 2187 1700 2229 I
1721 2185 1921 2239 suffectus

194 2270 306 2299 armo
344 2257 525 2306 incerto,
567 2256 622 2310 cf.
654 2260 720 2307 60,
746 2260 779 2300 2
815 2258 928 2312 ἡμεῖς
967 2257 1003 2298 οἱ
1042 2255 1318 2307 ὑπατευκότες,
1357 2259 1422 2306 76,
1453 2259 1508 2297 16
1547 2256 1752 2299 ὑπατεύων
1789 2254 1919 2312 εὖρον.

194 2325 350 2368 Comes
380 2324 653 2380 imperatoris
682 2323 893 2366 Antonini
916 2322 1166 2378 (Caracalli)
1188 2323 1328 2365 hieme
1358 2338 1397 2367 a.
1425 2324 1609 2366 216s2l7
1641 2323 1919 2366 Nicomediae

195 2392 278 2436 fuit
314 2392 405 2436 Dio
444 2396 510 2443 77,
541 2395 607 2435 17.
638 2394 716 2444 18;
755 2395 821 2442 78,
852 2395 893 2434 8.
957 2391 1028 2434 Ab
1074 2393 1333 2448 imperatore
1375 2391 1572 2433 Macrino
1618 2392 1674 2445 (a.
1715 2391 1918 2447 217J218)

197 2461 448 2517 Smyrnaeis
481 2467 524 2503 et
553 2461 834 2515 Pergamenis
870 2461 1142 2516 praepositus
1174 2459 1350 2512 (seilicet
1378 2463 1552 2503 curator
1580 2460 1643 2502 vel
1673 2460 1833 2514 leyatus
1864 2460 1922 2503 ad

195 2529 489 2584 eorriyeudum
518 2532 676 2571 statum
706 2528 982 2583 eivitatium),·
1023 2528 1164 2570 hieme
1202 2543 1240 2573 a.
1274 2528 1459 2571 218s219
1490 2529 1691 2583 Pergami
1722 2529 1804 2571 fuit
1831 2528 1920 2571 Dio

196 2601 261 2648 79,
289 2601 328 2640 7.
385 2596 495 2639 Inde
533 2598 578 2638 in
618 2597 870 2654 Bithyniam
909 2597 1128 2654 profectus
1168 2598 1213 2639 in
1251 2596 1450 2639 morbum
1490 2597 1653 2652 incidit,
1693 2597 1793 2639 dein
1824 2613 1919 2654 pro-

193 2665 343 2708 consul
372 2665 548 2708 Africae
587 2672 862 2722 nuncupatus
903 2666 995 2721 (sub
1035 2666 1207 2708 initium
1246 2666 1417 2720 imperii
1443 2665 1701 2720 Aleoeandrz)
1742 2667 1786 2707 in
1820 2681 1918 2723 pro-

194 2734 381 2776 vinciam
421 2749 467 2776 se
506 2734 710 2788 contulitt,
751 2734 868 2777 unde
906 2735 951 2776 in
981 2733 1151 2776 Italiam
1192 2749 1394 2776 reversus
1426 2741 1544 2776 recta
1574 2749 1711 2790 paene
1741 2736 1784 2777 in
1816 2734 1918 2777 Dal-

198 2803 374 2844 matiam
394 2802 462 2844 cui
482 2801 651 2857 legatus
672 2809 903 2859 praeesset,
935 2809 1087 2860 postea
1106 2803 1151 2844 in
1172 2803 1441 2845 Pannoniam
1471 2804 1736 2859 superiorem
1765 2804 1920 2845 missus

197 2876 262 2912 est
290 2869 378 2912 Dio
406 2873 475 2921 80,
505 2874 532 2912 1
562 2871 617 2924 ef.
647 2874 714 2921 49,
744 2874 811 2914 36.
870 2871 943 2913 Ex
971 2871 1200 2913 Pannonia
1238 2886 1460 2914 reversum
1494 2871 1748 2914 Alexander
1786 2871 1920 2914 altero

197 2937 422 2980 consulatu
462 2940 648 2993 ornavit,
683 2953 812 2995 quem
843 2946 967 2981 extra
996 2939 1147 2981 urbem
1178 2940 1221 2980 in
1243 2939 1493 2995 'Campania
1524 2940 1622 2982 iniit
1658 2939 1746 2982 Dio
1776 2942 1843 2990 80,
1871 2943 1921 2990 5,·

198 3006 348 3049 consul
377 3007 423 3049 ΙΙ
452 3022 490 3049 a.
522 3007 606 3049 229
637 3022 736 3049 cum
764 3006 1014 3050 Alexandro
1044 3008 1163 3061 fasti.
1224 3007 1334 3050 Cum
1371 3008 1675 3051 Alexandrum
1711 3010 1755 3050 in
1795 3008 1919 3050 Cam-

197 3076 328 3130 pania
356 3075 544 3130 adiisset,
577 3074 633 3118 ab
665 3090 715 3118 eo
745 3077 790 3117 in
824 3076 1009 3131 patriam
1039 3075 1239 3118 dimissus
1270 3077 1415 3118 Statim
1445 3078 1490 3118 in
1518 3076 1771 3132 Bithyniam
1800 3077 1919 3118 navi-

197 3143 330 3197 gavit,
353 3141 428 3185 ubi
449 3142 666 3199 reliquum
685 3144 800 3185 vitae
820 3158 866 3185 se
885 3149 1204 3185 transacturum
1226 3158 1319 3185 esse
1338 3144 1565 3200 profitetur
1583 3147 1651 3194 80,
1675 3147 1702 3187 5
1722 3145 1777 3198 cf.
1797 3147 1863 3195 80,
1880 3148 1919 3188 1.

284 3209 376 3253 Sub
407 3211 579 3253 initium
606 3211 876 3267 principatus
898 3210 1050 3253 Severi
1081 3211 1253 3267 scripsit
1282 3211 1477 3254 libellum
1498 3214 1584 3269 περὶ
1605 3215 1683 3255 τῶν
1707 3214 1918 3269 ὀνειράτων

197 3279 262 3321 καὶ
298 3282 377 3322 τῶν
418 3281 608 3337 σημείων,
649 3278 697 3323 δι’
730 3281 784 3323 ὧν
815 3280 837 3322 ὁ
867 3279 1045 3337 Σεβῆρος
1080 3280 1149 3335 τὴν
1180 3280 1449 3338 αὐτοκράτορα
1488 3282 1619 3337 ἀρχὴν
1650 3281 1813 3335 ἤλπισες
1845 3281 1920 3336 qui

200 3361 297 3388 cum
328 3347 575 3403 imperatori
605 3347 858 3403 placuisset,
902 3347 1066 3389 somnio
1097 3348 1284 3389 monitus
1314 3348 1368 3390 de
1398 3348 1527 3391 rebus
1558 3348 1781 3391 Commodi
1814 3363 1920 3404 opus
