2202 3730
293 288 537 329 GLAVDIVS
1149 277 1234 319 404
1870 283 2089 334 CLAVDIA

378 417 576 471 (fortasse
599 415 840 469 miliariae),
872 413 1047 456 adiutor
1076 412 1130 455 ad
1162 427 1326 466 census,
1360 428 1414 454 ex
1444 427 1568 454 sacra
1596 413 1782 454 iussione
1802 412 2020 455 adhibitus
2044 413 2090 454 in

376 485 601 527 consilium
632 482 836 539 praefecti
867 482 1082 537 praetorio
1114 482 1216 523 item
1246 481 1369 534 urbi,
1406 487 1658 537 procurator
1685 480 1740 522 ad
1770 480 1885 522 bona
1914 480 2088 522 damna-

376 559 526 606 torum,
554 557 809 607 procurator
830 549 997 591 silicum
1018 550 1186 590 viarum
1208 564 1357 590 sacrae
1383 549 1515 603 urbis,
1548 548 1873 604 subpraefectus
1892 547 2086 603 vigilum,

373 625 625 675 procurator
654 617 850 673 privatae
881 617 1069 671 regionis
1094 616 1456 670 Ariminensiumt,
1483 622 1689 672 patronus
1718 615 1910 658 coloniae
1940 616 2086 658 Pisau-

373 687 562 728 rensium
593 686 656 729 tit.

288 755 370 797 838
401 754 498 798 Tib.
521 752 766 807 Cl(audius)
793 750 938 793 Zoilus
971 752 1136 806 origine
1166 752 1416 804 Sardianus,
1447 758 1701 808 procurator
1729 751 1918 806 Augusti
1950 753 1970 795 ὁ
2000 754 2090 808 κρά-

372 837 497 868 τιστος
528 821 699 876 publice
730 820 960 862 honoratus
989 823 1017 861 t.
1050 819 1260 862 Sardibus
1287 824 1451 875 reperto
1481 820 1732 862 Athenische
1763 820 2090 875 Mittheilunyen

371 890 440 933 VI
461 890 600 945 (1881)
623 903 671 943 p.
693 890 779 931 268
807 901 848 929 u.
872 890 910 930 9.

287 1004 369 1046 839
403 1009 623 1045 CLAVDIA
653 1002 729 1057 (sic
754 1001 990 1052 Suetonius,
1023 1000 1189 1044 Κλωδία
1219 1001 1512 1058 Plutarchus),
1542 1001 1632 1044 filia
1661 1002 1710 1044 P.
1737 1001 1877 1044 Clodii
1908 1001 2088 1055 (inimici

372 1070 611 1124 Ciceronis)
653 1076 696 1111 et
733 1068 937 1124 Fulviae,
978 1071 1179 1125 privigna
1217 1070 1276 1111 M.
1308 1069 1509 1124 Antonii,
1552 1084 1680 1126 quam
1721 1069 1768 1113 C.
1801 1069 1962 1112 Caesar
1993 1069 2088 1125 (qui

370 1146 519 1195 postea
547 1138 788 1192 Augustus)
820 1153 856 1179 a.
890 1138 968 1180 711
1003 1139 1142 1180 Σ’43
1173 1153 1211 1180 a.
1244 1137 1292 1182 C.
1334 1137 1633 1180 reconciliatus
1664 1137 1852 1180 Antonio
1889 1143 2088 1194 expostu-

369 1206 559 1249 lantibus
589 1207 814 1262 utriusque
844 1205 1051 1248 militibus
1083 1206 1209 1248 duxit
1238 1220 1419 1248 uxorem
1444 1205 1624 1248 vixdum
1655 1205 1843 1248 nubilem
1871 1212 1915 1248 et
1943 1221 1981 1248 a.
2005 1205 2088 1248 713

369 1295 425 1309 Ξ
454 1276 505 1317 41
539 1274 754 1317 simultate
793 1289 890 1316 cum
928 1274 1083 1317 Fulvia
1122 1289 1249 1317 socru
1290 1281 1382 1317 orta
1420 1274 1582 1317 dimisit
1623 1275 1825 1316 intactam
1866 1274 2008 1316 adhuc
2047 1281 2090 1316 et

367 1344 583 1398 virginem
623 1343 794 1386 Suetou.
825 1343 1006 1397 Auyust.
1044 1347 1112 1395 62,
1157 1343 1380 1388 Plutarch.
1420 1343 1578 1386 Autou.
1610 1347 1668 1387 20
1708 1345 1763 1397 cf.
1803 1343 1891 1386 Dio
1920 1346 1985 1393 46,
2013 1344 2066 1385 56
2076 1355 2090 1393 ;

367 1415 433 1463 48,
458 1414 496 1462 5,
530 1411 630 1455 Vell.
656 1415 699 1462 2,
721 1415 784 1462 65,
806 1414 850 1455 2.

283 1481 366 1523 840
398 1486 638 1534 CLAVDIA,
680 1479 769 1522 filia
798 1481 864 1522 Ti.
897 1479 1068 1522 Claudii
1098 1481 1174 1535 qui
1211 1486 1360 1536 postea
1390 1481 1620 1536 imperavit
1651 1486 1693 1522 et
1719 1479 1917 1522 Plautiae
1946 1479 2086 1533 Vrgu-

288 1537 292 1543 ’
365 1547 559 1599 lanillae3
592 1562 690 1589 cum
709 1547 916 1590 Claudius
940 1546 1034 1589 eam
1054 1562 1109 1589 ex
1133 1547 1289 1590 liberto
1312 1563 1388 1590 suo
1415 1549 1571 1590 Botere
1601 1555 1849 1604 conceptam
1880 1546 2086 1597 crederet,

367 1617 562 1672 quamvis
583 1622 682 1658 ante
705 1617 903 1672 quintum
923 1631 1114 1658 mensem
1135 1615 1310 1658 divortii
1340 1622 1486 1658 natam
1516 1616 1661 1673 alique
1691 1622 1897 1672 coeptam,
1929 1615 2086 1670 exponi

367 1691 508 1727 tamen
539 1683 594 1726 ad
626 1685 773 1726 matris
805 1685 979 1726 ianuam
1005 1690 1047 1725 et
1067 1683 1228 1725 nudam
1258 1684 1383 1726 iussit
1412 1684 1524 1726 abici
1547 1685 1713 1728 Sueton.
1743 1683 1899 1727 Claud.
1920 1687 1991 1727 27.

281 1753 361 1795 841
396 1758 616 1794 CLAVDIA
653 1758 884 1793 AVGVSTA
927 1751 1003 1804 (sic
1044 1751 1270 1795 Suetouius
1305 1752 1423 1795 Nero
1450 1755 1525 1803 35,
1567 1756 1665 1795 acta
1694 1753 1844 1795 Arval.
1879 1767 1920 1794 a.
1949 1755 2001 1794 63
2032 1752 2086 1805 cf.

367 1819 503 1862 Colum
532 1820 566 1862 I
571 1821 586 1844 ²
610 1834 656 1873 p.
677 1819 787 1874 316),
828 1819 917 1862 filia
952 1820 1135 1862 Neronis
1177 1826 1219 1862 et
1257 1821 1483 1877 Poppaeae
1524 1821 1712 1864 Sabinae
1750 1837 1787 1863 a.
1817 1821 1871 1863 63
1913 1821 2088 1862 ineunte

367 1887 489 1930 Antii
520 1894 622 1930 nata
653 1895 695 1930 et
725 1889 868 1930 statim
898 1887 1098 1943 Augusta
1127 1896 1378 1944 nuncupata
1403 1890 1502 1931 Tac.
1527 1904 1566 1931 a.
1587 1890 1651 1940 15,
1672 1892 1743 1940 23,
1776 1889 1946 1932 Suetou.
1979 1889 2007 1931 l.
2038 1888 2090 1940 l.,·
2172 1887 2176 1891 ’

363 1956 418 1998 ob
460 1955 697 1998 adventum
726 1956 910 1998 Neronis
949 1962 992 1998 et
1026 1958 1253 2012 Poppaeae
1284 1956 1508 2012 Augustae
1545 1963 1587 1999 et
1625 1956 1835 2000 Claudiae
1863 1956 2088 2013 Augustae

365 2025 457 2066 IIII
487 2024 583 2066 idus
615 2024 784 2079 (mensis
803 2024 955 2079 periit)
988 2040 1024 2068 a.
1057 2026 1111 2067 63
1142 2024 1477 2068 immolaverunt
1497 2026 1652 2068 fratres
1673 2025 1857 2068 Arvales
1884 2025 1952 2068 VI
1963 2029 2087 2070 2043.

363 2093 486 2134 Intra
514 2098 716 2148 quartum
745 2107 935 2135 mensem
965 2094 1094 2149 periit
1120 2093 1216 2137 Tac.
1240 2093 1266 2135 l.
1290 2093 1316 2136 l.
1373 2093 1636 2137 Consecrata
1665 2100 1751 2137 est:
1783 2094 1885 2136 diva
1906 2094 2090 2138 Claudia

365 2160 550 2202 Neronis
580 2160 670 2203 filia
698 2161 745 2203 iu
773 2175 965 2212 nummo,
1001 2162 1074 2215 qui
1102 2162 1155 2203 ab
1183 2175 1272 2204 uua
1291 2165 1423 2216 parte
1450 2163 1680 2217 iuscripms
1710 2165 1771 2204 est
1799 2162 1902 2205 diva
1937 2163 2087 2207 Claud.

366 2229 469 2272 Ner.
491 2229 534 2283 f.,
558 2230 611 2271 ab
634 2229 773 2272 altera
792 2230 895 2272 diva
915 2230 1119 2286 Poppaea
1132 2229 1247 2285 Aug.
1264 2230 1424 2273 Eckhel
1445 2230 1513 2273 VI
1517 2246 1564 2285 p.
1580 2234 1678 2281 287,
1707 2230 1847 2274 Cohen
1862 2232 1897 2274 I
1900 2231 1917 2256 2
1930 2246 1978 2286 p.
1994 2235 2087 2284 315,

368 2296 471 2339 diva
499 2296 684 2340 Claudia
712 2299 836 2352 virgo
860 2298 1027 2352 passim
1056 2299 1102 2339 iu
1132 2299 1240 2341 actis
1268 2298 1494 2341 Arvalium
1525 2314 1564 2343 a.
1587 2302 1639 2341 66
1671 2299 1739 2341 VI
1758 2302 1882 2342 2044.

282 2365 365 2407 842
399 2372 617 2408 CLAVDIA
648 2366 709 2410 M.
736 2366 871 2409 Silani
904 2366 1110 2420 (consulis
1131 2383 1169 2411 a.
1195 2369 1246 2410 15
1267 2383 1308 2423 p.
1331 2367 1398 2421 C.)
1420 2367 1511 2410 filia
1531 2367 1686 2410 dicitur
1707 2368 1805 2411 Tac.
1823 2383 1862 2411 a.
1880 2371 1918 2419 6,
1933 2372 2006 2413 20.
2021 2373 2087 2420 45,

366 2448 472 2487 quae
502 2434 611 2477 alibi
636 2435 762 2477 Iunia
793 2434 1016 2490 Claudilla,
1049 2435 1141 2478 vide
1170 2437 1290 2490 iufra
1318 2437 1394 2478 sub
1426 2436 1566 2478 Iuniis
1595 2437 1629 2479 I
1649 2439 1743 2479 571.

282 2502 364 2543 843
397 2502 661 2557 CLAV[DIA],
695 2517 805 2544 uxor
818 2502 876 2557 (P)
906 2503 966 2545 M.
993 2502 1161 2545 Aurelii
1193 2503 1379 2546 Cominii
1407 2503 1602 2546 Cassiani
1634 2504 1756 2547 VIII
1770 2507 1883 2548 2585
1912 2508 1940 2547 t.
1961 2506 2089 2550 Lam-

370 2570 611 2612 baesitauus
638 2571 824 2613 mutilus.

283 2637 366 2680 844
396 2637 589 2693 Claudia,
622 2638 770 2693 vidua,
803 2638 904 2681 dein
931 2639 1059 2682 Statii
1090 2646 1242 2696 poetae
1272 2655 1394 2694 uxor,
1428 2639 1482 2682 ad
1513 2654 1644 2696 quam
1675 2641 1847 2696 scripsit
1874 2641 1965 2684 silv.
1985 2644 2025 2693 3,
2047 2645 2087 2693 5,

368 2707 422 2758 cf.
453 2719 489 2747 v.
511 2708 564 2747 51
591 2720 688 2760 sqq„
711 2708 858 2761 praef.
889 2707 980 2751 silv.
1013 2707 1039 2749 l.
1067 2711 1105 2751 3.

285 2773 367 2815 845
400 2772 582 2815 Claudia
610 2775 809 2817 Martial.
840 2778 878 2825 5,
911 2778 974 2826 78,
1005 2779 1058 2818 31
1090 2775 1177 2818 loco
1205 2789 1382 2830 prorsus
1414 2776 1600 2826 obscuro,
1639 2776 1715 2818 ubi
1741 2791 1793 2818 ue
1822 2776 1898 2819 hoc
1925 2777 2089 2831 quidem

370 2844 552 2892 constat,
592 2857 690 2884 uum
731 2843 882 2885 mulier
921 2842 1200 2898 iutelleyeuda
1233 2844 1290 2885 sit
1324 2844 1378 2897 cf.
1410 2857 1516 2897 quau
1546 2843 1764 2886 adnotavit
1791 2844 2089 2890 Friedlander.

285 2909 367 2950 846
398 2908 602 2964 Claudia,
649 2910 736 2952 filia
776 2910 944 2968 Crispi,
991 2911 1134 2953 fratris
1178 2912 1447 2967 imperatoris
1493 2911 1664 2954 Claudii
1709 2912 1931 2968 (Gothici),
1979 2929 2091 2956 uxor

369 2976 580 3032 Eutropii,
621 2985 759 3020 mater
789 2979 1031 3022 Constantii
1073 2979 1271 3022 Caesaris
1305 2980 1375 3021 vit.
1415 2979 1594 3022 Claudii
1622 2983 1686 3031 13,
1717 2984 1760 3031 2,
1797 2981 1873 3023 ubi
1899 2983 2090 3036 suspecta

368 3047 466 3086 suut
497 3045 651 3087 omnia.
824 3058 830 3063 ·

285 3111 367 3154 847
400 3110 604 3165 Claudia,
646 3127 765 3155 soror
807 3115 1077 3171 imperatoris
1107 3115 1256 3170 Probi,
1289 3129 1401 3171 quae
1431 3130 1587 3171 corpus
1617 3115 1763 3158 fratris
1793 3116 2012 3173 sepelivit,
2043 3117 2090 3160 id

371 3180 486 3235 quod
525 3181 570 3222 in
609 3181 882 3237 ephemeride
921 3182 1077 3238 legisse
1117 3198 1162 3225 se
1202 3183 1396 3225 meminit
1435 3189 1586 3226 auctor
1614 3185 1685 3228 vit.
1717 3184 1855 3227 Probi
1880 3188 1919 3236 3,
1949 3188 1977 3228 4
2006 3185 2089 3241 fide

372 3251 577 3301 suspecta.

300 3340 357 3345 -
400 3316 796 3372 TEN[A]GENON1A
823 3325 1056 3362 GLAVDLA.
