2202 3730
254 296 455 331 AVIDIVS
1112 287 1193 329 190
1822 293 2052 330 AV1LLIVS

340 425 514 467 archeae
535 438 581 477 p.
603 426 680 473 49;
708 423 807 463 item
835 422 882 463 in
905 422 1118 476 principio
1148 422 1285 464 libelli
1313 425 1399 479 περὶ
1429 427 1506 466 τῶν
1540 423 1719 481 βραδέως
1747 422 2054 479 τιμωρουμένων

337 507 421 547 pro
452 491 569 534 Κόνιε
601 489 891 543 corriyendum
921 490 1068 546 Κύητε.

258 562 366 603 1173
397 559 579 601 Avidius
603 558 799 611 Severus,
831 564 955 613 pater
979 559 1053 613 qui
1084 557 1222 599 fertur
1242 558 1391 600 Avidii
1415 558 1552 601 Cassii
1573 559 1645 600 vit.
1662 558 1813 600 Avidii
1831 561 1880 609 1‚·
1910 571 2056 612 coyno-

339 642 432 669 men
462 628 604 681 fictum
632 625 796 667 violetur
826 626 881 678 cf,
912 625 956 666 A
986 628 1106 668 1168.

259 697 369 739 1174
398 701 575 736 AVIDIA
614 699 842 747 PLAVTIA,
887 692 954 746 (C.
985 692 1151 746 Avidii)
1188 693 1359 748 Nigrini
1389 694 1499 747 filia,
1531 694 1583 736 L.
1611 693 1777 736 Aurelii
1808 694 1913 737 Veri
1942 693 2055 748 Aug.

342 764 474 805 amita
502 762 551 804 X
578 764 686 803 6706
717 764 744 802 t.
774 760 1038 803 Antiatinus.
1099 760 1201 803 Vide
1230 762 1276 803 in
1291 765 1422 816 patre
1450 776 1492 804 n.
1520 764 1639 804 1169.

284 857 342 862 —
371 831 590 873 Postumia
621 828 773 871 Paulla
801 828 962 871 Avidia
992 828 1177 871 Procula
1205 829 1369 871 Rutilia
1398 830 1553 872 Proba.

258 900 366 943 1175
397 899 447 941 L.
478 897 665 940 Avillius
696 896 890 939 Flaccus.
935 897 1203 939 Memoratur
1232 898 1443 945 intitulis
1471 898 1694 953 Aeyyptiis
1720 897 1830 940 OIG
1858 901 1966 940 4716
1997 896 2056 954 (1)

341 971 380 1010 ct
407 969 520 1009 4957
544 980 580 1008 v.
607 969 668 1009 27
694 966 771 1022 (2).
804 990 855 995 —
898 964 988 1007 Ἐπὶ
1027 965 1188 1020 Λυ[κιόυ
1230 963 1519 1021 Ἀ]ο[υι]λ[λί]ου
1559 966 1782 1021 Φ[λάκ]κου
1822 969 1850 1010 t.
1882 969 1908 1008 1
1944 966 2060 1008 haud

343 1039 457 1078 certa
494 1035 767 1084 restitutione,
809 1036 999 1076 Φλάκκου
1041 1037 1067 1077 t.
1098 1037 1141 1077 2.
1207 1035 1264 1076 In
1283 1035 1502 1089 principio
1533 1034 1635 1077 libri
1659 1034 1865 1084 Philonis,
1896 1034 1970 1087 qui
1994 1034 2059 1075 in-

341 1104 542 1146 scribitur
572 1104 634 1146 ἐπὶ
656 1104 842 1146 Φλάκκον
870 1102 993 1145 semel
1023 1102 1145 1156 1110.
1162 1105 1246 1144 517
1273 1103 1467 1145 editionis
1489 1103 1677 1158 Manyey
1702 1103 1857 1145 dicitur
1877 1103 2059 1149 Φλάκκος

344 1171 573 1223 Ἀουίλλιος,
611 1174 790 1213 ceterum
821 1171 885 1212 ibi
916 1184 1077 1225 semper
1107 1170 1300 1213 Flaccus.
1359 1171 1404 1213 A
1434 1171 1615 1214 Philone
1637 1171 1822 1225 pendent
1849 1171 2060 1213 Eusebius

344 1255 499 1283 armen.
525 1240 662 1282 chron.
688 1239 745 1281 ad
764 1253 803 1280 a.
825 1238 933 1280 Abr.
950 1240 1062 1281 2054
1081 1239 1156 1280 ubi
1186 1238 1372 1281 traditur
1391 1239 1553 1281 Flauus
1574 1239 1790 1290 Anninus,
1816 1239 2059 1293 Hieronym.

344 1310 483 1352 chron.
511 1310 622 1351 2055
651 1307 834 1350 Flaccus
854 1305 1040 1360 Avilius,
1073 1306 1291 1361 Syncellus
1309 1322 1358 1361 p.
1381 1311 1477 1358 626,
1499 1310 1525 1350 5
1556 1305 1622 1360 (ex
1643 1306 1844 1361 Eusebio)
1871 1308 2061 1353 Φλάκκος

346 1376 516 1434 Ἀβίλιος,
540 1391 587 1430 p.
610 1379 701 1426 615,
724 1379 777 1418 11
808 1377 995 1422 Φλάκκος
1026 1373 1235 1422 Ἀσΰλαιος.

430 1446 590 1487 Romae
621 1451 746 1486 natus
777 1450 819 1485 et
849 1444 1067 1498 educatus,
1102 1446 1367 1501 συμφοιτητὴς
1395 1446 1460 1487 καὶ
1490 1446 1714 1503 συμβιωτὴς
1742 1444 1953 1502 γενόμενος
1981 1447 2059 1487 τῶν

344 1515 587 1570 θυγατριδῶν
628 1517 696 1555 τοῦ
735 1513 937 1570 Σεβαστοῦ
978 1509 1050 1564 (=
1076 1511 1276 1567 AuyustiQ
1317 1512 1446 1555 Philo
1475 1527 1524 1567 p.
1555 1515 1659 1564 540;
1703 1513 1815 1555 inter
1853 1513 2061 1569 primores

345 1583 503 1623 amicos
525 1580 687 1622 Tiberii
717 1580 802 1623 ibol.
824 1583 904 1623 540
935 1581 988 1634 cf.
1010 1583 1102 1623 517.
1122 1583 1217 1623 518.
1266 1580 1370 1622 Fuit
1400 1581 1444 1622 in
1475 1582 1539 1635 iis,
1571 1595 1750 1637 quorum
1774 1579 2062 1623 delationibus

344 1650 586 1705 Agrippina
625 1649 772 1705 periit,
814 1648 1001 1704 indeque
1041 1648 1089 1692 C.
1123 1648 1298 1691 Caesari
1328 1648 1416 1691 filio
1447 1649 1612 1691 invisus
1641 1640 1726 1691 ibol.
1756 1651 1860 1700 518;
1899 1648 2062 1690 amicus

346 1718 562 1772 (Sertorii)
602 1717 817 1759 Macronis
856 1717 942 1760 ibcl.
977 1718 1070 1760 519.
1140 1716 1267 1758 Anno
1308 1718 1362 1760 32
1399 1732 1440 1772 p.
1473 1717 1522 1760 C.
1560 1724 1656 1773 post
1694 1717 1845 1760 Severi
1885 1723 2063 1759 mortem

346 1785 399 1827 ad
450 1786 766 1842 praefecturam
809 1784 999 1840 Aegypti
1049 1791 1271 1840 promotus
1320 1786 1585 1840 provinciam
1630 1785 1805 1827 Tiberio
1854 1791 2063 1840 regnante

347 1855 518 1908 egregie
540 1853 860 1895 administravit
883 1853 963 1895 ibd.
986 1855 1207 1904 517-518;
1238 1852 1480 1908 praefectus
1502 1852 1692 1910 Aegypti
1722 1856 1750 1897 t.
1780 1857 1819 1895 1.
1847 1857 1891 1897 2.
1941 1854 2063 1896 Post-

346 1937 477 1978 quam
499 1922 546 1965 C.
570 1921 731 1965 Caesar
761 1922 990 1977 imperium
1019 1921 1199 1977 adeptus
1225 1921 1474 1963 Macronem
1504 1921 1661 1963 occidit
1689 1928 1745 1977 (a.
1766 1920 1849 1976 38),
1881 1921 2064 1963 Flaccus

347 1990 578 2032 crudeliter
608 1991 652 2031 in
682 1989 864 2032 Iudaeos
886 1988 1206 2031 Alexandrinos
1238 2004 1283 2030 se
1309 1990 1442 2043 gessit
1472 1989 1557 2031 ibd.
1578 1992 1809 2043 523-532„
1842 1988 2063 2032 Autumno

346 2073 383 2103 a.
415 2059 468 2100 38
501 2059 616 2112 (cum
644 2057 795 2100 Iudaei
825 2057 917 2099 dies
948 2057 1077 2099 festos
1109 2061 1265 2112 σκηνῶν
1297 2064 1475 2112 agerent
1502 2057 1587 2100 ibol.
1618 2060 1715 2100 532.
1745 2059 1841 2111 534)
1882 2058 2063 2114 impera·

346 2127 450 2168 toris
471 2126 520 2170 C.
544 2126 741 2169 Caesaris
772 2127 892 2167 iussu
921 2140 947 2166 a
977 2125 1112 2167 Basso
1141 2126 1394 2167 centurione
1415 2125 1706 2168 Alexandriae
1731 2125 2064 2182 comprehensus

347 2195 431 2237 ibol.
461 2197 655 2237 533-534
692 2200 734 2236 et
776 2195 891 2235 circa
929 2194 1097 2235 initium
1139 2193 1290 2235 hiemis
1332 2194 1389 2249 (a.
1419 2195 1559 2250 38s39)
1590 2195 1768 2236 Romam
1799 2194 2009 2236 deductus
2038 2208 2066 2236 a

347 2264 569 2319 Lampone
590 2269 632 2304 et
651 2262 816 2304 Isidoro
848 2262 1034 2303 inimicis
1065 2261 1181 2318 apud
1212 2263 1514 2318 imperatorem
1535 2269 1759 2304 accusatus
1781 2269 1845 2305 est
1862 2262 1948 2305 ibd.
1967 2264 2064 2305 535.

348 2331 622 2387 Quamquam
652 2330 750 2384 (M.)
783 2329 993 2372 Aemilius
1024 2329 1251 2386 (Lepidus)
1283 2329 1355 2384 (cf.
1387 2330 1431 2372 A
1459 2330 1560 2384 249)
1590 2331 1628 2372 ei
1663 2331 1956 2386 patrocinatus
1986 2336 2062 2385 est,

347 2415 373 2440 a
403 2399 450 2442 C.
481 2399 666 2442 Caesare
694 2399 739 2440 in
769 2398 967 2440 Andrum
999 2398 1183 2440 insulam
1213 2398 1430 2453 relegatur
1457 2398 1543 2441 ibd.
1573 2402 1666 2442 539.
1700 2401 1792 2442 543.
1851 2398 1979 2441 Anno
1998 2398 2065 2441 >39

347 2469 466 2509 iussu
495 2468 764 2523 imperatoris
795 2467 854 2508 ibi
885 2467 1051 2508 occisus
1081 2466 1166 2509 ibd.
1195 2469 1399 2509 543-544.

433 2536 518 2577 Per
557 2549 691 2577 annos
731 2549 828 2589 sex,
874 2534 1037 2576 scilicet
1075 2536 1266 2591 quinque
1303 2535 1477 2577 Tiberio
1511 2536 1770 2591 imperante,
1812 2550 1946 2578 unum
1985 2533 2064 2578 sub

348 2604 396 2647 C.
429 2603 614 2646 Caesare
642 2603 892 2659 Aegyptum
927 2603 1041 2644 rexit
1068 2603 1153 2645 ibd.
1183 2605 1264 2645 540
1295 2603 1349 2656 cf.
1380 2606 1472 2645 517.
1503 2605 1595 2645 518.
1655 2603 1743 2646 Sed
1768 2603 1843 2646 hos
1870 2617 2066 2646 numeros

346 2673 484 2714 minus
515 2675 734 2714 accuratos
765 2676 848 2713 esse
876 2686 926 2713 ex
954 2672 1046 2726 ipso
1076 2671 1256 2713 Philone
1286 2674 1478 2726 apparet.
1527 2669 1643 2713 Nam
1667 2671 1855 2714 Flaccus
1883 2671 2066 2715 Iudaeos

346 2753 497 2781 vexare
528 2740 672 2793 coepit,
697 2742 924 2793 postquam
955 2739 1205 2781 Macronem
1237 2740 1415 2781 occisum
1446 2752 1531 2781 esse
1562 2739 1724 2781 audivit
1751 2753 1788 2782 v.
1818 2753 1963 2795 swpra.
2008 2740 2065 2783 In

350 2807 457 2849 libro
488 2811 626 2850 autem
657 2808 705 2850 cle
735 2807 940 2862 leyatione
971 2807 1028 2850 acl
1054 2807 1213 2850 Gaium
1234 2807 1296 2850 II
1312 2822 1357 2861 p.
1378 2810 1461 2850 548
1479 2821 1563 2861 sqq.
1603 2806 1731 2850 Philo
1750 2808 1883 2862 refert
1904 2807 2065 2851 Gaium

347 2876 520 2929 septimo
549 2889 685 2918 mense
715 2876 885 2930 imperii
914 2876 977 2930 (id
1002 2879 1062 2918 est
1090 2890 1143 2918 m.
1178 2876 1361 2926 Octobri,
1391 2889 1483 2918 eum
1510 2875 1649 2918 Gaius
1679 2875 1718 2918 d.
1739 2879 1794 2918 18
1822 2891 1875 2920 m.
1903 2876 2068 2919 Martii

348 2944 580 2997 imperator
611 2944 847 2998 appellatus
888 2947 991 2986 esset
1031 2945 1084 2997 cf.
1118 2947 1216 2986 acta
1244 2943 1486 2998 Arvalium)
1519 2945 1770 2999 yravissimo
1800 2945 1944 2987 morbo
1974 2958 2064 2987 cor-

347 3015 509 3066 reptum
540 3025 636 3062 esse,
670 3012 816 3054 deinde
834 3015 1070 3054 recreatum
1095 3013 1309 3055 Tiberium
1329 3013 1522 3066 fratrem,
1553 3027 1648 3055 moae
1671 3013 1920 3055 Macronem
1938 3013 2065 3055 inter-

349 3080 504 3122 emisse.
555 3079 717 3121 Eorum
746 3080 878 3133 iyitur
899 3080 1044 3122 caedes
1072 3094 1157 3122 non
1187 3083 1284 3122 ante
1313 3080 1484 3122 hiemem
1515 3094 1554 3123 a.
1575 3081 1700 3135 37s38
1719 3084 1925 3135 patratae
1953 3083 2062 3131 sunt,

348 3150 386 3189 ct
408 3148 631 3190 Macronis
661 3148 824 3201 quidem
855 3162 966 3190 anno
997 3148 1158 3190 demum
1176 3151 1231 3190 38
1259 3149 1312 3202 cf.
1334 3147 1421 3190 Dio
1440 3151 1506 3198 59,
1534 3151 1573 3190 8.
1627 3149 1810 3202 Quocum
1840 3149 1939 3191 bene
1969 3161 2063 3190 con-

346 3215 478 3265 venit,
519 3215 630 3269 quod
657 3215 949 3258 Alexandriae
984 3231 1029 3258 eo
1060 3219 1252 3271 tempore,
1285 3230 1364 3270 quo
1394 3216 1539 3258 domus
1567 3216 1824 3259 Iudaeorum
1853 3215 2064 3271 expilatae

348 3286 457 3333 sunt,
489 3284 690 3325 tabernae
719 3283 888 3325 clausae
916 3287 1038 3326 erant
1057 3287 1237 3338 propter
1267 3283 1423 3326 luctum
1441 3284 1663 3338 publicum
1680 3284 1902 3327 Drusillae
1930 3283 2062 3326 Philo

344 3365 391 3404 p.
422 3353 518 3402 525,
558 3366 665 3406 quae
705 3366 744 3394 a.
779 3354 835 3393 38
874 3351 1072 3405 defuncta
1113 3355 1172 3394 est
1210 3351 1299 3395 Dio
1337 3355 1404 3403 59,
1434 3355 1500 3395 10.
1540 3356 1605 3395 11.
1673 3353 1825 3407 Itaque
1864 3355 2063 3394 autumno
