2202 3730
291 288 522 326 GEIONIVS
1143 277 1228 319 328
1855 283 2088 321 GEIONIVS

374 417 598 472 adoptatus
628 419 698 458 est.
760 413 921 456 Consul
946 413 991 455 II
1020 427 1058 455 a.
1088 413 1168 455 137
1195 413 1314 466 fasti.
1374 412 1537 454 Eodem
1577 427 1689 454 anno
1727 413 1970 456 Pannonias
2010 429 2088 470 pro

373 485 548 529 consule
585 484 698 526 rexit
736 482 897 525 nummi
933 481 979 523 in
1019 494 1168 522 aversa
1206 481 1403 535 inscripti
1431 481 1656 523 Pannonia
1682 480 1820 524 Cohen
1857 496 1898 524 n.
1929 485 2075 524 24-33

373 557 399 598 t.
423 557 449 595 1
474 554 528 606 ef.
552 556 578 595 t.
603 554 665 602 15,
690 552 779 593 vita
798 553 837 601 3,
863 550 935 593 vit.
957 549 1172 591 Hadrian.
1193 552 1262 599 23,
1290 549 1337 590 id
1362 552 1422 591 est
1446 550 1620 603 imperio
1634 549 1947 603 proconsulari,
1969 550 2089 604 quale

372 622 516 674 fuerat
557 619 726 662 Tiberio
765 621 805 660 et
841 617 1094 661 Germanico
1131 616 1341 671 Boryhesi
1375 631 1466 672 opp.
1504 617 1626 659 VIII
1639 632 1687 671 p.
1719 620 1804 660 457
1836 618 1890 672 ef.
1922 618 2091 660 titulum

372 689 436 743 [T.
460 687 632 741 Statilii]
664 686 842 728 Maximi
875 685 1045 727 iuridici
1075 699 1153 741 pro
1182 690 1379 741 praetore
1409 686 1636 741 utriusque
1666 686 1914 727 Pannoniae
1933 686 2023 728 III
2041 685 2088 730 S.

370 759 519 810 10336,
557 769 674 809 quem
705 768 750 796 eo
781 767 950 796 munere
979 753 1148 795 insolito
1178 753 1367 806 functum
1397 767 1483 795 esse
1511 754 1586 795 sub
1617 753 1743 795 Aelio
1775 752 1958 796 Caesare
1985 753 2091 796 vidit

376 824 423 868 Ο.
445 822 706 876 Hirschfeld.
752 821 862 864 Cum
882 821 935 863 de
958 821 1182 877 provincia
1208 821 1376 874 (eodem
1406 821 1538 875 anno)
1569 821 1750 863 redisset
1779 828 1909 878 atque
1939 822 2090 864 oratio-

372 907 470 934 nem
496 897 708 947 parasset,
751 905 837 946 qua
866 889 1066 931 kalendis
1095 890 1311 931 Ianuariis
1341 888 1565 931 Hadriano
1596 890 1707 945 patri
1737 890 1898 943 gratias
1928 897 2091 944 ageret,

371 966 547 1015 accepta
586 959 778 1014 potione,
822 973 908 1014 qua
938 973 982 999 se
1011 958 1257 999 aestimaret
1295 958 1459 1011 iuvari,
1499 957 1698 999 kalendis
1738 958 1842 1013 ipsis
1879 958 2090 1000 Ianuariis

370 1043 407 1070 a.
443 1028 521 1070 138
552 1027 680 1083 periit
713 1028 941 1083 iussusque
972 1026 1026 1068 ab
1055 1025 1292 1080 Hadriano,
1335 1027 1437 1081 quia
1466 1031 1567 1067 vota
1605 1025 1960 1080 interveniebant,
2002 1041 2089 1068 non

369 1095 508 1150 lugeri
537 1095 626 1144 vita
656 1099 694 1146 4,
717 1097 818 1137 7-8.
869 1093 1072 1150 Sepultus
1096 1100 1167 1144 ,est
1195 1095 1240 1135 in
1269 1093 1487 1135 mausoleo
1510 1093 1724 1136 Hadriani
1753 1094 1824 1136 vit.
1853 1093 1953 1136 Veri
1977 1097 2043 1145 11,
2064 1099 2089 1138 1

370 1165 425 1218 cf.
457 1167 485 1206 t.
511 1166 549 1206 6.
608 1163 857 1205 Hadrianus
887 1168 1050 1204 statuas
1081 1162 1120 1204 ei
1156 1177 1234 1218 per
1263 1168 1400 1204 totum
1429 1161 1577 1204 orbem
1607 1161 1792 1204 colossas
1822 1163 1924 1218 poni
1954 1163 2088 1218 iussit,

370 1231 530 1287 templa
565 1233 694 1274 etiam
734 1232 777 1273 in
813 1230 1030 1273 nonnullis
1071 1230 1251 1273 urbibus
1290 1230 1384 1272 fieri
1413 1231 1502 1272 vita
1532 1234 1570 1281 7,
1601 1234 1639 1275 1.
1670 1255 1728 1261 —
1763 1230 2092 1283 Quindecimvir

370 1301 502 1342 sacris
531 1299 746 1342 faciundis
777 1302 805 1341 t.
836 1303 874 1341 1.

454 1369 600 1412 Gener
630 1367 697 1421 (C.
729 1367 896 1422 Avidii)
936 1367 1107 1422 Nigrini
1149 1367 1220 1409 vit.
1250 1366 1474 1409 Hadriani
1501 1369 1570 1417 23,
1603 1369 1656 1409 10
1693 1366 1803 1421 falso
1842 1370 1890 1409 ut
1926 1366 2091 1409 videtur

370 1437 424 1490 ef.
442 1449 575 1491 supra
589 1437 632 1478 A
647 1439 764 1479 1169.
797 1436 970 1478 Liberi:
992 1436 1043 1480 L.
1062 1435 1265 1478 Ceionius
1283 1434 1542 1478 Commodus
1564 1436 1638 1491 qui
1659 1442 1807 1491 postea
1822 1436 1872 1480 L.
1886 1434 2090 1477 Aurelius

369 1505 510 1547 Verus
540 1504 779 1560 Augustus,
812 1503 991 1547 Ceionia
1019 1503 1167 1558 Fabia,
1201 1502 1380 1546 Ceionia
1407 1502 1588 1545 Plautia.

454 1572 716 1616 Subieeimus
746 1576 919 1615 stemma
945 1571 1211 1616 Ceioniorum
1248 1570 1589 1615 Commodorum:

1012 1661 1056 1697 L.
1083 1661 1260 1698 Ceionius
1285 1661 1509 1698 Commodus

1153 1719 1224 1744 cos.
1251 1719 1285 1743 a.
1310 1711 1356 1744 78

1066 1772 1123 1803 (xa
1146 1763 1272 1811 Appia
1296 1764 1439 1801 Severa

580 1809 1907 1890 ——A———-

579 1901 624 1938 L.
649 1900 828 1938 Ceionius
852 1900 1075 1984 Cpggmodus
1108 1925 1150 2013 Τ
1174 1900 1381 1947 [Plautia‘t']
1409 1926 1449 2001 Τ
1475 1900 1516 1937 C.
1542 1899 1706 1936 Avidius
1733 1900 1915 1948 Nigrinus

726 1958 796 1984 eos.
821 1959 855 1983 a.

395 2049 440 2085 L.
465 2049 643 2085 Ceionius
668 2049 895 2085 Commodus
988 2050 1038 2086 M.
1063 2048 1240 2085 Ceionius
1339 2047 1481 2085 Avidia
1504 2048 1658 2088 Plautia

431 2112 477 2125 =
499 2095 544 2130 L.
569 2094 702 2131 Aelius
727 2094 868 2131 Caesar
943 2094 1075 2131 Civica
1099 2095 1291 2131 Barbarus

395 2193 440 2257 L.
465 2219 642 2256 Ceionius
667 2219 891 2256 Commodus
992 2219 1150 2256 Ceionia
1173 2219 1294 2256 Fabia
1484 2219 1636 2256 Ceionia
1660 2219 1814 2255 Plautia

453 2282 498 2294 =
520 2265 565 2301 L.
591 2265 714 2301 Verus
738 2264 838 2311 Aug.
1391 2276 1449 2304 <v
1474 2265 1517 2307 Q.
1543 2265 1728 2302 Servilius
1751 2265 1917 2302 Pudens.

450 2321 508 2350 N
530 2311 656 2346 Annia
679 2310 831 2346 Lucilla

283 2394 367 2437 504
394 2400 441 2436 L.
464 2398 691 2436 OEIONIVS
714 2398 987 2435 COMMODVS
1009 2412 1064 2426 =
1084 2398 1128 2434 L.
1145 2399 1325 2434 AELIVS
1344 2397 1593 2434 AVRELIVS
1617 2394 1889 2435 COMMODVS
1910 2411 1966 2427 =
1984 2398 2086 2436 IMP.

369 2466 564 2504 CAESAR
593 2467 638 2502 L.
669 2466 919 2503 AVRELIVS
950 2466 1113 2503 VERVS
1144 2466 1414 2515 AVGVSTVS‚
1447 2459 1562 2502 filius
1591 2460 1643 2502 L.
1667 2460 1834 2503 Ceionii
1864 2459 2088 2504 Commodi

368 2531 442 2586 qui
464 2529 519 2571 ab
539 2528 762 2571 Hadriano
784 2529 1012 2585 adoptatus
1034 2529 1084 2573 L.
1106 2527 1258 2571 Aelius
1282 2528 1441 2572 Caesar
1461 2528 1602 2571 dietus
1630 2535 1693 2571 est
1712 2529 1801 2571 vita
1820 2532 1858 2579 1,
1880 2529 1952 2571 vit.
1972 2527 2092 2570 Aelii
2115 2579 2118 2582 Ι

367 2596 410 2647 2,
433 2600 483 2648 9,·
512 2598 551 2646 5,
573 2599 652 2647 12,·
683 2599 721 2647 7,
741 2600 780 2647 1,
811 2597 882 2639 vit.
911 2596 986 2638 Pii
1008 2600 1047 2647 4,
1077 2598 1117 2647 5,
1148 2595 1236 2638 Dio
1260 2600 1325 2647 69,
1356 2599 1440 2648 21;
1467 2598 1531 2647 71,
1562 2599 1601 2640 1.
1670 2596 1783 2638 Ante
1822 2596 2088 2651 adoptionem

367 2666 418 2707 L.
443 2664 607 2707 Ceionii
626 2663 843 2707 Commodi
856 2666 1003 2719 patris
1029 2665 1184 2707 dicitur
1213 2664 1416 2707 Ceionius
1439 2664 1698 2707 Commodus
1713 2665 1785 2707 vit.
1800 2664 1961 2707 Pertin.
1975 2668 2040 2715 10,
2057 2668 2089 2708 2

371 2732 640 2786 (quamquam
662 2733 725 2775 ibi
747 2734 873 2775 etiam
896 2734 944 2776 de
957 2736 1087 2788 patre
1107 2734 1288 2788 eogitari
1298 2736 1467 2790 potest),
1491 2733 1541 2776 L.
1565 2732 1824 2776 Commodus
1844 2733 1916 2788 vu.
1939 2732 2090 2775 Marci

367 2803 405 2851 5,
428 2804 479 2852 1;
508 2804 544 2850 7,
567 2803 604 2842 6.
656 2800 760 2842 Post
789 2801 1055 2855 adoptionem
1076 2801 1222 2855 patris
1242 2800 1385 2843 eadem
1402 2801 1567 2843 ratione
1585 2804 1707 2854 atque
1727 2799 1922 2843 Ceioniae
1941 2800 2089 2843 Fabia

369 2871 408 2910 et
428 2867 612 2909 Plautia
640 2880 804 2909 sorores
830 2882 980 2911 nomen
1007 2868 1268 2923 yentilioium
1296 2882 1381 2910 non
1409 2868 1598 2919 mutavit,
1629 2868 1703 2910 sed
1722 2882 1760 2910 a.
1784 2870 1865 2910 138
1885 2869 1930 2910 in
1949 2868 2089 2922 teyula

367 2935 537 2978 urbana
566 2936 812 2989 inscriptum
843 2939 906 2978 est
935 2951 989 2978 ex
1017 2936 1227 2991 pr(aedis)
1249 2937 1299 2979 L.
1323 2935 1525 2990 Ce(i0nii)
1558 2935 1820 2990 Com(modi)
1852 2935 2085 2991 C(aesaris)

369 3002 486 3057 f(ilii)
526 3002 660 3056 Nigro
702 3010 744 3045 et
781 3003 1049 3058 Camerin(o)
1090 3019 1175 3047 eos.
1204 3004 1252 3046 X
1261 3004 1302 3046 V
1316 3007 1409 3047 732.
1469 3004 1620 3058 Itaque
1660 3007 1736 3046 aut
1764 3007 1894 3058 pater
1933 3004 2086 3048 liberos

369 3074 465 3113 ante
486 3070 751 3125 adoptionem
771 3073 1053 3127 emancipavit
1073 3076 1147 3115 aut
1167 3072 1435 3123 Hadrianus,
1465 3075 1514 3114 ut
1539 3073 1713 3115 coniecit
1733 3072 1969 3115 Mommsen
1994 3072 2020 3116 l.
2043 3071 2084 3124 1.,

364 3141 535 3192 patrem
576 3139 660 3192 leye
701 3140 914 3194 sinyulari
951 3141 1016 3183 ita
1058 3141 1294 3195 adoptavit,
1336 3143 1385 3182 ut
1422 3140 1546 3183 liberi
1574 3154 1666 3182 eum
1694 3154 1778 3182 non
1806 3143 2085 3194 sequerentur.

367 3205 608 3260 Adoptatus
636 3207 689 3249 ab
711 3207 927 3251 Antonino
954 3209 1035 3251 Pio
1062 3209 1113 3252 L.
1139 3208 1288 3251 Aelius
1303 3208 1507 3251 Aurelius
1538 3208 1798 3252 Commodus
1827 3208 1873 3250 in
1894 3210 1921 3250 t.
1943 3207 2005 3250 II
2015 3210 2083 3252 47.

369 3277 488 3326 1643,
519 3275 607 3318 ΙΙΙ
626 3278 749 3327 3843,
791 3276 912 3319 VIII
931 3280 998 3320 50.
1029 3280 1132 3328 228,
1163 3277 1211 3320 Χ
1235 3278 1342 3320 5051
1369 3280 1441 3319 eto.
1473 3278 1572 3320 item
1611 3277 1657 3319 in
1691 3275 1912 3319 consulatu
1940 3276 2084 3331 primo

371 3356 412 3386 a.
431 3345 510 3385 154
530 3343 563 3385 I
565 3343 640 3386 ΘΙ
651 3347 774 3394 1052,
793 3345 923 3387 altero
946 3360 984 3389 a.
1007 3348 1092 3396 161,
1123 3345 1190 3387 VI
1202 3348 1322 3388 1984.
1352 3345 1584 3399 Imperium
1603 3344 1778 3399 adeptus
1796 3345 1904 3400 Imp.
1927 3343 2088 3387 Caesar
