2202 3730
131 304 330 341 ASINIVS
1005 300 1086 342 165
1747 307 1946 344 ASINIVS

215 450 400 492 quorum
442 435 710 479 orationibus
747 437 936 479 inserere
981 443 1267 481 consueverat
1308 437 1563 491 Quintilian.
1598 438 1695 481 inst.
1730 443 1768 490 1,
1799 442 1840 490 8,
1871 443 1926 482 11
1935 454 1949 492 ;

217 503 344 546 homo
389 504 581 546 omnium
626 503 830 546 horarum
870 506 993 547 seriis
1034 506 1224 562 iocisque
1264 507 1429 562 pariter
1467 507 1816 550 accommodatus
1859 508 1944 551 ibd.

217 575 254 623 6,
275 575 315 623 3,
338 575 434 616 110.
483 571 650 614 Tristes
679 587 731 614 ac
761 573 895 615 ieiuni
926 573 1166 616 Pollionem
1197 574 1472 618 aemulantur
1500 575 1586 619 ibd.
1610 579 1678 627 10,
1699 579 1743 626 2,
1765 579 1831 619 17.

302 641 571 683 Memoratu'r
598 642 642 683 in
665 642 730 695 iis,
754 642 828 698 qui
847 641 1034 684 multum
1053 648 1154 684 ante
1173 644 1462 699 quaestoriam
1488 650 1670 686 aetatem
1690 646 1948 699 gravissima

217 709 378 752 iudicia
406 715 688 766 susceperunt
713 710 964 763 Quintilian.
986 711 1083 755 inst.
1103 714 1174 762 12,
1197 715 1235 762 6,
1258 715 1296 754 1.
1332 710 1482 755 Altero
1509 718 1551 754 et
1570 713 1774 755 vicesimo
1794 715 1946 756 aetatis

216 792 329 820 anno
370 777 419 822 O.
461 777 672 821 Catonem
712 778 946 834 (tribunum
977 779 1119 834 plebis
1155 794 1195 822 a.
1225 783 1306 824 698
1334 801 1390 816 =
1419 784 1474 824 56
1502 780 1590 824 Dio
1619 784 1686 832 39,
1717 785 1792 838 279
1822 797 1946 824 accu-

216 847 330 888 savit
359 861 396 890 a.
429 847 512 889 700
542 867 597 881 =
627 847 683 889 54
718 847 817 890 Tac.
848 847 951 892 dial.
975 851 1047 899 -34,
1090 847 1253 892 Seneca
1286 852 1469 892 controv.
1501 852 1539 900 7,
1569 853 1608 901 4,
1643 853 1679 892 7.
1738 850 1948 893 Defendit

217 913 372 967 (aetate
412 915 695 972 triumvirum)
735 915 935 958 Lamiam
974 923 1022 959 et'
1054 923 1205 973 postea
1240 918 1478 960 orationem
1517 933 1596 974 pro
1626 918 1781 961 Lamia
1811 918 1948 962 edidit

217 983 380 1027 Seneca
408 997 572 1026 suasor.
593 987 632 1035 6,
650 986 720 1027 15.
764 984 992 1027 Moschum
1023 986 1340 1041 Pergamenum
1370 986 1571 1029 veneficii
1600 1002 1722 1029 reum
1752 987 1947 1030 defendit

218 1049 310 1103 (sub
341 1053 510 1094 initium
539 1053 662 1108 reyni
679 1053 877 1108 Auyusti,
907 1057 956 1096 ut
985 1068 1036 1096 esc
1055 1054 1242 1097 Horatio
1263 1055 1460 1110 apparet)
1480 1056 1636 1099 Horat.
1658 1056 1776 1111 epist.
1798 1060 1836 1107 1,
1857 1060 1896 1108 5,
1920 1060 1946 1100 9

217 1120 272 1174 cf.
303 1120 514 1176 Porphyr.
539 1137 586 1176 p.
608 1125 707 1172 274,
740 1121 902 1165 Seneca
932 1126 1115 1168 controv.
1136 1126 1180 1175 2,
1201 1126 1241 1175 5,
1262 1127 1327 1166 13.
1377 1124 1534 1167 Mediis
1563 1124 1752 1180 Augusti
1782 1132 1944 1182 tempo-

216 1189 336 1232 ribus
356 1190 473 1246 apud
494 1191 785 1233 centumviros
807 1192 1022 1234 orationes
1043 1192 1206 1247 habuit,
1234 1207 1346 1249 quae
1378 1208 1455 1249 pro
1478 1193 1710 1236 heredibus
1738 1193 1947 1237 Vrbiniae

215 1258 513 1301 inscribuntur
538 1259 636 1302 Tae.
669 1258 773 1304 dial.
802 1262 869 1310 38,
899 1260 1152 1314 Quintilian.
1182 1261 1280 1303 inst.
1306 1265 1345 1312 4,
1368 1265 1406 1312 1,
1430 1265 1503 1313 11;
1535 1266 1572 1313 7,
1594 1265 1638 1312 2,
1664 1265 1704 1305 4.
1730 1265 1770 1306 5.
1799 1267 1858 1306 26
1888 1264 1946 1317 cf·

214 1330 254 1378 1,
283 1329 322 1378 5,
352 1330 394 1378 8,
426 1326 591 1371 Charis.
621 1327 813 1371 Gramm.
836 1329 936 1371 Lat.
966 1329 1000 1371 I
1012 1344 1061 1384 p.
1086 1333 1149 1372 77.
1211 1329 1303 1372 Sub
1337 1329 1534 1385 Augusto
1566 1331 1755 1374 Nonium
1785 1331 1945 1387 Aspre-

216 1402 360 1438 natem
388 1396 588 1439 veneficii
618 1412 740 1440 reum
770 1396 964 1440 defendit
990 1398 1243 1451 Quintilian.
1269 1399 1367 1441 inst.
1398 1402 1464 1450 10,
1485 1403 1524 1450 1,
1546 1403 1621 1451 22,
1652 1400 1706 1453 cf.
1729 1403 1796 1450 11,
1816 1403 1856 1451 1,
1877 1403 1944 1450 47,

215 1462 386 1507 Sueton.
411 1464 598 1520 August.
623 1468 690 1517 56,
719 1465 838 1508 Plin.
867 1480 910 1508 n.
942 1466 982 1509 h.
1011 1469 1078 1517 35,
1113 1470 1195 1509 164
1234 1467 1291 1519 (si
1327 1481 1374 1510 re
1417 1481 1519 1510 vera
1567 1468 1647 1510 huc
1688 1468 1945 1522 pertineant,

214 1546 321 1586 quae
358 1532 447 1576 Dio
474 1536 541 1585 55,
572 1538 600 1577 4
642 1535 732 1577 sine
774 1535 941 1578 nomine
983 1535 1049 1578 rei
1090 1536 1399 1580 accusatorisve
1442 1539 1619 1587 narrat,
1666 1539 1805 1578 tamen
1848 1536 1945 1578 inde

214 1613 478 1656 nequaquam
515 1603 704 1657 sequitur
741 1603 862 1646 illam
894 1617 1069 1646 causam
1099 1618 1139 1647 a.
1173 1607 1253 1648 745
1281 1624 1337 1639 =
1368 1607 1395 1647 9
1422 1619 1462 1647 a.
1491 1604 1539 1648 G.
1576 1608 1718 1648 actam
1756 1618 1859 1655 esse,
1898 1608 1947 1647 ut

211 1670 382 1723 priores
410 1671 465 1724 cf.
498 1670 661 1726 Meyer,
694 1671 924 1715 Oratorum-
952 1686 1227 1715 romanorum
1254 1673 1499 1728 fragmenta
1519 1673 1581 1716 ed.
1604 1673 1667 1716 II
1682 1687 1730 1728 p.
1755 1676 1839 1716 492
1860 1687 1946 1727 pro

215 1741 326 1780 certo
347 1739 649 1794 affirmarunt;
676 1754 778 1783 nam
796 1739 886 1783 Dio
908 1740 935 1783 l.
957 1741 984 1784 l.
1004 1754 1090 1784 non
1108 1741 1196 1784 nisi
1220 1741 1476 1784 transeundo
1505 1741 1859 1785 narratiunculas
1889 1741 1948 1784 ad

213 1806 518 1851 humanitatem
546 1808 736 1863 Auyusti
761 1809 1065 1852 illustrandam
1105 1808 1263 1863 affert).
1314 1810 1485 1853 Incerto
1514 1813 1697 1865 tempore
1725 1810 1838 1852 dixit
1866 1825 1945 1867 pro

216 1874 379 1918 Scauro
418 1876 508 1919 filio
539 1877 792 1930 Quintilian.
826 1878 957 1920 instit.
989 1881 1028 1928 6,
1049 1881 1089 1929 1,
1110 1881 1193 1929 21;
1218 1881 1259 1929 9,
1279 1882 1323 1929 2,
1345 1882 1404 1922 24
1435 1885 1478 1921 et
1506 1894 1585 1935 pro
1614 1879 1829 1922 Liburnia
1859 1879 1942 1921 ibd.

216 1947 256 1994 9,
277 1947 322 1994 2,
343 1948 402 1988 24
431 1943 504 1999 (cf.
527 1948 567 1996 9,
587 1948 630 1996 2,
652 1948 710 2002 9).
733 1971 785 1975 -
817 1946 973 1988 Dictus
1001 1952 1066 1989 est
1089 1947 1134 1988 in
1155 1947 1204 1989 L.
1227 1946 1473 1990 Munatium
1494 1947 1705 1990 Plancum
1732 1948 1947 1990 orationes

219 2027 386 2068 parare,
409 2028 522 2070 quae
542 2013 598 2056 ab
619 2014 713 2070 ipso
737 2020 812 2057 aut
831 2013 980 2057 liberis
1000 2021 1099 2071 post
1118 2022 1299 2058 mortem
1320 2014 1435 2058 illius
1458 2015 1689 2058 ederentur
1705 2015 1820 2058 Plin.
1841 2030 1883 2060 n.
1904 2016 1943 2058 h.

214 2082 359 2136 praef.
388 2084 456 2126 31.
488 2107 539 2111 -—
579 2081 714 2125 Dicta
753 2083 864 2125 eius:
908 2083 1130 2125 commode
1171 2083 1338 2138 agendo
1385 2083 1547 2127 factum
1593 2091 1679 2138 est,
1726 2090 1775 2126 ut
1817 2099 1945 2140 saepe

216 2163 411 2205 agerem,
448 2165 577 2207 saepe
616 2150 806 2206 agendo,
841 2158 889 2194 ut
917 2152 1059 2194 minus
1091 2151 1315 2194 commode
1344 2152 1465 2197 Plin.
1492 2167 1554 2207 ep.
1581 2156 1620 2204 6,
1647 2156 1720 2203 29,
1741 2155 1769 2196 5
1778 2166 1791 2204 ,·
1820 2152 1945 2203 male,

219 2217 405 2273 hercule,
437 2219 612 2261 eveniat
636 2219 795 2274 verbis,
821 2220 905 2261 nisi
927 2235 1019 2262 rem
1040 2227 1279 2276 sequantur
1297 2220 1424 2263 schol.
1454 2220 1686 2275 Gruquian.
1713 2221 1771 2263 ad
1788 2221 1945 2263 Horat.

219 2286 337 2340 epist.
366 2290 411 2337 2,
441 2290 482 2338 3,
511 2290 606 2329 311.

306 2355 479 2397 Primus
500 2356 690 2397 omnium
710 2356 1008 2397 Romanorum
1028 2355 1250 2397 advocatis
1274 2355 1520 2399 hominibus
1550 2358 1709 2414 scripta
1734 2373 1812 2400 sua
1841 2359 1946 2400 reci-

220 2423 330 2465 tavit
355 2423 519 2467 Seneca
547 2427 729 2466 controv.
760 2428 787 2466 4
816 2424 964 2478 praef.
994 2427 1039 2467 2.
1099 2423 1374 2466 Declamavit
1408 2424 1684 2468 multitudine
1722 2441 1944 2482 nunquam

218 2491 428 2546 admissa3
457 2493 503 2534 in
523 2491 805 2535 declamando
825 2492 1019 2534 floridior
1040 2491 1261 2548 aliquanto
1284 2508 1413 2548 quam
1438 2494 1482 2535 in
1502 2494 1670 2548 agendo
1690 2494 1776 2536 ibd.
1799 2498 1839 2537 et
1857 2495 1890 2549 ἕ
1903 2498 1943 2536 3.

219 2560 471 2604 Sententiae
511 2577 567 2603 ex
606 2560 990 2603 declamationibus
1020 2560 1107 2603 ibd.
1137 2564 1176 2611 4,
1203 2564 1246 2611 2,
1270 2557 1323 2612 5,·
1354 2564 1390 2612 7,
1413 2565 1450 2612 1,
1472 2565 1499 2604 4
1508 2575 1522 2613 ;
1552 2565 1590 2613 7,
1617 2565 1655 2613 6,
1677 2566 1748 2614 12,
1780 2562 1944 2605 colores

219 2628 306 2671 ibd.
328 2633 366 2681 1,
389 2633 427 2680 6,
449 2633 502 2671 11
515 2643 528 2679 ‚·
559 2633 597 2680 7,
617 2633 657 2681 1,
678 2633 754 2680 22,
786 2636 1016 2685 praecepta
1045 2628 1099 2671 de
1129 2628 1274 2671 colore
1303 2629 1388 2672 ibd.
1409 2633 1448 2681 4,
1470 2633 1510 2672 3.
1554 2630 1785 2674 Sextilium
1804 2632 1944 2674 Euam

220 2698 265 2739 in
294 2697 422 2740 domo
452 2698 680 2740 Messallae
710 2697 890 2741 Corvini
921 2699 1175 2739 recitantem
1202 2712 1290 2740 non
1319 2697 1418 2740 tulit
1446 2698 1505 2742 id.
1535 2712 1699 2744 suasor.
1727 2703 1764 2750 6,
1787 2704 1858 2743 24.

308 2766 491 2809 ‘Motum
532 2782 588 2809 ex
617 2765 792 2809 Metello
832 2765 1008 2808 consule
1047 2767 1234 2808 civicum
1272 2765 1462 2823 bellique
1500 2782 1654 2810 causas
1694 2775 1737 2810 et
1765 2770 1874 2810 vitia
1903 2775 1946 2811 et

219 2834 368 2877 modos
406 2834 644 2891 ludumque
682 2836 903 2878 Fortunae
939 2835 1175 2891 gravisque
1214 2836 1458 2891 principum
1498 2836 1707 2879 amicitias
1738 2843 1780 2878 et
1809 2852 1941 2891 arma,

220 2903 413 2945 nondum
449 2905 635 2960 expiatis
678 2910 810 2946 uncta
851 2903 1099 2958 cruoribus,
1151 2902 1417 2960 periculosae
1461 2903 1640 2960 plenum
1681 2920 1788 2961 opus
1824 2905 1943 2948 aleae

220 2977 381 3014 tractas
411 2978 455 3015 et
483 2972 648 3014 incedis
678 2987 756 3029 per
786 2973 898 3027 ignis
928 2973 1172 3029 suppositos
1202 2972 1337 3014 cineri
1374 2971 1537 3015 doloso'
1569 2973 1782 3015 Horatius
1812 2987 1941 3016 carm.

218 3043 262 3091 2,
292 3043 332 3091 1,
362 3043 463 3083 1-8.
524 3041 638 3084 Vnde
667 3044 848 3096 apparet
867 3040 1101 3083 Pollionem
1129 3040 1332 3083 historias
1358 3055 1502 3084 rerum
1526 3041 1822 3084 Romanarum
1846 3042 1943 3084 inde

222 3122 251 3150 a
288 3109 339 3153 L.
370 3109 560 3163 Afranio
600 3110 648 3163 Q.
692 3109 877 3153 Caecilio
917 3108 1092 3151 Metello
1131 3122 1210 3151 cos.
1252 3107 1325 3162 (=
1363 3123 1405 3152 a.
1435 3113 1516 3152 694
1545 3129 1602 3144 =
1636 3125 1675 3154 a.
1706 3113 1760 3152 60
1800 3125 1840 3152 a.
1878 3110 1943 3165 Ο.)

218 3180 430 3232 yestorum
467 3179 649 3222 scribere
691 3178 883 3232 coepisse,
929 3191 1022 3220 cum
1050 3180 1183 3232 poeta
1221 3177 1367 3220 laudes
1406 3178 1495 3220 eius
1538 3178 1778 3222 celebraret.
1860 3179 1944 3232 Qui

218 3245 387 3298 quamdo
425 3259 595 3289 carmen
633 3246 873 3301 scripserit,
910 3258 1163 3299 quamquam
1199 3246 1290 3288 veri
1325 3246 1462 3288 simile
1501 3249 1563 3289 est
1597 3247 1816 3302 scripffl'sse
1851 3261 1942 3289 eum

220 3317 322 3367 post
359 3314 511 3356 bellum
538 3314 776 3365 Actiacum,
808 3314 1052 3356 accuratius
1090 3313 1264 3369 definire
1301 3327 1387 3357 non
1423 3314 1530 3359 licet.
1591 3315 1682 3358 Sed
1708 3314 1942 3357 Pollionem

220 3381 434 3425 historias
449 3383 631 3426 seribere
661 3389 904 3438 ayyressum
933 3395 1019 3424 esse
1038 3382 1176 3438 paulo
1201 3385 1298 3425 ante
1319 3382 1470 3425 bellum
1490 3382 1716 3426 Actiacum
1735 3397 1786 3426 eoe
1804 3383 1941 3425 verbis
