2202 3730
291 261 603 298 CAESENNIVS
1154 253 1238 294 266
1781 258 1875 293 CAE
1881 257 2089 293 SERNIVS

377 407 424 446 p.
454 394 545 441 159,
586 390 684 431 Atti
713 388 806 431 dell⁷
832 387 1091 430 Aecademia
1123 387 1393 442 Napolitana
1430 386 1475 428 di
1511 387 1776 442 archeoloyia
1804 387 1927 429 XIV
1950 385 2094 443 (1890)

378 474 426 513 p.
449 463 505 501 17
513 473 526 510 ,·
555 459 606 499 L.
629 457 894 499 Caesennius
925 456 1083 497 Paetus
1115 455 1183 498 VI
1192 458 1288 498 597.
1334 455 1511 509 Tempus
1541 455 1779 497 consulatus
1810 470 1855 498 eo
1883 455 2093 510 definitur,

380 527 491 581 quod
520 525 753 580 triptychon
783 525 996 578 Pompeiis
1024 526 1234 578 repertum
1265 526 1324 565 est
1354 526 1393 565 et
1412 523 1463 564 P.
1492 522 1702 566 Calvisius
1728 523 1846 566 Ruso
1869 522 2096 578 proconsul

382 595 516 636 Asiae
547 594 622 635 sub
653 592 901 635 Domitiano
931 592 1028 646 fuit.

477 662 590 704 Vnde
618 661 729 703 idem
757 660 1003 703 statuendus
1033 663 1094 702 est
1123 659 1388 702 Caesennius
1419 660 1576 702 Paetus
1605 659 1835 716 proconsul
1865 659 1996 702 Asiae
2026 658 2099 712 qui

379 733 634 772 memoratur
658 730 704 771 in
726 732 754 771 t.
775 729 996 783 Ilffylaseno
1017 727 1481 781 Lebas-Wadd2·n9ton
1509 731 1591 771 358
1617 731 1656 770 et
1684 728 1730 770 in
1758 728 1939 770 nummis
1958 726 2097 781 Ephe-

381 799 508 840 sinis:
547 797 597 851 I)
627 798 674 839 in
705 797 883 839 adversa
913 810 1005 839 cum
1044 797 1181 850 capite
1211 795 1453 838 Domitiani
1492 799 1531 838 et
1568 796 1840 850 inscriptione
1868 796 2098 852 Δομιτιανὺς

384 866 536 922 Καῖσαρ
583 866 783 923 Σεβαστὸς
828 864 1089 921 Γερμανικός,
1139 865 1186 906 in
1230 878 1378 906 aversa
1423 863 1513 906 Ἐπὶ
1556 864 1820 919 ἀνθυ(πάτου)
1866 862 2097 907 Καισεννίου

384 935 543 977 [Ιαίτου.
605 932 792 990 Ὁμόνοια
822 932 1062 991 Ἐφε(σι’ων)
1104 932 1376 989 Ζμυρζναίων)
1418 932 1722 987 Waddin9t0n‚
1754 932 1908 975 Fastes
1940 946 1983 974 n.
2003 934 2097 982 107,

380 1016 566 1045 museum
589 1002 875 1052 Berolinense,
907 1002 1060 1051 Lealce,
1095 1001 1367 1043 Numismata
1387 1000 1609 1043 Hellenica
1627 1015 1676 1055 p.
1696 1003 1762 1051 56,
1794 1001 1991 1042 Mionnet
2009 999 2097 1042 III

378 1086 425 1125 ρ.
447 1074 500 1113 94
524 1084 565 1112 n.
587 1072 684 1120 259,
708 1084 756 1124 p.
777 1072 878 1119 226,
911 1072 1034 1119 1263,
1066 1068 1216 1123 sumt.
1248 1069 1316 1111 VI
1329 1083 1378 1123 p.
1401 1072 1482 1111 133
1509 1083 1551 1111 n.
1580 1071 1798 1120 361-365;
1841 1068 1918 1116 ΙΙ)
1949 1069 1996 1110 in
2023 1067 2100 1110 ad-

381 1152 502 1180 versa
544 1152 636 1180 cum
677 1138 814 1192 capite
852 1136 1068 1179 Domitiae
1113 1140 1152 1179 et
1195 1137 1467 1191 inscriptione
1505 1137 1667 1193 Δομιτία
1707 1137 1911 1195 Σεβαστή,
1957 1136 2100 1179 eadem

384 1220 532 1248 aversa
562 1209 685 1259 atque
715 1206 761 1247 in
790 1205 824 1247 I
843 1205 930 1247 nisi
958 1204 1069 1258 quod
1097 1205 1162 1247 ἐπί
1191 1205 1387 1246 omissum
1407 1207 1467 1246 est
1489 1204 1775 1259 Waddinyton
1795 1204 1822 1246 l.
1844 1204 1885 1255 L,
1915 1217 2100 1246 museum

381 1274 666 1324 Berolinense,
700 1274 895 1315 Mionnet
914 1273 1002 1315 III
1008 1287 1054 1327 p.
1072 1275 1125 1315 95
1145 1286 1187 1315 n.
1203 1276 1299 1323 264,
1322 1287 1371 1327 p.
1387 1275 1480 1316 227
1495 1286 1537 1315 n.
1553 1276 1677 1316 1267.
1698 1275 1823 1323 1268,
1857 1272 2008 1327 Suppl.
2034 1272 2103 1314 VI

380 1358 429 1397 p.
450 1345 528 1385 135
556 1356 597 1386 n.
620 1345 716 1383 373.
751 1366 802 1371 ——-
836 1341 1045 1383 Nummus
1084 1341 1277 1383 Mionnet
1305 1341 1394 1383 III
1416 1355 1465 1395 p.
1496 1344 1578 1383 100
1606 1355 1648 1383 n.
1679 1344 1766 1384 297
1802 1341 1868 1396 (ex
1898 1340 2100 1396 Sestinio)

382 1411 492 1453 male
524 1410 650 1452 lectus
679 1409 741 1451 vel
770 1409 908 1463 falsus
938 1412 1008 1451 est.

475 1479 580 1521 Cum
609 1477 859 1520 Domitiano
886 1477 1135 1520 Germanici
1162 1491 1310 1519 nomen
1339 1478 1520 1520 inditum
1551 1481 1654 1520 esset
1684 1492 1722 1519 a.
1753 1480 1810 1520 83
1841 1480 2011 1520 eoeeunte
2038 1475 2102 1519 vel

382 1547 606 1601 incipiente
637 1560 677 1588 a.
696 1549 752 1587 84
783 1545 855 1599 (cf.
877 1545 1037 1587 Eclchel
1073 1545 1140 1587 VI
1155 1560 1202 1599 p.
1223 1545 1334 1600 397),
1364 1559 1501 1588 annus
1521 1545 1843 1600 proconsularis
1864 1545 1991 1588 Paeti
2017 1558 2103 1587 non

381 1615 524 1669 potuit
553 1615 737 1668 incipere
766 1614 852 1655 nisi
873 1616 974 1667 post
1003 1628 1042 1657 a.
1064 1616 1131 1655 83.

470 1683 614 1725 Filius
642 1682 805 1724 videtur
834 1683 887 1724 L.
915 1681 1140 1724 Caesennii
1168 1682 1297 1725 Paeti
1325 1696 1405 1725 cos.
1438 1697 1478 1725 a.
1500 1686 1576 1734 61;
1615 1683 1664 1725 de
1692 1683 1852 1725 maiore
1880 1684 1999 1733 natu,
2030 1681 2103 1735 qui

386 1766 426 1794 a.
453 1754 510 1794 62
540 1751 734 1792 tribunus
762 1750 944 1792 militum
973 1751 1058 1804 fuit
1088 1751 1141 1804 cf.
1172 1765 1214 1793 n.
1243 1754 1336 1802 137,
1367 1754 1407 1794 et
1430 1755 1605 1806 propter
1635 1754 1865 1806 temporum
1892 1751 2102 1792 rationem

387 1823 427 1862 et
446 1822 626 1874 propter
647 1832 907 1872 praenomen
928 1819 1073 1873 patris
1104 1822 1198 1873 apte
1229 1820 1411 1874 cogitari
1432 1821 1582 1874 possit.

304 1887 384 1929 139
416 1887 679 1929 Caesennius
710 1886 923 1941 Silvanus,
957 1889 1226 1943 propinquus
1248 1888 1440 1930 Suetonii
1462 1887 1717 1944 Tranquilli,
1750 1888 1824 1943 qui
1855 1888 1893 1928 ei
1914 1902 1940 1929 a
1959 1886 2101 1929 Plinio

387 1956 654 1998 tribunatum
684 1955 867 1996 militum
897 1956 1146 2011 impetravit
1174 1955 1290 1998 Plin.
1316 1957 1433 2010 epist.
1456 1960 1496 2007 3,
1517 1959 1557 1999 8.

317 2048 369 2053 —
413 2032 459 2065 A.
491 2029 658 2065 IVNIVS
690 2029 881 2065 PASTOR
910 2030 954 2065 L.
987 2029 1300 2065 CAESENNIVS
1332 2030 1525 2066 SOSPES.

315 2116 372 2121 -—
415 2091 546 2133 Arria
576 2090 818 2133 Caesennia
848 2090 1044 2134 Paulina.
1795 2134 1798 2137 ,

304 2161 385 2202 140
417 2159 684 2213 Caesernius,
718 2172 850 2213 gener
879 2159 1083 2214 (Mestrii)
1106 2159 1237 2215 Flori,
1260 2161 1386 2202 amici
1408 2159 1629 2203 Plutarchi
1650 2159 1874 2202 Plutarch.
1895 2159 2101 2214 quaestio-

387 2241 459 2270 nes
489 2227 718 2269 convivales
747 2230 783 2277 7,
805 2230 844 2277 4,
866 2231 897 2270 2
906 2241 920 2278 ;
949 2230 986 2278 7,
1011 2231 1049 2278 6,
1070 2231 1113 2271 2.

307 2296 384 2337 141
417 2296 468 2337 T.
502 2295 757 2338 Caesernius
789 2294 1028 2338 Concessus
1060 2295 1246 2338 Severus
1276 2298 1533 2338 memoratur
1558 2297 1605 2338 in
1635 2299 1663 2338 t.
1691 2295 1953 2350 Thayastino
1984 2295 2106 2338 VIII

389 2363 435 2407 S.
465 2366 607 2406 17217
634 2362 856 2405 Lartidiae
887 2364 1194 2405 Praenestinae
1223 2364 1385 2406 uxoris.
1444 2364 1649 2406 Fortasse
1677 2363 1798 2406 homo
1827 2363 1994 2406 nobilis.

307 2433 388 2474 142
419 2431 469 2473 Τ.
492 2430 751 2474 Caesernius
772 2431 953 2474 Macedo
974 2432 1122 2486 posuit
1144 2434 1192 2474 ut
1220 2431 1344 2474 heres
1366 2435 1394 2475 t.
1417 2432 1682 2490 Sirmianum
1701 2432 1850 2476 IIIS.
1867 2435 2010 2476 10224
2029 2431 2102 2487 (1),

386 2502 643 2541 memoratur
670 2500 717 2541 in
747 2499 847 2554 dipl.
878 2499 966 2542 mil.
997 2499 1086 2542 III
1108 2499 1155 2543 S.
1186 2499 1402 2542 XXXVI
1424 2499 1501 2557 (2).
1833 2540 1839 2546 .

474 2567 615 2609 Plena
643 2568 817 2609 nomina
848 2567 1012 2610 eoehibet
1036 2571 1064 2611 t.
1085 2571 1269 2622 uterque.
1315 2568 1576 2611 Procurator
1595 2568 1709 2623 Aug.
1733 2572 1761 2612 t.
1783 2571 1821 2619 1,
1852 2573 2106 2624 procurator

389 2635 687 2677 Mauretaniae
709 2634 1000 2678 Caesariensis
1031 2651 1068 2678 a.
1096 2637 1173 2679 107
1206 2639 1232 2680 t.
1257 2638 1302 2680 2.
1348 2636 1492 2679 Potest
1511 2639 1643 2691 pater
1672 2650 1757 2679 esse
1787 2635 2105 2680 Caeserniorum

389 2717 430 2747 n.
452 2706 531 2745 144
560 2706 599 2745 et
627 2706 719 2746 145.

308 2771 389 2812 143
420 2770 677 2813 Caesernius
709 2771 950 2827 Statianus,
992 2774 1013 2815 ὁ
1045 2775 1268 2829 κράτιστος,
1310 2779 1484 2815 curator
1523 2773 1798 2830 (λογιστεΰων)
1827 2772 2105 2816 Nicomediae

389 2838 645 2894 Bithynicae
674 2843 931 2882 memoratur
958 2841 1004 2882 in
1035 2844 1062 2882 t.
1096 2840 1408 2884 Nicomediensi
1434 2840 1545 2884 OIG
1574 2845 1684 2884 3771
1721 2841 1798 2883 sub
1830 2841 1982 2884 Severo
2003 2843 2106 2896 post

393 2920 433 2948 a.
455 2910 539 2949 197
553 2907 708 2960 posito.

307 2975 415 3016 143a
446 2980 755 3017 CAESERNIVS
789 2981 993 3018 STATIVS
1026 3009 1148 3019 .....
1178 2981 1434 3020 memoratur
1463 2978 1509 3020 in
1538 2980 1567 3020 t.
1594 2976 1750 3032 Cyprio
1772 2990 1922 3032 yraece
1948 2977 2104 3032 scripto

389 3042 537 3083 mutilo
558 3042 747 3084 dedicato
768 3043 1018 3097 imperatori
1036 3044 1216 3096 cuidam,
1239 3046 1356 3088 cuius
1374 3046 1548 3088 nomina
1558 3046 1791 3100 perierunt,
1815 3044 1902 3088 The
1917 3044 2106 3088 Journal

392 3110 443 3163 of
452 3109 643 3152 Hellenic
662 3110 818 3152 studies
833 3111 913 3153 IX
931 3110 1072 3166 (1888)
1080 3127 1127 3167 p.
1139 3116 1228 3156 252
1246 3127 1287 3157 n.
1300 3117 1378 3156 111
1389 3127 1402 3165 ‚·
1421 3114 1602 3167 fortasse
1612 3112 1843 3167 proconsul
1859 3112 1991 3167 Cypri
2006 3112 2103 3167 fuit.

310 3179 391 3220 144
420 3183 462 3221 T.
486 3183 796 3220 CAESERNIVS
821 3185 1024 3222 STATIVS
1048 3187 1310 3231 QleeTlvs
1331 3187 1539 3223 MAGEDO
1563 3186 1911 3232 QVINGTIANVS.
1948 3179 2104 3223 Tituli:
2165 3177 2168 3180 '

392 3246 432 3288 ei
450 3246 618 3300 positus
645 3249 704 3288 est
735 3246 864 3289 V865
884 3248 946 3303 (2)
977 3246 1049 3302 (cf.
1071 3249 1377 3292 Additamenta
1397 3264 1446 3304 p.
1469 3249 1596 3301 1025)
1616 3249 1900 3303 Aquileiensis
1918 3247 2103 3299 mutilus,

392 3314 465 3367 qui
488 3326 654 3355 cursum
673 3313 875 3357 honorum
897 3316 1041 3358 ordine
1065 3318 1228 3360 inverso
1249 3317 1424 3368 exhibet,
1457 3318 1544 3372 ipse
1555 3317 1704 3372 posuit
1732 3316 1867 3359 V866
1887 3314 1950 3370 (2)
1969 3315 2104 3370 Aqui-
