2202 3730
274 326 482 363 CLODIVS
1123 320 1206 362 422
1857 327 2068 365 CLODIVS

357 457 490 506 modo,
517 460 564 497 ut
586 456 762 499 videtur.
813 455 928 496 Nam
957 455 1068 508 quod
1095 456 1141 497 in
1169 456 1348 509 epistula
1378 457 1480 511 ficta
1504 457 1593 498 vita
1613 460 1679 507 10,
1700 461 1753 499 11
1782 458 1962 500 Marcus
1977 462 2074 513 post

355 524 619 565 rebellionem
639 522 789 563 Avidii
815 521 958 564 Cassii
977 522 1025 564 de
1044 522 1203 565 Albino
1235 524 1422 565 traditur
1448 525 1663 578 scripsisse
1687 525 1911 567 ‘habemus
1942 527 2075 581 igitur

359 593 498 632 virum
520 591 697 644 dignum
719 589 954 643 consulatu,
990 605 1117 645 quem
1149 591 1359 634 sufficiam
1391 593 1435 634 in
1466 592 1606 634 locum
1628 592 1765 635 Cassii
1787 595 1964 650 Papirii'
1986 598 2073 645 etc„

355 659 516 701 nullam
544 658 668 711 fldem
698 661 891 699 meretur.
938 658 1054 699 Dein
1075 674 1152 715 per
1174 658 1457 702 Commodum
1478 660 1533 702 ad
1555 659 1742 703 Galliam
1762 662 2006 717 translatus,
2029 663 2075 704 in

357 740 441 782 qua
474 725 580 766 fusis
615 725 815 779 gentibus
851 726 1175 768 transrhenanis
1207 727 1374 770 celebre
1408 743 1564 771 nomen
1594 744 1718 771 suum
1750 729 1873 784 fecit3
1916 730 2074 786 quibus

358 794 486 835 rebus
527 808 734 834 accensus
767 792 1027 835 Commodus
1059 796 1096 836 ei
1128 794 1448 837 Caesareanum
1478 811 1633 838 nomen
1665 796 1819 840 obtulit
1860 804 1902 840 et
1941 798 2072 840 dandi

282 857 283 860 ¹
355 860 557 916 stipendii
573 859 819 902 facultatem
835 868 875 903 et
889 860 1009 917 pallii
1022 864 1184 904 coccini
1199 863 1358 918 utendi,
1373 864 1528 920 quibus
1541 864 1737 907 omnibus
1751 865 1821 907 ille
1838 866 2072 922 prudenter

354 929 560 970 abstinuit
580 929 668 970 vita
688 932 725 978 6,
748 931 846 973 4-5.
899 929 1020 971 Haec
1039 931 1141 984 ficta
1162 944 1246 973 esse
1270 931 1475 982 videntur,
1500 946 1592 974 cum
1613 933 1722 975 idem
1752 937 1900 976 auctor
1921 937 2073 988 postea

353 1000 418 1047 13,
449 1000 476 1038 4
495 1010 579 1050 sqq.
624 996 830 1039 Albinum
849 997 1126 1040 Britannicos
1147 1000 1351 1041 exercitus
1369 1003 1575 1054 reqentem
1598 999 1908 1043 Caesareanum
1927 1017 2075 1045 nomen

352 1064 596 1119 repudiasse
629 1065 804 1107 scribat.
866 1065 1017 1107 Minus
1047 1070 1243 1109 accurate
1274 1067 1389 1121 apud
1416 1069 1660 1122 scriptorem
1690 1069 1907 1123 quendam,
1939 1084 1967 1112 a
1996 1085 2074 1124 quo

350 1132 519 1186 pariter
556 1135 702 1174 auctor
739 1134 850 1174 vitae
879 1133 1033 1175 Albini
1060 1138 1098 1185 1,
1130 1139 1167 1185 1,
1212 1135 1354 1177 Victor
1385 1135 1502 1178 Caes.
1533 1140 1603 1187 20,
1636 1140 1674 1187 9,
1705 1137 1902 1191 Epitome
1930 1142 1999 1189 20,
2030 1142 2074 1189 2,

353 1200 534 1254 Eutrop.
562 1203 602 1250 8,
634 1203 689 1241 18
709 1201 911 1255 pendent,
943 1206 1169 1244 narratum
1197 1207 1290 1245 erat
1317 1204 1522 1246 Albinum
1541 1208 1643 1258 post
1668 1204 1910 1247 Pertinacis
1938 1220 2076 1248 necem

353 1269 398 1309 in
426 1267 577 1310 Gallia
617 1268 842 1311 Caesarem
883 1282 926 1311 se
964 1271 1132 1323 fecisse,
1175 1285 1266 1313 cum
1295 1286 1341 1313 re
1370 1286 1470 1314 vera
1499 1271 1696 1315 Caesaris
1723 1288 1871 1316 nomen
1901 1275 1945 1315 in
1974 1274 2077 1316 Bri-

354 1337 515 1390 tannia,
548 1336 594 1377 in
622 1336 772 1379 Gallia
802 1338 985 1392 Auqusti
1012 1343 1203 1381 sumeret.
1269 1339 1382 1382 Vnde
1411 1341 1458 1382 in
1485 1341 1574 1382 υἱέα
1594 1342 1863 1394 provinciam
1889 1342 2076 1396 aliquam

358 1403 603 1446 Galliarum
634 1406 791 1447 rexisse
825 1407 975 1459 fertur.
1031 1406 1105 1449 Ad
1139 1407 1312 1450 eundem
1347 1411 1558 1451 auctorem
1593 1409 1780 1463 iqnotum
1813 1410 2078 1464 referendum

357 1475 418 1515 est
455 1472 564 1526 quod
604 1477 750 1515 auctor
779 1475 890 1516 vitae
919 1478 984 1525 14,
1017 1478 1054 1526 6,
1098 1475 1251 1527 Victor,
1282 1476 1519 1532 Eutropius
1550 1477 1576 1519 l.
1607 1477 1633 1521 l.
1665 1478 1840 1520 tradunt
1868 1477 2077 1521 Albinum

359 1540 582 1581 occidendi
605 1541 841 1583 Pertinacis
863 1542 994 1583 Didio
1017 1542 1185 1585 Iuliano
1218 1550 1437 1586 auctorem
1458 1543 1529 1585 Vel
1560 1545 1722 1586 socium
1752 1544 1897 1589 fuisse.
1947 1545 2077 1588 Deni-

357 1622 434 1661 que
458 1608 578 1650 Iunii
604 1608 735 1651 Cordi
764 1609 835 1664 (cf.
853 1610 924 1654 vit.
945 1613 983 1661 5,
1005 1614 1082 1662 10,·
1113 1614 1150 1661 7,
1171 1614 1221 1662 3,·
1251 1615 1315 1662 11,
1336 1614 1383 1669 2)
1416 1615 1645 1654 commenta
1672 1612 1784 1654 male
1811 1613 2000 1656 redolent
2029 1628 2079 1656 ea

358 1690 464 1729 quae
495 1676 543 1718 de
579 1676 844 1719 Caesareano
874 1679 1039 1721 nomine
1069 1693 1096 1720 a
1121 1678 1344 1722 Commodo
1375 1680 1514 1722 oblato
1547 1681 1712 1734 passim
1742 1682 1787 1723 in
1815 1682 1904 1723 vita
1926 1681 2080 1724 Albini

355 1745 650 1798 proferuntur.
706 1746 841 1800 (Num
872 1747 979 1788 idem
1008 1749 1252 1790 narraverit
1282 1752 1429 1791 auctor
1456 1750 1528 1791 vit.
1553 1749 1700 1791 Severi
1719 1753 1754 1805 6,
1778 1753 1816 1801 9,
1847 1751 1925 1792 ubi
1950 1752 2079 1793 verba

360 1816 559 1868 corrupta
588 1814 825 1865 traduntur,
854 1815 974 1857 valde
1005 1816 1179 1870 dubito.)

445 1882 634 1935 Legatus
679 1883 929 1925 Britanniae
974 1884 1123 1926 eodem
1168 1891 1380 1941 tempore,
1428 1900 1512 1941 quo
1554 1886 1818 1928 Pescennius
1856 1887 1991 1941 Niger
2033 1888 2077 1928 in

365 1950 541 2004 oriente,
576 1949 808 2006 Septimius
842 1951 1027 1994 Severus
1058 1954 1102 1993 in
1134 1952 1308 2009 Illyrico
1341 1954 1404 2008 (id
1431 1957 1491 1995 est
1521 1957 1679 1996 aestate
1712 1955 1880 1997 ineunte
1910 1969 1949 1997 α.
1980 1954 2077 2009 193)

363 2018 546 2073 sumpsit
576 2019 804 2074 imperium
834 2019 921 2062 Dio
955 2023 1019 2077 73,
1048 2024 1113 2062 14.
1176 2021 1361 2063 Severus
1402 2037 1479 2077 per
1518 2021 1680 2063 litteras
1713 2021 1940 2065 Caesarem
1981 2038 2080 2066 eum

362 2087 539 2139 agnovit
575 2086 662 2128 Dio
695 2090 758 2137 73,
789 2091 861 2138 15,
907 2088 1137 2133 Herodian.
1168 2092 1211 2140 2,
1252 2092 1318 2141 15,
1353 2093 1457 2132 2-5.
1525 2090 1579 2131 D.
1627 2090 1802 2132 Clodius
1848 2091 2080 2148 Septimius

362 2153 546 2196 Albinus
575 2154 735 2196 Caesar
766 2158 792 2197 t.
814 2159 846 2198 2
876 2159 914 2197 et
943 2157 989 2197 in
1017 2158 1209 2198 nummis.
1256 2156 1417 2199 Consul
1439 2173 1464 2200 a
1486 2158 1646 2200 Severo
1667 2158 1908 2201 declaratus
1940 2166 2004 2202 est
2030 2174 2079 2202 eo

364 2228 576 2277 tempore,
610 2238 690 2278 quo
724 2222 845 2264 illum
877 2223 958 2265 sibi
990 2232 1219 2279 paraverat
1249 2225 1486 2280 subrogare
1515 2226 1605 2267 vita
1634 2229 1671 2276 6,
1703 2229 1742 2277 8,
1784 2228 1903 2269 cuius
1933 2231 2081 2271 auctor

364 2290 624 2332 consulatum
644 2292 835 2345 primum
864 2292 1087 2346 iqnoravit,
1121 2293 1174 2346 cf.
1205 2294 1275 2335 vit.
1299 2293 1497 2347 Septimii
1517 2294 1664 2336 Severi
1688 2297 1725 2344 6,
1749 2297 1787 2336 9.
1845 2294 2005 2337 Consul
2038 2297 2080 2338 ΙΙ

363 2373 399 2399 a.
435 2359 514 2400 194
537 2373 633 2400 cum
663 2360 764 2414 imp.
798 2359 919 2401 Caes.
952 2360 1001 2402 L.
1035 2360 1242 2416 Septimio
1273 2361 1433 2403 Severo
1466 2361 1577 2416 Aug.
1600 2362 1644 2403 II
1673 2362 1791 2415 fasti.
1843 2362 2005 2406 Consul
2034 2365 2079 2406 II

360 2427 525 2479 passim
553 2427 600 2468 in
628 2428 832 2478 nummis;
873 2428 983 2469 male
1014 2428 1141 2470 lectus
1170 2429 1335 2470 videtur
1363 2443 1554 2471 nummus
1582 2444 1624 2471 n.
1655 2433 1708 2471 19
1737 2428 1887 2481 Cohen,
1927 2433 2002 2485 qui
2034 2433 2080 2475 in

364 2507 511 2536 aversa
541 2494 731 2537 ezchibere
763 2495 918 2537 dicitur
947 2496 1039 2538 Fel.
1071 2497 1118 2538 P.
1151 2498 1201 2538 R.
1231 2497 1279 2540 P.
1311 2497 1369 2539 M.
1401 2498 1473 2539 Tr.
1506 2498 1555 2541 P.
1589 2497 1685 2541 Cos.
1717 2498 1797 2541 III.

449 2562 635 2604 Severus
656 2563 892 2605 Pescennio
914 2564 1050 2618 Nigro
1075 2564 1244 2606 devicto
1268 2564 1476 2607 Albinum
1505 2565 1672 2607 insidiis
1704 2580 1727 2607 e
1757 2566 1899 2608 medio
1928 2567 2079 2609 tollere

362 2629 522 2672 frustra
553 2631 717 2672 studuit
745 2632 834 2673 vita
854 2634 892 2682 8,
925 2632 1161 2675 Herodian.
1191 2636 1230 2683 3,
1256 2636 1283 2675 5
1313 2639 1355 2675 et
1384 2648 1438 2675 ne
1465 2633 1664 2676 Caesaris
1690 2634 1862 2690 quidem
1894 2636 2078 2692 amplius

362 2697 543 2740 honores
575 2698 727 2740 tribuit
756 2698 844 2741 Dio
878 2702 939 2750 75,
971 2704 1010 2742 4.
1061 2701 1189 2743 Vnde
1218 2700 1404 2743 Albinus
1440 2702 1483 2743 in
1515 2701 1658 2746 Gallia
1688 2709 1838 2744 contra
1869 2702 2079 2746 Severum

364 2765 534 2807 rebellis
557 2768 698 2808 extitit
719 2774 761 2809 et
780 2767 968 2822 Augusti
995 2783 1148 2810 nomen
1180 2771 1363 2825 sumpsit
1383 2770 1469 2812 Dio
1495 2770 1520 2812 l.
1547 2769 1589 2821 l„
1620 2770 1856 2813 Herodian.
1878 2775 1918 2822 3,
1938 2775 1976 2823 7,
2007 2773 2078 2817 υἱέ.

363 2833 506 2876 Severi
532 2838 595 2884 10,
629 2838 667 2885 1,
701 2850 810 2878 anno
841 2840 922 2878 196
951 2840 999 2878 ut
1026 2837 1201 2880 videtur.
1258 2839 1365 2894 Imp.
1399 2838 1520 2882 Caes.
1548 2839 1605 2881 D.
1638 2838 1814 2881 Clodius
1847 2839 2080 2896 Septimius

361 2901 545 2945 Albinus
576 2902 690 2956 Aug.
721 2905 890 2946 nummi.
952 2904 1082 2960 Apud
1113 2906 1361 2948 Tinurtium
1390 2907 1461 2948 vit.
1493 2906 1637 2950 Severi
1654 2910 1718 2957 11,
1742 2911 1768 2949 1
1799 2907 2079 2962 (Lugdunum

362 2970 533 3024 reliqui)
555 2970 595 3013 d.
620 2971 671 3012 19
693 2973 852 3013 mensis
875 2972 1105 3014 Februarii
1137 2989 1174 3017 a.
1197 2975 1276 3016 197
1300 2975 1383 3017 ibd.
1405 2978 1471 3025 11,
1494 2978 1520 3016 7
1549 2990 1574 3016 a
1605 2974 1767 3018 Severo
1789 2976 1928 3017 victus
1952 2978 2081 3032 periit

362 3038 451 3079 vita
472 3042 510 3088 9,
541 3038 628 3080 Dio
649 3042 713 3089 75,
735 3043 836 3090 4-9,
868 3041 1103 3086 Herodian.
1123 3045 1162 3092 3,
1186 3046 1223 3093 7,
1252 3042 1393 3085 Victor
1411 3042 1529 3086 Caes.
1552 3046 1622 3094 20,
1644 3047 1709 3094 11,
1731 3043 1927 3098 Epitome
1941 3048 2013 3096 20,
2033 3048 2077 3096 2,

362 3106 542 3160 Eutrop.
565 3109 604 3156 8,
625 3109 691 3148 18.

448 3174 551 3215 Fuit
581 3173 739 3215 Albino
771 3190 903 3229 unuS,
947 3183 993 3218 ut
1023 3177 1155 3233 aliqui
1186 3178 1355 3230 dicunt,
1388 3178 1524 3230 filius,
1556 3186 1605 3221 ut
1624 3180 1832 3234 (Marius)
1861 3179 2078 3223 Maximus

365 3241 489 3295 dicit,
532 3241 638 3295 duo,
681 3242 838 3297 quibus
870 3244 1054 3286 Severus
1094 3247 1280 3301 primum
1313 3248 1484 3289 veniam
1514 3247 1654 3302 dedit3
1694 3254 1843 3304 postea
1871 3262 1975 3289 vero
2005 3261 2078 3290 eos

365 3323 462 3349 cum
493 3314 630 3350 matre
659 3311 870 3364 percussit
903 3319 944 3352 et
984 3313 1028 3353 in
1068 3313 1351 3368 profluentem
1386 3314 1498 3357 abici
1529 3315 1654 3357 iussit
1681 3316 1770 3357 vita
1796 3317 1834 3366 9,
1865 3317 1892 3358 5
1924 3315 1978 3370 cf.
2005 3316 2076 3358 vit.

280 3383 293 3386 ”
366 3375 512 3418 Severi
529 3380 593 3427 11,
616 3379 655 3418 9.
705 3378 965 3421 Pescennius
987 3381 1169 3424 Princus
1189 3382 1302 3425 filius
1326 3384 1415 3425 υἱέα
1436 3387 1472 3433 7,
1499 3386 1528 3425 8
1556 3384 1601 3425 in
1622 3383 1815 3436 epistula.
1837 3408 1892 3413 ——
1913 3383 2079 3426 Marius
