2202 3730
261 254 497 291 AVFIDIVS
1125 244 1206 286 184
1827 250 2062 287 AVFIDIVS
2094 300 2097 301 7

433 382 595 427 Consul
630 383 651 424 I
691 380 890 433 suffectus
931 394 1041 422 anno
1080 380 1264 431 incerto,·
1304 379 1536 436 proconsul
1576 379 1743 435 (Asiae)
1785 395 1822 424 a.
1853 381 1934 423 221
1977 380 2066 432 tit„-

349 451 497 494 consul
526 452 571 493 Π
601 466 637 492 a.
661 450 743 492 226
772 463 808 493 v.
839 463 984 503 supra.

266 521 376 562 1156
407 519 606 561 Aufidius
646 517 886 572 Modestus,
928 517 1236 571 grammaticus
1275 517 1433 558 citatur
1462 531 1487 558 a
1517 516 1777 571 Philaryyro
1807 516 1866 559 ad
1894 516 2069 571 Veryilii

351 587 502 641 Geory.
525 591 567 637 2,
590 590 695 637 497;
723 589 762 636 3,
785 588 852 629 53.
898 585 1094 627 Eundem
1113 584 1319 639 intelleyit
1335 584 1536 628 Martial.
1557 588 1623 635 10,
1646 589 1715 635 21,
1738 588 1763 627 1
1787 584 1990 626 ‘scribere
2011 589 2064 638 te,

349 670 459 710 quae
490 655 566 695 vix
597 653 816 708 intellegat
846 655 938 709 ipse
958 653 1191 707 Modestus,
1221 659 1263 694 et
1282 652 1359 694 vix
1381 652 1603 707 Claranus,
1633 652 1739 709 quid
1760 666 1878 707 rog0,
1902 651 2065 708 Crispe,

349 724 469 764 iuvat
479 722 516 763 P‘
552 724 606 776 cf.
627 736 662 766 v.
684 724 772 764 5-6
806 729 918 763 ‘mea
940 722 1145 772 carmina,
1168 720 1332 776 Crispe,
1363 722 1655 775 grammaticis
1676 720 1876 777 placeant
1906 726 1949 762 et
1977 720 2069 762 sine

347 791 669 845 grammaticis'.
730 790 874 832 Potest
901 789 1011 831 idem
1043 802 1128 831 6336
1158 789 1230 843 qui
1257 789 1457 843 sequitur.

266 859 373 901 1157
405 858 604 900 Aufidius
636 858 871 908 Modestus,
904 858 1067 900 dictum
1098 858 1188 899 eius
1219 858 1262 898 in
1293 857 1499 910 Quietum
1530 856 1602 911 (cf.
1623 857 1667 898 A
1687 857 1815 910 1172)
1845 856 2070 913 aequalem

350 926 570 969 Plutarchi
602 926 824 970 Plutarch.
856 927 1086 980 quaestion.
1118 925 1316 968 convival.
1348 928 1391 976 2,
1423 929 1461 976 1,
1492 928 1532 976 5,
1561 929 1593 968 2
1629 924 1754 978 (irride
1784 923 1956 968 eandem
1982 925 2071 968 rem

350 994 538 1037 Modesti
565 996 731 1037 nomine
760 1009 845 1037 non
876 995 1007 1037 allato
1036 995 1170 1048 refert
1191 994 1440 1036 Macrobius
1460 997 1539 1036 sat.
1568 997 1603 1044 7,
1624 997 1663 1045 3,
1685 993 1766 1048 15).
1805 993 1872 1048 Cf.
1894 1008 1936 1036 n.
1951 994 2069 1036 1156.

266 1063 375 1106 1158
409 1062 521 1117 [05³]
549 1063 780 1118 Aufidiu[s]
813 1062 1071 1119 Pant[h]era
1089 1062 1164 1118 (in
1194 1062 1334 1116 lapide
1364 1063 1562 1117 Pantera,
1587 1062 1880 1117 praenominis
1909 1062 2072 1104 incerta

348 1132 525 1186 vestiyia
549 1134 724 1187 extant),
747 1131 991 1187 praefectus
1014 1130 1161 1173 classis
1183 1131 1460 1172 Britannicae
1481 1131 1576 1174 VII
1588 1134 1643 1173 18
1663 1134 1691 1173 t.
1706 1130 1999 1172 Britannicus.
2017 1154 2069 1159 —

349 1200 400 1242 L.
431 1199 630 1242 Aufidius
661 1199 891 1253 Panthera,
925 1198 1110 1253 Sassina,
1149 1198 1391 1254 praefectus
1420 1198 1513 1241 alae
1542 1200 1565 1241 I
1594 1198 1751 1255 leiae
1781 1199 2071 1240 contariorum

351 1267 559 1310 miliariae
588 1283 625 1311 a.
660 1269 739 1310 133
769 1270 1026 1310 memoratur
1054 1267 1143 1309 III
1166 1266 1212 1309 S.
1245 1266 1346 1321 dipl.
1376 1266 1465 1308 mil.
1496 1266 1692 1309 XLVII.

268 1335 377 1378 1159
407 1342 640 1378 AVFIDIVS
680 1337 1007 1377 SEVERIANVS.
1070 1334 1333 1377 ‘Observare
1370 1341 1512 1377 autem
1549 1334 1849 1391 proconsulem
1891 1340 2069 1391 oportet,

350 1419 405 1446 ne
443 1405 488 1446 in
527 1404 723 1460 hospitiis
763 1403 1021 1460 praebendis
1062 1409 1210 1445 oneret
1247 1403 1535 1458 provinciam,
1577 1410 1626 1445 ut
1664 1403 1898 1459 imperator
1926 1409 2072 1445 noster

351 1487 448 1515 cum
483 1479 605 1529 patre
635 1472 812 1514 Aufidio
844 1472 1078 1515 Severiano
1110 1473 1344 1528 rescripsit'
1379 1471 1588 1526 Varianus
1617 1471 1781 1526 Diqest.
1802 1474 1840 1522 1,
1862 1474 1927 1523 16,
1949 1474 1976 1514 4
1996 1485 2069 1526 pr.

350 1540 585 1584 Proconsul
606 1541 854 1595 provinciae
882 1541 1022 1583 nescio
1052 1541 1171 1583 cuius
1200 1540 1275 1582 sub
1308 1539 1461 1583 Severo
1491 1543 1530 1582 et
1555 1539 1787 1582 Antonino.

299 1633 350 1638 ——
381 1609 432 1651 L.
462 1608 616 1651 Arrius
647 1608 875 1651 Plarianus
906 1608 1106 1651 Aufidius
1137 1608 1299 1652 Turbo.

269 1678 378 1720 1160
411 1683 452 1719 e.
472 1684 705 1718 AVFIDIVS
727 1682 1038 1730 VICTORINVS,
1063 1691 1146 1718 cos.
1169 1677 1214 1718 ΙΙ
1234 1691 1272 1720 a.
1297 1677 1378 1719 183
1400 1691 1498 1718 eum
1519 1675 1754 1719 Commodo
1775 1675 1974 1731 Augusto
1996 1676 2073 1719 IV.

353 1745 620 1788 Memoratur
658 1746 705 1787 in
746 1745 867 1787 titulo
907 1744 1161 1786 Pisaurensi
1197 1745 1360 1798 nepotis
1398 1744 1532 1787 Orelli
1559 1747 1677 1787 1176.
1737 1744 1793 1787 In
1833 1743 2074 1787 consulatu:

354 1813 403 1858 C.
435 1813 638 1856 Aufidius
668 1814 919 1856 Victorinus
950 1813 1018 1855 VI
1038 1816 1166 1863 2099,
1210 1812 1289 1868 [C]
1331 1812 1532 1855 Aufidius
1569 1813 1820 1855 Victorinus
1861 1812 1929 1855 VI
1948 1815 2070 1863 3741,

354 1881 553 1924 Aufidius
577 1882 826 1925 Victorinus
846 1881 1081 1924 Bullettino
1112 1881 1326 1924 comunale
1352 1881 1420 1924 VI
1433 1880 1574 1937 (1878)
1594 1883 1680 1924 263
1707 1895 1748 1923 n.
1771 1883 1864 1932 131,
1896 1884 2075 1924 ceterwm

354 1951 603 1993 Victorinus
627 1950 745 2004 fasti.
766 1975 818 1980 —
841 1949 887 1993 O.
909 1949 1108 1992 Aufidius
1123 1949 1288 1992 Fronto
1310 1949 1367 1991 acl
1388 1949 1453 1991 M.
1474 1948 1698 1991 Gaesarem
1717 1952 1756 1999 4,
1778 1951 1833 1991 13
1854 1963 1903 2003 p.
1927 1951 1978 1992 75
1999 1949 2073 2000 N„

354 2018 555 2061 Aufidius
576 2019 824 2060 Victorinus
847 2019 925 2068 tit„
956 2017 1122 2060 Fronto
1151 2018 1196 2059 in
1225 2018 1570 2071 inscriptionibus
1593 2016 1870 2071 epistularum
1900 2017 1958 2059 acl
1982 2031 2075 2060 eum

358 2087 556 2129 datarum
587 2086 645 2128 aol
673 2087 794 2128 amic.
827 2091 862 2136 1,
893 2089 931 2129 7.
955 2086 1039 2141 (12.
1061 2089 1126 2128 13.
1148 2088 1201 2128 14
1231 2086 1276 2127 in
1305 2085 1442 2127 indice
1472 2085 1779 2142 epistularum),
1808 2086 1880 2127 vit.
1913 2076 2072 2136 Marci,

355 2146 557 2209 Diyesta;
586 2155 836 2197 Victorinus
857 2154 946 2197 Dio
972 2158 1040 2205 72,
1063 2158 1142 2205 11;
1170 2153 1372 2196 Aufidius
1402 2153 1465 2195 vel
1494 2154 1743 2195 Victorinus
1765 2154 1932 2207 passim
1961 2153 2077 2209 apud

353 2222 625 2265 Frontonem.

440 2291 510 2332 Ex
529 2290 713 2333 Vmbria
743 2291 950 2333 oriundus
982 2291 1036 2344 cf.
1058 2290 1210 2332 Front.
1238 2290 1296 2332 acl
1315 2290 1380 2332 M.
1406 2289 1631 2332 Gaesarem
1649 2293 1688 2341 4,
1711 2293 1764 2332 13
1787 2289 1851 2333 (Ο.
1872 2289 2075 2333 Aufidius

358 2383 408 2388 ——
442 2384 498 2389 —
528 2366 658 2413 negat
688 2374 733 2400 se
765 2358 981 2401 hominem
1011 2359 1234 2400 iustiorem
1264 2373 1317 2400 ex
1347 2358 1530 2400 Vmbria
1559 2357 1696 2400 ullum
1727 2357 1859 2400 alium
1893 2358 2075 2401 Romam

356 2428 555 2482 venisse’,
570 2428 856 2481 probabiliter
877 2427 1147 2470 Pisaurensis
1167 2428 1220 2481 cf.
1245 2428 1308 2469 tit.
1330 2428 1506 2481 nepotis.
1539 2426 1751 2469 Senatorii
1774 2425 1950 2480 ordinis,
1977 2440 2075 2469 con-

358 2495 593 2552 discipulus
625 2503 666 2538 et
696 2497 859 2538 amicus
890 2496 948 2538 M.
971 2495 1140 2538 Aurelii
1169 2496 1241 2537 vit.
1266 2496 1415 2537 Marci
1432 2498 1471 2546 3,
1493 2497 1522 2537 8
1551 2495 1605 2549 cf.
1626 2495 1779 2539 Front.
1803 2495 1862 2538 ad
1880 2495 1948 2538 M.
1970 2495 2076 2540 Gae-

359 2578 497 2606 sarem
522 2568 560 2614 1,
585 2567 613 2605 8
632 2579 681 2618 p.
702 2567 760 2607 24
782 2564 839 2606 Ν.
901 2563 1059 2606 Consul
1087 2564 1121 2606 I
1142 2563 1341 2616 suffectus
1369 2567 1570 2618 reynante
1600 2563 1681 2606 Pio
1709 2564 1774 2606 vel
1801 2564 1878 2606 sub
1907 2564 2076 2607 initiwm

358 2633 528 2686 imperii
571 2632 721 2673 Marci
768 2632 950 2685 fortasse
995 2646 1034 2674 a.
1076 2634 1156 2675 155
1199 2633 1254 2686 cf.
1295 2631 1339 2673 A
1378 2635 1501 2675 1142.
1574 2631 1766 2686 Legatus
1815 2632 2075 2676 Germaniae

361 2700 628 2755 (superioris)
660 2699 747 2742 Dio
780 2703 848 2750 72,
875 2704 928 2742 11
938 2714 951 2751 ;
982 2700 1109 2755 (anno
1139 2701 1228 2754 fere
1257 2699 1358 2754 162)
1389 2706 1538 2742 contra
1567 2699 1757 2754 Chattos,
1793 2700 1867 2756 qui
1898 2701 1943 2742 in
1968 2699 2075 2744 Ger-

360 2768 549 2809 maniam
579 2783 629 2810 ac
661 2769 854 2810 Raetiam
886 2769 1151 2824 irruperant,
1184 2769 1340 2811 missus
1371 2774 1435 2811 est
1462 2769 1534 2812 vit.
1568 2768 1717 2810 Marci
1747 2770 1787 2818 8,
1818 2770 1867 2820 8;
1896 2768 1956 2811 ad
1982 2783 2076 2812 eam

362 2835 608 2890 leyationem
632 2839 819 2890 spectare
838 2836 1002 2878 videtur
1021 2836 1202 2891 epistula
1220 2836 1453 2879 Frontonis
1474 2836 1532 2878 ad
1551 2836 1672 2878 amic.
1694 2839 1732 2886 1,
1756 2839 1793 2878 7.
1839 2837 2077 2880 Proconsul

360 2902 535 2945 Africae
563 2903 651 2946 Dio
683 2907 750 2954 72,
781 2908 858 2955 11;
895 2904 1043 2947 consul
1072 2905 1117 2947 H
1147 2920 1184 2949 a.
1218 2905 1300 2947 183
1324 2918 1361 2948 v.
1391 2918 1537 2959 supra,
1570 2903 1636 2946 bis
1665 2903 1815 2946 consul
1839 2905 1928 2956 ta,-
1956 2920 2077 2962 prae-

360 2970 498 3013 fectus
528 2971 625 3014 urbi
657 2973 742 3023 tit.,·
764 2972 869 3014 obiit
898 2987 1010 3014 anno
1041 2972 1131 3014 fere
1161 2973 1240 3015 185
1266 2972 1354 3015 Dio
1376 2973 1402 3015 l.
1425 2973 1450 3015 l.
1501 2972 1827 3026 Praefecturaan
1856 2987 1935 3028 quo
1965 2988 2076 3018 anno

363 3039 536 3093 adeptus
556 3040 623 3089 sit,
646 3039 733 3082 Dio
753 3054 838 3082 non
856 3044 1034 3092 narrat;
1061 3040 1286 3083 secundum
1302 3055 1424 3083 usum
1444 3040 1560 3083 illius
1580 3041 1733 3083 aetatis
1751 3041 1842 3083 veri
1861 3041 1998 3084 simile
2017 3046 2078 3086 est

365 3106 559 3161 adeptum
579 3120 664 3149 esse
685 3108 823 3150 eodem
854 3112 1035 3163 tempore
1065 3112 1187 3163 atque
1212 3109 1472 3151 consulatum
1500 3108 1679 3151 alterum
1707 3109 1771 3151 vel
1789 3109 1926 3163 paulo
1956 3113 2077 3163 ante,·

363 3178 523 3228 tempus
537 3176 683 3217 mortis
697 3176 793 3218 inole
810 3177 1006 3230 efficitur,
1022 3177 1135 3231 quod
1151 3191 1242 3219 eum
1259 3177 1398 3219 eodem
1413 3178 1502 3231 fere
1518 3180 1699 3232 tempore
1715 3180 1838 3231 atque
1848 3177 2078 3222 Perennem

362 3242 425 3285 vel
436 3242 572 3296 paulo
594 3246 690 3285 ante
711 3243 950 3297 defunctum
971 3258 1054 3287 6336
1075 3259 1125 3288 ex
1144 3245 1286 3288 Dione
1307 3248 1498 3300 apparet.
1520 3269 1571 3274 —
1594 3244 1854 3288 constitutio
1879 3245 2076 3289 divorum

370 3310 510 3353 Marci
542 3317 583 3353 et
614 3310 836 3354 Commodi
875 3312 951 3367 (sic
980 3313 1026 3355 in
1055 3313 1193 3356 codice
1219 3313 1474 3363 Iustiniano,
1514 3312 1606 3354 divi
1634 3311 1772 3355 Marci
1800 3312 1848 3356 in
1874 3311 2080 3370 Diyestis)
