2202 3730
160 303 440 339 CORNELIVS
1018 298 1097 339 451
1674 302 1961 360 conngiys

160 425 264 467 1121
302 431 378 467 CN.
420 431 701 467 CORNELIVS
742 432 1025 477 LENTVLVS,
1069 425 1219 468 consul
1259 440 1371 469 anno
1404 426 1485 468 736
1517 445 1572 460 z
1610 425 1662 467 18
1703 440 1741 466 a.
1774 424 1823 468 C.
1866 440 1963 466 cum

242 494 289 536 P.
327 492 527 536 Cornelio
563 494 749 536 Lentulo
779 493 1044 538 Marcellino,
1105 494 1161 536 In
1201 494 1444 536 consulatu:
1482 493 1562 537 Cn.
1596 492 1822 535 Cornelius
1854 493 1964 535 Len-

246 561 360 604 tulus
391 561 477 604 Dio
508 563 634 604 index
665 563 691 605 l.
720 566 795 613 54,
839 562 917 605 Cn.
950 562 1205 618 C[ornelius]
1236 563 1344 615 fasti
1371 563 1471 606 min.
1506 562 1600 604 VH
1622 561 1721 605 CIL
1750 562 1784 603 Ι
1788 562 1804 586 2
1827 576 1876 615 χο.
1897 565 1962 611 64,

245 630 324 672 Cn.
347 630 589 686 Le[ntulus]
621 632 728 685 fasti
755 632 856 673 min.
889 631 1012 673 VIII
1017 647 1065 686 p.
1085 634 1158 682 65,·
1184 631 1264 674 Cn.
1287 631 1499 672 Lentulus
1522 631 1783 672 Monument.
1805 629 1964 684 Aneyr.

247 699 320 741 lat.
336 702 374 749 1,
390 702 444 741 37
459 720 513 734 =
526 714 666 754 yraee.
680 703 719 750 3,
738 703 806 750 12,
831 700 904 742 lat.
921 703 960 750 3,
976 704 1033 742 40
1049 720 1102 734 =
1116 713 1257 754 qraee.
1275 703 1312 749 9,
1331 703 1400 749 21,
1423 699 1511 741 Dio
1531 701 1597 749 54,
1615 702 1685 748 12,
1710 697 1964 747 Cassiodor„

246 770 424 809 ceterum
439 768 650 810 Lentulus
666 769 783 822 fasti.
795 793 851 797 —
868 768 946 811 Cn.
961 767 1171 810 Lentulus
1193 768 1308 821 apud
1323 768 1527 817 Tacitum,
1546 770 1724 809 ceterum
1739 765 1964 808 Lentulus.

330 836 379 880 L.
402 836 515 878 filius
535 835 623 878 Dio
644 837 730 878 incl.
754 836 779 878 l.
801 839 866 879 54.
918 835 1079 879 Consul
1107 837 1205 878 Tae.
1228 851 1267 878 a.
1289 840 1328 885 4,
1350 839 1415 885 44,
1448 851 1560 878 anno
1594 836 1675 878 736
1698 855 1753 869 :-
1782 836 1832 876 18
1854 850 1892 876 a.
1916 834 1964 877 C.

245 905 362 957 fasti.
423 905 614 959 Legatus
651 905 839 959 Augusti
880 912 1029 947 contra
1059 905 1203 946 Dacos
1233 905 1488 946 Danuvium
1521 910 1813 958 transgressus
1845 918 1965 944 exer-

243 973 375 1014 citum
419 972 547 1014 duxit
591 980 632 1014 et
676 972 894 1015 Sarmatas
940 989 966 1014 a
1008 973 1210 1014 Danuvio
1252 971 1473 1028 prohibuit
1508 971 1673 1013 Florus
1711 975 1753 1021 2,
1785 974 1858 1014 28,·
1884 974 1942 1014 29
1954 984 1967 1022 ,·

247 1040 523 1096 triumphalia
562 1041 615 1082 de
647 1041 769 1084 Getis
810 1041 1001 1096 (degetes
1042 1041 1113 1083 lib.
1157 1041 1390 1094 Medieeus)
1433 1041 1589 1082 meruit
1630 1040 1728 1082 Tae.
1763 1053 1802 1081 a.
1836 1043 1875 1089 4,
1912 1042 1966 1081 44

246 1110 300 1163 ef.
331 1109 589 1159 Mommsen,
631 1109 718 1151 Res
751 1112 894 1163 qestae
925 1109 1011 1150 clivi
1040 1108 1152 1162 Any.
1176 1123 1222 1162 p.
1245 1109 1366 1151 1312.
1426 1107 1554 1149 Anno
1591 1109 1641 1150 14
1672 1123 1713 1164 p.
1745 1107 1792 1150 C.
1824 1114 1965 1149 aetate

247 1185 288 1219 et
307 1176 447 1232 gloria
467 1177 567 1220 belli
589 1179 769 1232 insignis
791 1179 984 1219 Drusum
1006 1178 1049 1218 in
1071 1176 1294 1232 Illyricum
1317 1177 1543 1218 comitatus
1566 1183 1631 1218 est
1652 1176 1749 1218 Tae.
1772 1190 1811 1218 a.
1833 1179 1872 1225 1,
1894 1179 1965 1219 27.

246 1247 384 1288 Annis
408 1247 461 1289 16
488 1252 530 1288 et
553 1248 607 1289 22
637 1248 682 1288 in
713 1253 865 1288 senatu
894 1247 1128 1288 sententias
1158 1245 1270 1287 dixit
1301 1244 1384 1287 ibcl.
1408 1248 1452 1295 2,
1473 1248 1553 1295 32;
1580 1247 1620 1294 3,
1643 1247 1708 1286 68.
1759 1244 1888 1286 Anno
1911 1245 1967 1285 24

247 1322 464 1357 extremae
503 1316 736 1358 senectutis
777 1316 953 1357 intimus
993 1314 1158 1356 Tiberii
1199 1315 1361 1355 amicus
1402 1319 1652 1365 aecusatus,
1707 1312 1781 1354 sed
1822 1313 1966 1354 statim

248 1390 473 1439 exemptus
495 1390 559 1426 est
578 1384 663 1425 ibcl.
680 1388 718 1434 4,
737 1387 806 1434 29,
829 1383 917 1425 Dio
937 1387 1002 1433 57,
1019 1387 1088 1425 24.
1123 1382 1249 1424 Anno
1273 1383 1326 1424 25
1350 1381 1477 1434 obiit3
1504 1388 1675 1437 praeter
1696 1379 1965 1422 consulatum

246 1460 288 1494 ct
319 1458 572 1494 ornamenta
602 1451 878 1507 triumphalia
906 1451 1045 1506 gloria
1072 1451 1214 1492 fuerat
1243 1457 1476 1506 paupertas
1506 1448 1617 1490 bene
1649 1449 1840 1503 tolerata,
1865 1448 1966 1490 dein

245 1535 426 1575 magnae
447 1535 549 1576 opes
579 1521 831 1561 innocenter
860 1526 1008 1575 partae
1031 1526 1072 1560 et
1093 1519 1284 1560 modeste
1305 1518 1478 1560 habitae
1505 1518 1602 1561 Tae.
1627 1532 1666 1561 a.
1687 1521 1727 1567 4,
1748 1521 1814 1559 44.
1855 1517 1967 1559 Eius

245 1589 362 1644 silius
390 1589 554 1631 violetur
580 1588 733 1631 Cossus
760 1587 978 1631 Cornelius
1008 1587 1215 1629 Lentulus
1244 1600 1325 1629 eos.
1357 1601 1396 1628 a.
1421 1589 1512 1628 753.

163 1660 271 1700 1122
313 1664 389 1700 CN.
422 1658 739 1711 (CORNELIVS)
780 1663 1043 1698 LENTVLVS
1083 1659 1342 1698 memoratur
1381 1656 1426 1696 in
1457 1658 1483 1698 t.
1527 1654 1728 1696 Vrbinate
1758 1654 1838 1696 XI
1860 1657 1968 1696 6058

246 1726 405 1768 duobus
445 1725 642 1780 escemplis
678 1728 866 1767 servato:
904 1725 954 1766 T.
995 1714 1143 1766 Mario*
1174 1723 1321 1766 Siculo
1365 1748 1416 1752 ——
1458 1747 1513 1753 —
1549 1729 1600 1764 tr.
1632 1722 1719 1765 mil.
1751 1722 1833 1777 leg.
1863 1723 1965 1773 XII,

246 1793 378 1850 praef.
419 1793 639 1848 duor(um)
678 1793 960 1849 prin(cipum)
997 1791 1125 1848 [haec
1163 1806 1294 1834 unum
1334 1791 1564 1845 exemplum
1605 1790 1789 1840 exhibet,
1829 1791 1969 1832 omisit

246 1862 458 1919 alterumJ,
501 1861 757 1918 praefect(o)
798 1862 842 1904 in
882 1861 1089 1915 cl(asse‘?)
1123 1860 1202 1904 Cn.
1235 1860 1410 1903 Lentuli
1450 1859 1698 1916 praet(oris)
1730 1860 1774 1900 in
1806 1859 1966 1903 Sicilia.

251 1931 436 1973 Titulum
461 1930 519 1972 ad
536 1930 722 1984 Auyusti
752 1932 930 1972 aetatem
959 1929 1121 1971 rettulit
1144 1928 1367 1970 Bormann
1396 1928 1525 1970 verba
1554 1926 1690 1983 praef.
1711 1927 1832 1971 duor.
1857 1929 1967 1983 prin.

249 2001 546 2054 interpretatus
566 1998 753 2052 Augusti
775 2005 817 2040 et
837 1997 1071 2054 Agrippae.
1125 1998 1241 2050 Quae
1263 1997 1556 2051 interpretatio
1577 2010 1830 2050 quamquam
1860 1996 1971 2049 ferri

247 2068 363 2110 nullo
393 2067 515 2110 modo
543 2080 670 2121 posse
712 2067 819 2108 mihi
856 2066 1019 2119 violetur
1060 2069 1182 2120 atque
1213 2065 1262 2107 de
1294 2066 1466 2107 lectione
1498 2064 1662 2107 tradita
1692 2064 1970 2106 dubitandum

248 2150 346 2186 esse,
379 2139 520 2178 tamen
556 2135 724 2177 titulum
745 2138 924 2189 propter
952 2148 1088 2177 vocem
1120 2135 1360 2188 ‘praetoris’
1396 2133 1454 2175 ad
1483 2136 1662 2175 aetatem
1688 2132 1876 2187 Auyusti
1903 2134 1969 2175 in-

248 2208 410 2247 euntem
430 2204 645 2258 pertinere
676 2207 716 2245 et
743 2204 832 2257 ipse
852 2203 1061 2257 putarim.

165 2275 275 2317 1123
306 2279 383 2315 CN.
426 2278 707 2314 CORNELIVS
748 2277 1009 2313 LENTVLVS
1050 2271 1190 2312 neseio
1229 2271 1321 2323 quis
1360 2270 1590 2312 honoratus
1631 2272 1658 2311 t.
1688 2269 1833 2311 Attico
1867 2267 1970 2311 GIA

248 2342 339 2384 III
360 2344 443 2384 585
474 2341 627 2383 aetatis
653 2340 955 2394 imperatoriae
984 2339 1180 2381 ineuntis.

165 2411 276 2453 1124
307 2416 484 2452 COSSVS
517 2415 797 2450 CORNELIVS
828 2414 1101 2462 LENTVLVS,
1134 2405 1285 2449 consul
1322 2421 1434 2448 anno
1467 2380 1548 2448 753
1579 2407 1687 2448 :1
1721 2421 1759 2449 a.
1793 2405 1841 2448 C.
1873 2421 1970 2447 cum

247 2479 298 2521 L.
341 2477 575 2534 Calpurnio
616 2478 787 2520 Pisone.
850 2476 1026 2519 Nummi
1064 2476 1153 2518 eius
1191 2474 1403 2524 Babelon,
1445 2474 1676 2516 Monnaies
1715 2474 1764 2516 cle
1804 2474 1848 2516 la
1886 2474 1971 2516 Re'-

246 2547 450 2602 publique
479 2546 690 2588 Romame
719 2546 753 2587 I
765 2560 813 2598 p.
836 2548 936 2587 430:
978 2546 1020 2600 a)
1051 2544 1276 2599 Augustus
1311 2544 1350 2597 R·
1381 2542 1541 2585 Cossus
1573 2542 1652 2586 Cn.
1684 2542 1712 2586 f.
1743 2542 1969 2597 Lentulus,

251 2616 291 2664 b)
334 2615 559 2669 Augustus
600 2629 686 2656 cos.
725 2614 792 2656 XI
835 2615 874 2656 Ιὶ·
909 2613 968 2656 Μ.
1000 2613 1197 2668 Agrippa
1237 2626 1321 2654 cos.
1354 2618 1431 2653 ter.
1470 2610 1629 2653 Cossus
1660 2610 1886 2653 Lentulus.
1917 2635 1971 2640 —

253 2684 522 2726 Memoratur
549 2683 596 2724 in
627 2685 653 2724 t.
686 2682 751 2726 M
783 2682 906 2724 Iunii
935 2681 1083 2723 Silani
1102 2680 1350 2734 pronepotis
1380 2679 1448 2721 VI
1470 2681 1587 2722 1439.

336 2751 392 2794 In
420 2751 662 2794 consulatu:
697 2750 855 2793 Cossus
886 2748 1115 2792 Cornelius
1145 2747 1356 2790 Lentulus
1386 2747 1474 2790 Dio
1504 2746 1592 2789 ind.
1625 2747 1651 2788 l.
1682 2749 1747 2797 55,
1781 2746 1822 2788 V
1843 2750 1971 2797 3257,

252 2819 360 2863 GIG
400 2823 516 2863 2943
526 2833 540 2871 ;
593 2818 752 2861 Cossus
799 2817 1024 2860 Cornelius
1071 2816 1140 2859 VI
1175 2819 1298 2858 8738.
1344 2818 1502 2865 10395,
1552 2815 1713 2858 Cossus
1757 2814 1971 2857 Lentulus

252 2887 506 2938 Cassiodor„
538 2891 718 2930 ceterum
738 2886 949 2928 Lentulus
969 2886 1085 2940 fasti.
1108 2911 1156 2913 -—
1191 2885 1349 2927 Cossus
1369 2883 1580 2926 Lentulus
1610 2884 1781 2934 nummi,
1812 2882 1972 2926 Cossus

253 2955 480 3000 Cornelius
510 2955 599 2998 Dio
628 2959 692 3006 55,
724 2958 794 3004 28,
829 2954 986 2996 Cossus
1019 2953 1196 2995 Velleius
1225 2956 1268 3002 2,
1300 2956 1391 3002 116,
1423 2951 1589 2994 Florus
1617 2955 1659 3001 2,
1691 2955 1756 3002 31,
1798 2951 1973 2994 Orosius

252 3030 289 3075 6,
320 3028 392 3074 21,
424 3024 585 3066 Seneca
616 3024 734 3076 epist.
764 3025 830 3076 83,
862 3024 926 3064 15.
996 3020 1210 3064 Gaetulici
1252 3034 1407 3062 nomen
1438 3035 1536 3062 eum
1567 3020 1799 3075 sumpsisse
1830 3019 1973 3061 dieunt

251 3093 339 3135 Dio
375 3096 414 3134 et
446 3091 611 3133 Florus
642 3091 667 3132 l.
701 3091 750 3141 l.,
792 3093 831 3132 et
866 3089 1064 3132 Velleius:
1097 3088 1187 3130 ‘sed
1228 3087 1387 3130 Cossus
1428 3089 1636 3130 victoriae
1677 3087 1972 3129 testimonium

254 3162 383 3204 ctiam
416 3161 460 3201 in
491 3174 728 3214 cognomen
758 3158 835 3199 filii
867 3157 1090 3211 contulit’3
1130 3171 1384 3211 quamquam
1419 3156 1521 3199 haee
1553 3157 1684 3199 verba
1713 3156 1851 3198 minus
1872 3169 1973 3209 per-

252 3230 401 3283 spicua
432 3229 558 3270 etiam
588 3228 652 3269 ita
681 3226 958 3280 interpretari
978 3224 1084 3275 lieet,
1111 3228 1159 3266 ut
1185 3224 1383 3267 Velleium
1405 3225 1540 3267 dicere
1560 3224 1739 3267 voluisse
1760 3236 1974 3277 ponamus

254 3297 426 3340 Cossum
447 3295 611 3349 quidem
631 3296 769 3349 ipsum
790 3294 1041 3336 abstinuisse
1061 3306 1142 3335 usu
1162 3293 1430 3348 cognominis,
1453 3293 1677 3335 indulsisse
1696 3291 1812 3346 filio;
1831 3293 1974 3333 utrum

253 3379 298 3406 re
327 3377 427 3406 vera
453 3363 628 3418 yesserit
659 3376 715 3404 an
743 3375 840 3412 non,
881 3360 1156 3403 monumentis
1193 3374 1278 3402 non
1318 3359 1590 3403 diiudicatur.
1654 3359 1799 3402 Filius
1835 3358 1973 3401 maior

1627 3426 1699 3462 29*
