2202 3730
111 291 365 330 ANTONIVS
984 285 1040 329 95
1665 289 1920 326 ANTONIVS

111 425 195 468 655
225 425 277 467 Τ.
303 424 558 478 Ant(onius)
585 423 832 478 Cl(audius)
853 422 1039 465 Alfenus
1067 422 1319 478 Arignotus,
1351 421 1471 464 tribu
1501 421 1697 475 Quirina,
1723 422 1921 463 ὑπατικῶν

196 495 408 551 συγγενής,
438 498 694 549 procurator
722 491 911 546 Augusti
942 506 1069 534 arcae
1097 492 1309 534 Livianae
1340 496 1480 533 aetate
1508 490 1719 533 Antonini
1750 489 1922 544 (Severi

195 561 292 616 filii)
319 560 431 604 cla
458 563 580 603 3484.
610 563 734 605 3497.

120 654 178 659 -
221 630 273 675 L.
304 629 522 672 Antonius
554 628 765 672 Claudius
795 629 1056 671 Dometinus
1087 628 1308 682 Diogenes
1337 628 1431 670 vide
1461 627 1684 670 Claudius.

109 698 194 740 656
223 704 276 739 Μ.
306 703 560 740 ANTONIVS
591 703 863 752 CRISPINVS,
896 697 1160 739 clarissimus
1184 697 1264 750 vir,
1297 702 1504 752 patronus
1525 694 1721 737 coloniae
1742 694 1921 738 Canusii

194 781 233 809 a.
264 767 349 809 223
378 766 459 808 IX
482 768 566 807 338
595 765 739 808 album
765 765 1041 808 Canusinam.
1495 761 1499 764 ’

109 835 192 878 657
222 836 274 878 L.
314 835 531 877 Antonius
572 834 861 890 Expectatus,
903 834 954 876 L.
991 833 1172 875 Antonii
1211 833 1348 874 Firmi
1386 831 1501 874 filius
1541 832 1630 874 III
1659 834 1786 883 2075,
1827 832 1920 874 vide

193 904 241 946 in
260 906 404 958 patre.

108 973 191 1014 658
222 979 274 1016 M.
313 977 566 1013 ANTONIVS
610 977 674 1011 FE
694 1003 816 1013 .....
834 1003 844 1025 ,
886 968 1064 1024 (sodalis
1104 968 1358 1024 Augustalis
1398 968 1653 1022 Claudialis)
1694 975 1919 1025 cooptatus

193 1055 231 1082 a.
263 1042 346 1083 225
378 1040 447 1083 VI
470 1042 592 1082 1984.

107 1109 192 1151 659
221 1107 439 1150 Antonius
470 1107 610 1151 Felix,
660 1107 876 1150 Antonius
897 1105 1025 1149 Felix
1050 1107 1148 1149 Tac.
1170 1106 1211 1150 h.
1236 1109 1276 1156 3,
1297 1109 1337 1156 9,
1369 1105 1579 1148 Claudius
1609 1104 1737 1147 Felix
1754 1105 1919 1160 Ioscph.

193 1180 278 1222 ant.
297 1181 370 1227 20,
393 1179 431 1227 7,
453 1180 493 1227 1,
518 1176 679 1220 Suidas
698 1189 732 1218 s.
752 1190 789 1217 v.
811 1174 1010 1222 Κλαύδιος
1030 1175 1241 1226 traditum
1267 1175 1341 1229 qui
1358 1177 1534 1228 utroque
1555 1174 1644 1216 loco
1663 1175 1922 1228 scripserunt

190 1247 389 1293 Κλαύδιος
408 1247 567 1303 Φήλικα
588 1245 696 1300 (scil.
717 1245 864 1302 πέμπει
883 1244 947 1286 vel
969 1245 1203 1301 ἐπέστησεν)
1233 1257 1319 1286 non
1339 1243 1630 1293 librariorum,
1658 1242 1733 1284 sed
1750 1242 1922 1296 Iosephi

192 1328 376 1357 errorem
406 1314 636 1356 correxisse
664 1312 871 1362 videntur,
902 1326 1021 1366 quem
1049 1313 1238 1366 sequitur
1268 1311 1453 1362 Suidas‚·
1483 1314 1663 1353 ceterum
1693 1309 1832 1352 Felix.
1862 1335 1920 1339 —

190 1383 345 1425 Frater
373 1381 583 1425 Pallantis
617 1381 716 1424 Tac.
749 1395 789 1422 a.
820 1384 891 1430 12,
921 1383 986 1430 54,
1027 1379 1192 1434 Ioseph.
1226 1383 1313 1421 ant.
1344 1383 1417 1429 20,
1443 1382 1480 1429 7,
1504 1382 1555 1430 1,·
1584 1382 1654 1428 20,
1684 1380 1724 1428 8,
1752 1381 1791 1428 9,
1825 1378 1917 1420 bell.

189 1454 233 1501 2,
254 1455 325 1501 12,
345 1453 396 1503 8;
423 1450 605 1493 libertus
625 1448 798 1491 Claudii
819 1448 969 1504 (Vict.)
990 1449 1177 1502 Epitom.
1198 1452 1237 1498 4,
1259 1448 1386 1489 immo
1406 1447 1624 1489 Antoniae
1643 1448 1796 1488 matris
1816 1447 1916 1496 eius,

188 1523 237 1561 ut
255 1534 305 1562 ex
322 1520 490 1562 nomine
510 1521 702 1573 apparet.
752 1517 933 1574 Aliquot
962 1518 1087 1559 annis
1115 1524 1216 1559 ante
1245 1532 1284 1558 a.
1308 1518 1363 1558 52
1385 1516 1509 1570 (‘iam
1539 1515 1709 1571 pridem
1733 1515 1920 1557 Iudaeae

190 1589 430 1645 impositus'
455 1588 554 1630 Tac.
575 1587 652 1629 sub
674 1600 714 1629 a.
735 1587 810 1640 52)
830 1585 1018 1628 Iudaeae
1039 1586 1309 1642 praepositus
1337 1591 1402 1626 est
1429 1584 1656 1641 provincia
1682 1584 1745 1638 ‘ita
1764 1581 1918 1637 divisa,

188 1664 238 1699 ut
266 1656 471 1700 Ventidio
501 1655 696 1699 Cumano
728 1654 1026 1699 Galilaeorum
1060 1655 1202 1708 natio,
1242 1652 1380 1695 Felici
1411 1652 1653 1695 Samaritae
1692 1658 1917 1708 parerent3

188 1725 415 1768 discordiis
445 1724 547 1766 inde
577 1725 682 1766 ortis
712 1722 958 1766 meidius
989 1721 1241 1776 Quadratus
1279 1721 1447 1776 legatus
1479 1720 1633 1777 Syriae
1667 1721 1919 1776 provinciae

190 1800 348 1836 statum
379 1793 621 1850 composuit
659 1798 702 1834 et
738 1791 792 1834 de
821 1790 1174 1848 procuratoribus
1205 1791 1376 1845 statuit,
1417 1795 1467 1831 ut
1492 1788 1713 1831 Cumanus
1743 1788 1918 1831 damna-

188 1869 331 1918 retur,
378 1861 505 1904 Felix
545 1867 800 1918 procurator
836 1866 971 1902 totam
1013 1859 1282 1915 provinciam
1323 1864 1495 1912 regeret
1538 1857 1638 1900 Tac.
1669 1871 1709 1899 a.
1740 1860 1812 1908 12,
1842 1861 1919 1909 54,-

183 1931 380 1973 Felicem
410 1929 657 1985 (Claudius)
697 1928 947 1972 cohortibus
987 1935 1030 1970 et
1068 1927 1148 1970 alis
1188 1928 1528 1984 provinciaeque
1568 1925 1756 1968 Iudaeae
1796 1941 1918 1981 prae-

189 2001 334 2056 posuit
363 1999 481 2043 Suet.
510 1997 666 2041 Claud.
697 2000 769 2049 28,
812 1997 1003 2040 Felicem
1040 1995 1284 2049 legionibus
1312 1995 1500 2038 Iudaeae
1529 1994 1739 2051 praefecit
1769 1994 1918 2050 (Vict.)

187 2069 374 2124 Epitom.
409 2072 449 2111 4.
516 2067 679 2110 Contra
718 2066 906 2109 Felicem
941 2069 1043 2121 post
1086 2065 1399 2107 damnationem
1439 2063 1622 2107 Cumani
1659 2064 1717 2119 (a.
1756 2063 1831 2112 52)
1874 2064 1921 2104 in

188 2137 397 2179 Iudaeam
423 2137 597 2178 misswm
625 2149 711 2178 esse
738 2138 895 2177 narrat
914 2134 1079 2189 Ioseph.
1103 2137 1191 2176 ant.
1217 2137 1288 2183 20,
1313 2137 1350 2183 7,
1371 2136 1411 2183 1,
1444 2132 1537 2174 bell.
1558 2136 1603 2182 2,
1625 2135 1695 2185 12,
1714 2134 1743 2173 8
1772 2132 1818 2186 (a
1837 2145 1916 2185 quo

185 2205 371 2260 pendent
399 2205 642 2259 Hieronym.
675 2203 734 2245 ad
760 2218 800 2248 a.
831 2203 940 2245 Abr.
971 2205 1097 2253 2066,
1130 2201 1310 2256 Synccll.
1334 2216 1383 2255 p.
1407 2204 1508 2251 629,
1531 2203 1590 2256 3),
1616 2200 1691 2242 sed
1710 2199 1812 2254 plus
1842 2200 1918 2241 tri-

191 2273 398 2316 buendum
426 2272 591 2315 videtur
620 2275 848 2314 accuratae
884 2272 1024 2314 Taciti
1052 2270 1332 2314 enarrationi.
1381 2268 1509 2311 Felix
1538 2268 1748 2310 Ionathan
1780 2269 1919 2324 ponti-

189 2343 314 2384 ficem
335 2342 571 2384 maximum
592 2340 852 2383 Iudaeorum
873 2354 951 2396 per
981 2339 1157 2381 sicarios
1187 2338 1405 2380 interfecit
1424 2336 1590 2391 Ioseph.
1614 2339 1701 2380 ant.
1722 2339 1793 2386 20,
1814 2338 1854 2386 8,
1876 2338 1915 2382 5,

191 2410 283 2453 bell.
305 2414 349 2460 2,
371 2413 437 2460 13,
457 2412 486 2451 3
494 2422 508 2460 ;
536 2408 722 2451 Iudaeos
751 2423 778 2450 a
806 2407 926 2450 falsis
951 2407 1125 2449 vatibus
1145 2406 1348 2462 deceptos
1379 2412 1422 2447 et
1450 2404 1707 2447 rebellantes
1727 2405 1918 2446 coercuit

187 2479 246 2521 id.
278 2482 365 2521 ant.
395 2481 468 2528 20,
498 2479 539 2527 8,
572 2480 619 2527 6,
659 2476 751 2519 bell.
782 2480 826 2526 2,
857 2479 923 2526 13,
951 2478 1000 2526 5,
1041 2475 1255 2517 Eusebius
1283 2474 1457 2516 Armen.
1489 2473 1547 2515 ad
1577 2487 1617 2517 a.
1649 2473 1757 2515 Abr.
1788 2475 1914 2522 2067,

187 2548 435 2601 Hieronym.
467 2548 605 2596 2069,·
653 2545 826 2587 Iudaeis
871 2545 916 2586 in
952 2544 1060 2586 urbe
1098 2542 1312 2585 Caesarea
1350 2541 1717 2585 tumultuantibus
1757 2541 1915 2583 milites

187 2616 365 2657 immisit
383 2614 442 2656 id.
465 2617 552 2656 ant.
569 2617 642 2663 20,
661 2616 703 2663 8,
726 2617 764 2663 7,
788 2612 881 2655 bell.
897 2616 941 2662 2,
964 2615 1029 2663 13,
1053 2615 1091 2662 7,
1113 2612 1325 2654 Eusebius
1339 2611 1514 2653 Armen.
1533 2610 1591 2652 ad
1605 2625 1645 2654 a.
1662 2610 1770 2652 Abr.
1787 2613 1913 2659 2069,

187 2685 435 2738 Hieronym.
450 2685 588 2733 2071,·
610 2681 774 2724 Paulus
794 2680 1016 2737 apostolus
1034 2680 1151 2736 apud
1170 2695 1267 2722 eum
1281 2686 1508 2722 accusatus
1525 2685 1590 2721 est
1606 2682 1686 2720 act.
1699 2681 1832 2732 apost.
1844 2681 1914 2721 24.

191 2754 277 2795 Per
306 2766 475 2794 omnem
506 2751 734 2793 saevitiam
761 2765 811 2791 ac
840 2749 1065 2791 libidinem
1104 2750 1170 2791 ius
1210 2749 1380 2803 regium
1410 2747 1558 2790 servili
1590 2748 1764 2802 ingenio
1795 2761 1915 2788 exer-

188 2823 278 2864 cuit
311 2821 409 2864 Tac.
440 2820 480 2864 h.
509 2822 548 2870 5,
581 2823 620 2863 9.
679 2819 898 2862 Successit
928 2819 967 2859 ei
998 2818 1177 2860 Porcius
1207 2818 1364 2859 Festus
1394 2816 1559 2871 Ioseph.
1592 2819 1679 2859 ant.
1709 2819 1781 2865 20,
1806 2817 1846 2865 8,
1874 2818 1913 2864 9,

189 2890 281 2933 bell.
311 2893 355 2940 2,
386 2892 452 2939 14,
483 2892 522 2938 1,
555 2891 653 2930 acta
684 2890 818 2941 apost.
848 2890 919 2937 24,
940 2889 1011 2936 27,
1042 2886 1257 2928 Eusebius
1285 2885 1461 2929 Armen.
1492 2884 1551 2927 ad
1579 2899 1619 2927 a.
1650 2884 1760 2926 Abr.
1787 2887 1912 2932 2070,

187 2959 433 3013 Hieronym.
452 2960 566 3002 2071
588 2971 699 2999 anno
719 2960 772 2999 60
792 2959 840 2998 ut
857 2955 1023 2997 videtur
1039 2955 1094 3008 cf.
1112 2954 1310 3004 Schurer,
1330 2953 1575 2996 Geschichte
1595 2953 1666 2995 des
1681 2951 1915 2995 Judischen

188 3026 335 3069 Volkes
364 3041 412 3081 p.
442 3028 540 3068 484.
598 3025 640 3068 Α
674 3025 848 3067 Iudaeis
878 3022 1232 3066 Caesariensibus
1271 3022 1388 3078 apud
1426 3022 1645 3064 Neronem
1684 3026 1912 3063 accusatus

189 3096 330 3149 gratia
358 3093 570 3136 Pallantis
597 3093 820 3136 absolutus
851 3098 917 3134 est
945 3091 1110 3145 Ioseph.
1143 3090 1170 3133 l.
1202 3090 1229 3133 l.

273 3163 426 3205 Trium
461 3163 710 3217 reginarum
749 3162 929 3203 maritus
961 3160 1132 3203 Sueten.
1161 3158 1319 3201 Claud.
1349 3162 1409 3202 28
1418 3173 1432 3211 ,·
1465 3159 1647 3201 maritus
1677 3157 1911 3207 Drusillae,

188 3230 444 3287 Cleopatrae
473 3237 518 3272 et
544 3230 724 3273 Antonii
755 3230 897 3285 neptis
934 3229 1032 3271 Tac.
1063 3228 1103 3270 h.
1135 3230 1174 3278 5,
1206 3231 1232 3270 9
1262 3227 1353 3283 (qui
1377 3242 1527 3270 nomen
1551 3226 1774 3270 Drusillae
1805 3225 1912 3267 duas

189 3300 383 3354 caniuyes
402 3299 660 3353 confundens
673 3299 867 3353 posuisse
885 3296 1087 3350 videtur)‚·
1106 3310 1206 3338 cum
1221 3296 1427 3338 Iudaeam
1447 3296 1780 3348 administraret,
1796 3293 1910 3335 Dru—

190 3366 340 3422 sillam,
373 3367 506 3410 filiam
523 3367 758 3423 Agrippae,
794 3379 975 3408 uxorem
999 3365 1122 3407 Azizi
1148 3365 1460 3407 Emesenorum
1490 3365 1618 3419 regis,
1654 3363 1809 3404 marito
1840 3361 1911 3402 ab·
