2202 3730
140 284 353 320 CLODIVS
1000 275 1083 318 417
1724 276 1935 312 CLODIVS

312 413 360 458 C.
392 414 421 457 f.
454 413 501 456 C.
531 428 572 455 n.
604 414 712 467 fasti
737 411 839 467 Cap.
891 411 1054 455 Consul
1084 411 1289 453 suffectus
1320 424 1376 451 ex
1404 408 1493 451 kal.
1523 408 1605 451 Iul.
1635 423 1673 451 a.
1704 408 1732 450 4
1761 408 1870 461 fasti
1889 434 1939 438 -—

226 482 382 526 Ovidio
413 488 565 538 poetae
593 481 950 523 familiarissimus
977 480 1060 522 fuit
1081 478 1260 522 Clodius
1280 478 1461 520 Licinus
1492 476 1743 530 consularis,
1775 475 1942 517 histori-

223 565 310 605 cus,
338 551 414 606 qui
435 565 534 592 eum
558 549 792 592 admodum
813 563 1047 605 pauperem
1068 547 1303 590 decessisse
1328 546 1460 589 tradit
1489 552 1532 587 et
1559 544 1820 588 liberalitate
1847 559 1938 598 sua,

224 618 366 675 quoad
395 619 568 672 vixerit,
600 624 885 660 sustentatum
906 616 1076 660 Sueten.
1102 615 1151 658 de
1167 629 1346 670 yramm.
1367 618 1426 657 20
1436 628 1449 665 ;
1480 613 1655 656 Clodius
1685 613 1862 655 Licinus
1893 613 1938 654 in

221 687 333 729 libro
362 688 488 729 tertio
519 701 663 728 rerum
687 686 979 728 Romanarum
1010 683 1143 726 refert
1160 684 1253 725 Liv.
1276 686 1347 733 29,
1368 686 1442 733 22,
1464 686 1518 724 10
1549 680 1615 734 (de
1644 682 1769 724 rebus
1798 695 1838 722 a.
1858 682 1938 723 560

222 775 278 789 =
307 759 389 798 194
414 755 583 810 qestis),·
620 755 799 797 Licinus
840 754 1046 808 (traditur
1075 752 1289 806 Licinius)
1329 766 1474 793 rerum
1503 752 1795 793 Romanarum
1830 749 1939 791 libro

222 825 426 866 vicesimo
458 825 594 880 primo
612 824 783 865 citatur
805 821 917 866 Non.
943 835 976 864 s.
1004 836 1039 865 v.
1062 820 1308 875 patibulum
1327 835 1377 874 p.
1397 823 1498 870 221,
1531 818 1708 861 Clodius
1735 817 1942 871 (traditur

222 891 446 946 Claudius)
478 907 622 934 rerum
648 892 938 933 Romanarum
966 890 1077 932 libro
1107 888 1360 931 duodecimo
1390 888 1449 930 id.
1478 901 1510 931 s.
1542 901 1578 929 v.
1600 887 1755 941 pristis
1776 901 1823 940 p.
1845 888 1938 929 535.

135 960 219 1002 920
246 967 299 1002 Μ.
332 965 542 1002 CLODIVS
572 965 840 1013 LVNENSIS,
883 957 1032 1000 consul
1063 957 1304 1012 (suffectus)
1335 955 1472 998 XIIII
1499 955 1545 998 k.
1575 954 1728 998 Octob.
1759 969 1855 996 cum
1887 954 1935 996 P.

220 1029 389 1070 Licinio
412 1027 566 1071 Crasso
591 1029 666 1070 sub
697 1028 866 1069 initium
894 1026 1054 1069 saeculi
1070 1027 1105 1068 I
1117 1028 1219 1080 post
1249 1039 1289 1067 a.
1309 1027 1391 1067 105
1409 1023 1536 1067 XIV
1546 1026 1658 1066 4057
1683 1027 1712 1068 t.
1733 1023 1936 1075 Fidenas,

218 1111 335 1150 quem
362 1097 509 1151 posuit
538 1097 711 1139 libertus
738 1096 910 1150 quidam
938 1094 1039 1137 Iulii
1071 1094 1282 1147 Quadrati
1314 1108 1399 1135 cos,
1429 1093 1487 1137 II.

133 1166 213 1207 921
247 1164 425 1207 Clodius
454 1165 615 1218 Macer,
646 1165 700 1206 de
727 1179 812 1220 quo
843 1165 1076 1220 imperator
1095 1162 1344 1205 Hadrianus
1365 1161 1421 1203 ad
1441 1161 1681 1203 Vitrasium
1702 1160 1939 1202 Pollionem

218 1233 410 1288 legatum
437 1234 687 1289 provinciae
715 1232 1021 1287 Lugdunensis
1053 1231 1274 1286 rescripsit
1303 1229 1570 1272 Modestinus
1604 1228 1768 1283 Diqest.
1798 1232 1868 1279 27,
1900 1232 1938 1279 1,

217 1304 284 1352 15,
305 1305 361 1344 17
368 1315 382 1353 ,·
408 1302 591 1355 fortasse
621 1316 671 1344 ex
688 1302 874 1355 posteris
903 1301 992 1343 eius
1021 1300 1094 1354 qui
1120 1300 1319 1353 sequitur.

133 1369 216 1412 922
246 1377 290 1412 L.
323 1376 533 1412 CLODIVS
564 1370 751 1411 MACER.
799 1368 976 1411 Nummi
1004 1369 1092 1410 eius
1111 1367 1319 1422 permulti
1347 1369 1492 1409 extant
1522 1367 1612 1408 cusi
1629 1369 1732 1420 post
1754 1366 1938 1408 Neronis

214 1452 354 1482 necem
382 1439 428 1481 in
456 1438 628 1492 Africa,
660 1451 760 1491 quos
787 1437 1016 1491 composuit
1046 1435 1221 1486 Mallem
1258 1434 1596 1488 Numismatique
1626 1433 1676 1477 de
1705 1434 1936 1477 l'ancienne

217 1507 402 1561 Afrique
430 1507 492 1549 II
515 1521 564 1561 p.
589 1510 671 1548 170
698 1520 740 1548 n.
765 1508 849 1548 380
875 1532 927 1536 —
944 1520 992 1559 p.
1014 1508 1094 1547 171
1124 1518 1165 1546 n.
1187 1506 1286 1547 392.
1345 1503 1421 1546 Ad
1456 1517 1632 1557 quorum
1662 1504 1870 1545 rationem
1899 1505 1939 1544 et

216 1577 401 1630 formam
437 1575 736 1617 illustrandam
775 1574 877 1616 haec
915 1573 1104 1628 exempla
1132 1573 1374 1627 sufficiant:
1418 1571 1461 1626 a)
1491 1586 1532 1614 n.
1562 1574 1645 1613 380
1676 1572 1726 1614 L.
1758 1571 1937 1614 Clodius

216 1645 377 1694 Macer,
409 1647 537 1698 caput
565 1643 722 1685 nudum
750 1643 910 1693 Macri,
940 1643 986 1684 in
1016 1655 1161 1696 campo
1193 1641 1238 1684 S.
1265 1640 1313 1685 C.
1342 1641 1382 1692 l‘p
1403 1640 1726 1696 Proprae(tore)
1748 1639 1935 1694 Africae,

219 1712 260 1761 b)
289 1727 332 1755 n.
361 1714 443 1754 385
472 1705 522 1754 L.
555 1711 680 1755 Clodi
715 1711 852 1753 Macri
883 1711 1150 1764 Liberatrix,
1169 1726 1172 1729 ’
1193 1712 1320 1764 caput
1347 1708 1550 1763 Africae,
1585 1708 1628 1752 S.
1662 1708 1710 1751 C.
1744 1710 1783 1762 ἷζι·
1812 1709 1938 1763 siyna

218 1781 467 1836 leqionaria‚
500 1780 558 1822 ad
584 1794 691 1833 quae
721 1779 980 1833 adscriptum
1010 1782 1072 1821 est
1094 1778 1268 1833 Leg(io)
1289 1778 1357 1820 III
1376 1777 1614 1832 Aug(usta)
1634 1776 1935 1831 Lib(eratrix),

217 1848 254 1899 c)
291 1863 333 1891 n.
364 1851 451 1892 383
489 1849 539 1893 L.
577 1848 702 1892 Clodi
735 1848 874 1890 Macri
916 1847 960 1891 S.
992 1846 1041 1892 O.
1083 1848 1123 1901 [ξ’
1166 1846 1224 1889 ad
1261 1847 1384 1901 siqna
1425 1846 1662 1901 leyionaria
1701 1846 1874 1901 Leg(i0)
1914 1846 1937 1888 Ι

216 1918 503 1973 Lib(eratrix)
531 1918 765 1960 Macriana.

146 2017 157 2019 -
303 1986 444 2029 Plena
471 1987 646 2029 nomina
674 1985 867 2028 eoehibent
893 1986 1067 2035 nummi,
1098 1984 1276 2027 Clodius
1301 1983 1450 2026 Macer
1479 1983 1595 2038 apud
1621 1984 1859 2038 scriptores.
1883 2010 1934 2015 --

217 2056 408 2110 Legatus
432 2057 475 2097 in
498 2054 647 2097 Africa
672 2055 771 2097 Tac.
792 2054 832 2096 h.
855 2058 895 2104 4,
916 2057 982 2104 41,
1009 2053 1182 2097 Sueton.
1206 2052 1351 2095 Galba
1370 2055 1441 2101 11,·
1466 2052 1624 2094 scilicet
1654 2052 1828 2106 leqionis
1847 2052 1936 2094 III

217 2123 437 2178 Auqustae
467 2124 513 2166 in
544 2123 754 2166 Numidia
788 2122 1003 2165 tendentis.
1065 2121 1155 2164 Sub
1185 2121 1314 2162 finem
1344 2121 1513 2177 imperii
1543 2120 1726 2162 Neronis
1755 2120 1938 2161 descivit

217 2206 360 2248 neque
400 2192 566 2236 Galbae
606 2207 651 2234 se
688 2191 888 2234 adiunxit
922 2190 1144 2234 Plutarch.
1177 2189 1322 2233 Galba
1350 2193 1389 2232 6.
1446 2189 1503 2231 Id
1539 2188 1649 2243 quod
1686 2190 1940 2243 confirmant

217 2260 387 2310 nummi,
419 2261 466 2302 in
485 2261 635 2314 quibus
663 2273 824 2314 semper
846 2260 936 2314 fere
966 2258 1140 2301 additur
1169 2258 1379 2312 s(enatus)
1411 2257 1642 2312 c(onsulto)
1674 2261 1712 2299 et
1741 2258 1939 2311 inprimis

214 2342 407 2371 nummus
427 2343 467 2379 a,
498 2329 573 2371 ubi
599 2328 775 2371 Clodius
803 2342 846 2371 se
873 2329 962 2382 ipse
983 2328 1086 2370 dicit
1104 2341 1188 2369 non
1208 2327 1296 2368 iam
1318 2326 1511 2381 leqatum,
1542 2326 1616 2368 sed
1637 2341 1715 2382 pro
1741 2332 1938 2380 praetore

217 2397 265 2438 in
292 2411 449 2439 morem
479 2397 637 2439 liberae
665 2397 731 2439 rei
753 2396 963 2451 publicae.
1013 2396 1163 2450 Itaque
1193 2395 1336 2437 eadem
1364 2395 1531 2436 ratione
1564 2398 1686 2448 atque
1717 2394 1938 2448 Verqinius

215 2466 372 2519 Rufus,
402 2479 578 2519 quocum
607 2465 870 2507 Plutarchus
898 2464 924 2506 l.
955 2464 982 2506 l.
1015 2478 1107 2506 eum
1137 2464 1377 2517 composuit,
1410 2463 1611 2505 iudicium
1642 2463 1691 2505 de
1719 2463 1938 2517 republica

216 2533 506 2576 constituenda
518 2534 708 2588 primum
727 2533 904 2575 senatui.
913 2532 1152 2587 populoque
1171 2531 1369 2574 Romano
1388 2545 1619 2574 reservasse
1638 2531 1814 2574 videtur.
1847 2531 1937 2574 Nec

216 2604 356 2644 tamen
376 2605 604 2656 postquam
631 2601 775 2644 Galba
799 2615 826 2642 a
846 2604 995 2643 senatu
1023 2601 1255 2654 imperator
1274 2599 1445 2654 aqnitus
1473 2602 1543 2650 est,
1574 2613 1618 2642 se
1647 2600 1834 2650 subiecit,
1866 2599 1939 2642 sed

216 2671 394 2725 speciem
412 2671 668 2712 restitutoris
689 2669 846 2712 liberae
865 2670 931 2711 rei
950 2669 1151 2723 publicae
1171 2682 1284 2722 prae
1308 2681 1352 2711 se
1375 2669 1489 2721 ferre
1509 2669 1795 2723 perseveravit
1803 2681 1817 2719 ;
1846 2667 1936 2710 ἀλλ’

216 2741 237 2782 ὃ
264 2740 334 2795 μὲν
360 2737 542 2785 Κλώδιος
571 2740 612 2781 ἐν
645 2740 838 2795 ἁρπαγαῖς
867 2739 1108 2794 πραγμάτων
1139 2739 1313 2793 γεγονὼς
1337 2738 1401 2779 καὶ
1424 2736 1558 2793 φόνοις
1587 2739 1742 2793 ἀνδρῶν
1766 2736 1813 2780 δι’
1835 2737 1937 2793 ὠμό-

217 2825 314 2864 τητα
342 2809 407 2850 καὶ
435 2808 659 2853 πλεονεξίαν
694 2808 814 2862 δῆλος
842 2807 889 2862 ἦν
911 2807 953 2849 ἐν
974 2813 1033 2863 τῷ
1063 2808 1160 2863 μήτε
1190 2805 1371 2860 κατέχειν
1394 2808 1492 2862 μήτε
1522 2805 1678 2862 ἀφιέναι
1707 2808 1776 2861 τὴν
1808 2808 1936 2862 ἀρχὴν

218 2875 410 2918 δύνασθαι
439 2875 746 2931 περιφερόμενος
769 2874 990 2916 Plutarch.
1023 2874 1049 2916 l.
1083 2874 1108 2915 l.
1161 2874 1343 2927 Legioni
1371 2874 1439 2915 III
1468 2873 1693 2928 Augustae
1723 2888 1935 2929 agnomen

217 2943 450 2986 liberatrici
480 2942 648 2985 addidit
676 2956 831 2984 numm.
865 2943 888 2985 b
898 2956 912 2995 ‚⁰
952 2943 997 2983 in
1032 2941 1184 2983 Africa
1221 2941 1332 2995 legio
1372 2941 1655 2998 cohortesque
1691 2942 1882 2985 delectae
1911 2959 1938 2985 a

218 3011 371 3054 Clodio
410 3011 581 3065 Macro,
627 3025 730 3052 mox
766 3026 792 3052 a
831 3010 974 3054 Galba
1010 3010 1213 3052 dimissae
1254 3009 1350 3053 Tac.
1385 3009 1426 3052 h.
1462 3014 1506 3061 2,
1540 3013 1606 3061 97,
1636 3011 1745 3054 unde
1785 3012 1936 3054 collato

217 3093 384 3122 nummo
424 3093 445 3121 c
484 3082 663 3133 apparet
701 3079 903 3120 Macrum
946 3078 1145 3132 leyionem
1189 3078 1358 3120 tertiam
1401 3081 1441 3120 et
1484 3078 1650 3121 auoeilia
1694 3081 1782 3122 eius
1819 3081 1937 3122 novis

220 3147 438 3189 dilectibus
475 3147 634 3189 habitis
673 3147 998 3200 transformasse
1035 3147 1082 3188 in
1118 3160 1270 3188 novam
1308 3145 1522 3201 legionem
1562 3148 1583 3189 I
1624 3147 1937 3190 Liberatricem

218 3215 498 3257 Macrianam.
556 3215 695 3268 Atque
734 3229 779 3257 eo
818 3215 928 3268 quod
965 3214 1119 3269 leqioni
1154 3214 1401 3272 vocabulum
1436 3230 1487 3257 ex
1523 3216 1657 3269 ipsius
1696 3218 1938 3270 coqnomine

222 3284 442 3326 deductum
466 3284 681 3338 impertiit,
703 3283 980 3337 confirmatur
999 3297 1090 3324 eum
1110 3282 1283 3324 dubium
1308 3286 1478 3326 nutasse
1498 3285 1608 3326 inter
1629 3287 1779 3338 partes
1802 3287 1937 3339 specie

218 3366 307 3394 rem
326 3352 549 3406 publicam
574 3351 844 3405 defendentis,
874 3366 921 3393 re
949 3365 1050 3393 vera
1078 3351 1299 3405 imperium
1328 3354 1550 3406 sumpturi.

203 3424 484 3461 Prosopographia
501 3424 583 3459 Imp.
603 3424 697 3453 Rom.
730 3423 757 3452 I.
1620 3421 1663 3456 27
