2202 3730
267 280 515 321 CLAVDIVS
1126 270 1210 315 374
1302 275 1305 278 ·
1820 274 2068 319 CLAVDIVS

350 414 465 468 Aug.
505 428 570 469 pr.
607 427 670 469 pr.
711 412 936 467 provincia
975 410 1149 452 Daciar.
1190 408 1272 463 leg.
1313 408 1455 462 Augg.
1489 423 1555 464 pr.
1596 423 1660 464 pr.
1700 408 1890 451 Moesiae
1928 424 2070 465 super.

353 482 515 523 Daciae
544 479 747 536 Apulesis
787 477 913 520 simul
952 477 1034 532 leg.
1067 476 1210 531 Augg.
1239 491 1304 532 pr.
1335 491 1400 532 pr.
1430 477 1680 531 provinciae
1708 476 1898 519 Moesiae
1929 492 2070 534 super.

354 549 539 591 Titulum
569 548 644 590 hoc
676 547 764 589 loco
793 546 912 600 foede
943 560 971 587 a
990 545 1167 599 Liyorio
1198 547 1439 598 corruptum
1469 557 1553 586 6336
1580 557 1698 586 nemo
1727 558 1812 587 non
1839 544 1962 588 videt.
2021 545 2073 588 Vt

347 618 475 659 verba
503 615 619 658 haud
648 618 755 657 certe
783 615 1075 664 restituuntur,
1106 614 1170 655 ita
1193 613 1242 655 de
1269 613 1394 655 rebus
1422 612 1532 654 nihil
1558 612 1678 655 dubii
1704 616 1775 655 est.
1820 612 1927 655 Fuit
1947 613 2073 656 simul

349 685 510 739 leyatus
541 683 862 738 provinciarum
898 681 1138 724 Daciarum
1183 682 1311 723 trium
1348 683 1387 723 et
1421 681 1612 723 Moesiae
1652 681 1904 735 superioris,
1943 695 2071 736 quam

347 752 593 806 leyationem
621 751 711 793 vivo
741 751 996 805 imperatore
1026 749 1131 792 Vero
1163 750 1227 803 (ut
1256 752 1365 792 recte
1389 749 1588 791 tradatur
1608 749 1653 791 in
1673 752 1702 792 t.
1723 752 1755 792 2
1774 748 1937 804 Augg.)
1959 763 2071 792 anno

348 819 438 874 fere
468 822 550 861 168
578 819 687 861 iniit.
734 819 850 860 Huic
881 825 1054 861 senatus
1085 824 1260 860 auctore
1290 818 1548 873 imperatore
1572 817 1631 860 M.
1653 816 1831 860 Aurelio
1851 817 2070 860 Antonino

349 887 567 942 Augusto,
601 886 716 943 quod
757 893 855 942 post
884 886 1050 942 aliquot
1080 885 1268 928 secunda
1307 884 1471 942 proelia
1498 885 1730 927 adversum
1761 886 2001 929 Germanos
2030 891 2072 928 et

347 956 526 1011 Iazyges
567 955 622 997 ad
662 961 927 1011 postremum
967 969 1045 1011 pro
1086 969 1134 996 re
1178 953 1352 1011 publica
1394 954 1563 996 fortiter
1606 967 1805 1010 pugnans
1850 954 2068 1007 ceciderit,

348 1030 554 1066 armatam
586 1030 772 1065 statuam
806 1023 937 1079 [poni]
970 1024 1014 1065 in
1036 1022 1127 1064 foro
1149 1022 1238 1064 divi
1261 1023 1438 1064 Traiani
1464 1023 1649 1078 pecunia
1678 1022 1850 1079 publica
1871 1022 2068 1077 cen[suit]

346 1094 373 1135 t.
395 1095 437 1135 2.
488 1091 720 1148 Expeditio
747 1092 1008 1135 Germanica
1038 1091 1117 1133 s'ub
1149 1090 1355 1147 [CaUpur.
1387 1090 1592 1146 Agricola
1623 1090 1687 1135 Ol.
1714 1091 1932 1133 Frontone
1966 1106 2002 1133 c.
2027 1105 2068 1133 V.

343 1163 600 1203 memoratur
630 1160 676 1202 in
706 1163 734 1203 t.
763 1163 813 1211 3;
853 1173 946 1202 cum
984 1159 1171 1202 indidem
1202 1162 1411 1214 appareat
1439 1173 1550 1202 anno
1580 1162 1661 1201 170
1698 1158 1939 1201 Corneliwm
1975 1158 2070 1201 Cle-

343 1231 518 1270 mentem
537 1227 781 1282 praesidem
811 1226 1052 1270 Daciarum
1080 1227 1223 1281 fuissc‚
1256 1241 1302 1269 eo
1326 1227 1418 1282 ipso
1450 1241 1562 1271 anno
1587 1227 1846 1269 Frontonem
1877 1226 2070 1270 cecidisse

343 1296 566 1350 eolliyitur.
595 1320 654 1326 —
683 1296 896 1338 Patronus
928 1294 1123 1338 coloniae
1151 1294 1520 1350 Sarmizegetusae
1550 1298 1567 1337 t
1609 1299 1645 1338 1.
1682 1321 1732 1326 -—
1771 1295 1917 1338 Filius
1945 1295 2069 1338 huius

343 1363 523 1406 habetur
552 1364 589 1405 is
616 1364 689 1417 qui
716 1364 916 1417 sequitur.
1649 1377 1651 1379 ·

262 1431 345 1474 700
375 1438 427 1474 M.
458 1438 704 1474 OLAVDIVS
745 1437 946 1474 FRONTO
983 1437 1272 1486 NEocYDEs‚
1311 1431 1443 1473 salius
1475 1430 1697 1474 Palatinus
1738 1424 1876 1473 fact'us
1916 1446 1954 1476 a.
1989 1432 2070 1475 170

348 1499 416 1543 VI
438 1503 560 1543 1978.
618 1499 763 1542 Filius
801 1500 922 1555 vulyo
959 1503 1139 1554 putatur
1170 1500 1235 1544 M
1264 1499 1445 1542 Claudii
1470 1499 1704 1542 Frontonis
1732 1501 1806 1554 qui
1834 1500 2067 1554 praecedit,

345 1567 419 1610 sed
445 1569 602 1610 rectius
630 1569 812 1622 fortasse
842 1567 1021 1611 Claudii
1050 1568 1261 1623 Neocydis
1288 1582 1325 1610 v.
1356 1568 1490 1622 infra.

274 1660 331 1665 —-
375 1642 418 1686 Q.
450 1642 698 1678 POMPEIVS
743 1642 955 1678 SENECIO
997 1642 1202 1679 ROSCIVS
1243 1643 1458 1678 MVRENA
1500 1642 1711 1678 COELIVS
1753 1643 1860 1682 SEX.
1901 1643 2066 1679 IVLIVS
2141 1665 2144 1668 <

343 1710 627 1747 FRONTINVS
661 1711 818 1746 SILIVS
851 1711 1102 1747 DECIANVS
1135 1711 1176 1748 C.
1208 1711 1372 1747 IVLIVS
1403 1710 1664 1746 EVRYCLES
1696 1698 2069 1747 HERCVLANEVS

345 1778 388 1815 L.
436 1779 699 1814 VIBVLLIVS
747 1779 856 1814 PIVS
906 1779 1232 1815 AVGVSTANVS
1277 1779 1490 1814 ALPINVS
1535 1779 1798 1815 BELLICIVS
1846 1779 2067 1815 SOLLERS

345 1846 512 1882 IVLIVS
551 1846 684 1882 APER
724 1847 974 1883 DVCENIVS
1016 1847 1271 1882 PROCVLVS
1313 1847 1615 1883 RVTILIANVS
1655 1847 1871 1883 RVFINVS
1908 1848 2066 1884 SILIVS

346 1914 543 1950 VALENS
575 1915 824 1951 VALERIVS
863 1915 1020 1951 NIGER
1058 1915 1132 1951 CL.
1163 1896 1349 1952 FVSCVS
1381 1916 1510 1951 SAXA
1539 1915 1867 1953 AMYNTIANVS
1900 1915 2067 1954 SOSIVS

345 1982 563 2018 PRISCVS.

261 2044 338 2087 701
372 2043 605 2087 *Claudius
624 2044 828 2097 Galenus,
844 2045 1051 2087 medicus,
1080 2045 1294 2088 Galenum
1311 2045 1414 2087 dicit
1431 2059 1473 2088 36
1492 2046 1583 2100 ipse
1597 2047 1685 2103 περὶ
1699 2049 1767 2090 τοῦ
1788 2049 2068 2104 προγινώσκειν

346 2126 380 2155 6.
399 2115 438 2154 3.
459 2115 498 2155 5.
523 2117 560 2157 7.
584 2116 638 2155 10
656 2113 783 2155 XIV
794 2128 842 2167 p.
865 2117 956 2157 614.
989 2117 1081 2156 619.
1114 2116 1209 2157 625.
1239 2117 1333 2157 637.
1366 2117 1446 2156 656
1476 2113 1537 2156 ed.
1564 2114 1710 2164 Kalen,
1741 2117 1828 2171 περὶ
1852 2119 1930 2158 τῶν
1959 2117 2069 2159 ἰδίων

347 2182 504 2240 βιβλίων
527 2195 559 2223 c.
581 2185 606 2222 1
627 2181 751 2223 XIX
769 2196 817 2236 p.
839 2185 864 2224 9
877 2195 891 2233 ,·
921 2181 1078 2224 librum
1105 2181 1211 2224 falso
1235 2183 1490 2238 inscriptum
1512 2182 1692 2238 Γαληνὸς
1711 2183 1840 2240 ἰατρός
1860 2192 2070 2227 memorat

346 2250 434 2303 ipse
461 2249 547 2293 ibd.
571 2264 618 2304 p.
639 2252 680 2292 8.
724 2250 833 2292 Item
854 2249 1046 2294 Galenus
1068 2250 1224 2293 dicitur
1252 2251 1298 2292 in
1327 2251 1675 2306 inscriptionibus
1706 2251 1911 2294 librorwm
1938 2267 2070 2295 manu

345 2318 598 2371 scriptorum
627 2321 666 2360 et
694 2318 810 2372 apud
839 2319 1074 2373 scriptores.

434 2384 602 2428 Claudii
641 2400 790 2429 nomen
827 2385 990 2429 Galeno
1030 2400 1170 2429 omnes
1207 2387 1457 2430 recentiores
1495 2390 1603 2430 certe
1646 2388 1700 2429 ab
1744 2387 1867 2430 initio
1910 2389 2070 2432 sacculi

348 2453 485 2507 quinti
514 2453 665 2496 decimi
694 2454 764 2508 (cf.
796 2454 917 2508 infra
947 2454 1078 2511 adm),
1119 2455 1256 2498 nescio
1297 2469 1354 2497 an
1393 2458 1501 2510 cente,
1541 2469 1669 2509 usque
1709 2454 1846 2498 adhuc
1888 2457 2073 2499 tribuere

349 2521 504 2572 solent,
544 2536 798 2576 quamquam
842 2537 977 2565 nemo
1004 2537 1190 2577 unquam
1232 2538 1285 2566 ne
1323 2523 1639 2578 philoloyorum
1690 2523 1856 2577 quidem
1902 2527 2073 2568 nostrae

350 2590 514 2640 aetatis,
546 2591 683 2643 quiec
701 2592 868 2634 nomine
895 2592 965 2633 usi
993 2595 1100 2642 sunt,
1130 2606 1210 2645 quo
1239 2592 1511 2646 fundamento
1540 2593 1788 2643 niterentur,
1818 2593 1942 2635 verbo
1961 2593 2072 2636 indi-

349 2659 470 2700 cavit.
531 2658 592 2700 Et
619 2658 783 2701 Caleno
822 2674 971 2702 nomen
1007 2660 1267 2714 yentilicium
1295 2660 1536 2703 Romanum
1575 2662 1741 2703 omnino
1781 2661 1934 2714 fuisse,
1974 2661 2072 2704 inde

350 2727 440 2767 veri
466 2727 571 2768 mihi
599 2728 859 2770 simillimum
888 2729 1064 2779 videtur,
1093 2729 1204 2783 quod
1221 2730 1308 2772 nisi
1325 2730 1441 2785 filius
1462 2730 1562 2771 civis
1582 2729 1770 2772 Romani
1787 2729 1948 2783 fuisset,
1980 2743 2073 2773 ewm

351 2794 517 2836 civitate
547 2795 758 2847 Romana,
801 2810 893 2839 cum
923 2800 1027 2839 esset
1057 2797 1270 2839 archiater
1302 2797 1542 2848 Caesarum,
1575 2797 1774 2844 donatum
1805 2811 1890 2840 6336
1910 2812 2073 2852 ponen-

352 2861 449 2903 dum
488 2866 559 2905 est.
623 2863 739 2905 Nam
776 2878 822 2906 eo
860 2879 1029 2908 munere
1067 2866 1140 2919 qui
1177 2866 1475 2920 funyebantur,
1517 2866 1624 2908 cives
1655 2869 1731 2908 aut
1759 2879 1844 2908 6336
1874 2869 1950 2908 aut
1973 2865 2075 2921 fieri

351 2930 539 2972 solebant
580 2932 633 2984 cf.
664 2931 964 2983 Friedla‘nder,
1004 2932 1336 2988 Darstellunyen
1363 2934 1418 2976 1⁶
1442 2948 1488 2988 p.
1521 2937 1611 2978 131.
1673 2933 1760 2977 Sed
1789 2947 1883 2976 eum
1911 2934 2071 2976 Roma-

351 3012 502 3040 norum
535 3000 790 3053 scriptorum
823 3002 895 3054 qui
931 3005 1076 3044 extant
1105 3016 1222 3044 nemo
1254 3005 1432 3056 praeter
1466 3001 1671 3057 Rufinum
1710 3000 1803 3055 (qui
1836 3016 1985 3052 nomen
2022 3015 2073 3044 ex

354 3066 539 3108 Eusebio
569 3069 762 3123 sumpsit)
795 3072 834 3110 ct
862 3069 1076 3111 Isidorum
1104 3069 1262 3112 Caleni
1288 3070 1537 3113 mentionem
1565 3070 1724 3124 fecerit,
1763 3083 1892 3123 neque
1925 3069 2072 3112 titulus

355 3133 512 3176 Caleni
549 3135 737 3177 inventus
777 3137 856 3187 sit,
895 3152 1056 3191 parum
1087 3138 1316 3192 probabile
1355 3141 1416 3180 est
1450 3153 1477 3180 a
1514 3138 1679 3181 Graeco
1714 3137 1892 3192 quodam
1921 3151 2071 3181 nomen

350 3202 612 3255 yentilicium
633 3207 843 3245 servatum
863 3219 960 3247 6336.
1007 3206 1292 3261 (Quamquam
1313 3220 1341 3248 a
1368 3206 1493 3249 huius
1510 3206 1685 3261 sylloyes
1705 3205 1878 3249 consilio
1889 3218 2072 3260 prorsus

356 3269 539 3311 alienum
572 3271 658 3324 fuit
696 3271 804 3313 locos
835 3274 1118 3326 posteriorum
1154 3273 1436 3325 Graecorum,
1473 3275 1551 3317 ubi
1569 3273 1773 3317 >Calenus
1801 3277 2069 3324 memoratur,

356 3337 547 3392 colliyere
578 3352 715 3381 omnes
746 3343 785 3381 et
805 3354 1059 3394 persuasum
1088 3342 1220 3384 habeo
1251 3343 1400 3398 auyeri
1418 3356 1545 3396 posse
1563 3356 1781 3385 numerum
1801 3341 2071 3384 ducentorum
