2202 3730
284 293 529 333 GLAVDIVS
1135 284 1217 327 398
1834 290 2081 328 CLAVDIVS

283 425 365 472 802
397 425 462 467 Ti.
495 422 702 466 Claudius
734 420 1007 464 Secundinus
1038 420 1087 462 L.
1121 420 1285 463 Statius
1315 420 1509 463 Macedo.
1575 420 1728 463 Tituli:
1759 421 1799 463 ei
1827 422 1994 476 positus
2024 424 2084 464 est

374 491 415 534 V
435 494 516 533 867
546 490 602 545 (1)
632 489 933 542 Aquileiensis,
974 491 1231 530 memoratur
1260 489 1306 530 in
1343 487 1490 540 fistula
1516 488 1719 543 plumbea
1747 489 1931 532 Ostiensi
1957 489 2083 533 XIV

363 562 478 602 2008
507 559 583 614 (2).
613 581 671 587 -
699 556 842 599 Plena
871 556 1045 598 nomina
1074 555 1239 598 exhibet
1268 559 1296 600 t.
1329 560 1366 607 1,
1399 555 1464 600 Ol.
1496 556 1769 600 Secundinus
1798 561 1825 600 t.
1855 561 1897 601 2.
1932 582 1982 588 -—
2014 558 2081 602 Ti.

368 626 438 681 fil.⁷
472 625 587 668 tribu
618 624 708 667 Pal.
742 628 771 668 t.
796 628 834 666 1.
1668 630 1670 632 ’

453 694 624 735 Primus
655 692 765 748 pilus
796 692 977 746 legionis
1002 691 1093 733 IIII
1113 691 1460 747 Flaviaefelieis,
1493 691 1690 735 tribunus
1713 692 1899 735 cohortis
1920 694 2084 749 primae

366 761 557 816 vigilum,
581 759 782 802 tribunus
803 760 990 802 cohortis
1005 759 1074 801 XI
1088 759 1292 814 urbanae,
1314 759 1512 802 tribunus
1535 759 1722 803 cohortis
1742 761 1812 803 IX
1830 762 2082 817 praetoriae,

367 830 528 885 primus
560 828 672 884 pilus
703 829 871 882 iterum,
914 827 1157 884 praefectus
1187 827 1367 883 legionis
1392 829 1437 871 II
1467 828 1680 871 Traianae
1707 828 1841 884 fortis,
1883 844 2085 885 procura-

369 905 435 940 tor
464 897 553 939 XX
584 896 900 949 hereditatium,
931 902 1186 952 procurator
1215 897 1535 952 provinciarum
1560 896 1866 951 Lugdunensis
1888 904 1931 939 et
1949 897 2085 954 Aqui-

367 966 534 1007 tanicae
565 968 592 1006 t.
625 969 673 1015 1,·
712 979 738 1006 a
774 964 1014 1006 rationibus
1051 962 1164 1019 Aug.
1196 967 1226 1006 t.
1254 967 1301 1014 1,
1343 963 1552 1006 Antonini
1589 964 1658 1006 Pii
1689 967 1717 1007 t.
1751 968 1806 1016 2,·
1842 965 2084 1021 praefectus

366 1048 562 1075 annonae
593 1036 621 1075 t.
647 1036 686 1075 1.
1763 1055 1770 1093 ζ

283 1102 365 1143 803
397 1100 604 1143 Claudius
626 1099 831 1143 Seleucus
853 1099 1143 1155 Papinianum
1165 1098 1382 1142 consuluit
1400 1099 1853 1155 Papinianus-Digest.
1872 1103 1937 1152 34,
1959 1104 1998 1152 9,
2019 1105 2084 1148 13.

281 1170 365 1211 804
396 1167 605 1211 Claudius
623 1168 815 1222 Senecio,
839 1163 1184 1210 adolescentulus
1206 1167 1402 1220 decorus,
1423 1167 1575 1210 liberto
1588 1168 1786 1212 Caesaris
1803 1169 1876 1223 (=
1892 1168 2085 1225 Claudii)

365 1243 489 1293 patre
529 1237 722 1291 genitus,
764 1251 790 1277 a
827 1235 998 1278 Nerone
1039 1236 1083 1277 in
1126 1236 1429 1278 conscientiam
1468 1237 1626 1278 amoris
1665 1235 1801 1278 Actae
1840 1244 2085 1294 assumptus

371 1305 467 1347 Tac.
506 1319 546 1347 a.
582 1307 646 1355 13,
684 1306 765 1356 12,
806 1318 937 1360 eques
977 1305 1197 1346 Romanus
1237 1304 1545 1346 coniurationis
1582 1304 1840 1347 Pisonianae
1879 1320 1992 1348 anno
2031 1306 2086 1349 65

370 1374 588 1430 particeps
618 1373 702 1417 ibd.
733 1373 799 1424 15,
834 1375 898 1415 50.
929 1375 994 1423 56,
1026 1375 1092 1423 57,
1125 1373 1293 1414 occisus
1322 1374 1387 1423 15,
1421 1375 1486 1417 70.

281 1443 363 1485 805
394 1442 460 1486 Ti.
484 1440 731 1499 Cla(udius)
755 1440 960 1495 Senill(us
971 1440 1025 1495 ‘?),
1058 1440 1349 1497 p(rocurat0r)
1381 1440 1636 1496 r(ati0num)
1666 1441 1965 1497 s(ummarum)
1995 1443 2085 1486 III

362 1513 476 1553 5121
507 1513 534 1552 t.
564 1509 760 1552 Noricus.
799 1533 849 1538 —
882 1509 1026 1551 Lectio
1067 1508 1182 1551 tituli
1219 1512 1334 1551 certa
1371 1512 1444 1560 est,
1485 1512 1531 1551 at
1568 1509 1721 1553 solutio
1752 1511 2088 1565 conmendiorwm

366 1578 503 1620 dubiis
531 1591 616 1620 non
646 1580 772 1620 caret.

280 1647 363 1689 806
394 1647 460 1688 Ti.
482 1645 690 1689 Claudius
711 1644 924 1689 Servilius
945 1645 1167 1697 Geminus,
1200 1644 1278 1687 sub
1300 1660 1384 1701 quo
1415 1659 1528 1687 anno
1550 1645 1605 1687 96
1637 1652 1737 1689 sunt
1755 1646 1869 1689 duae
1888 1647 2085 1690 cohortes

363 1714 617 1757 auxiliariae
658 1715 701 1755 in
737 1713 938 1756 Sardinia
969 1713 1069 1768 dipl.
1101 1713 1188 1756 mil.
1219 1714 1308 1756 III
1329 1716 1384 1755 18
1394 1727 1407 1764 ,·
1435 1717 1694 1767 procurator
1724 1729 1820 1770 eryo
1850 1719 1890 1758 et
1909 1730 2087 1770 praeses

367 1782 599 1826 Sardiniae
629 1785 668 1824 et
698 1781 902 1824 Corsicae.

282 1852 363 1895 807
395 1851 602 1895 Claudius
644 1851 927 1904 Severianus,
968 1850 1211 1907 praefectus
1241 1850 1539 1893 vehiculorum
1577 1866 1689 1894 anno
1721 1852 1804 1894 214
1830 1855 2087 1895 memoratur

367 1921 413 1962 in
443 1923 471 1962 t.
501 1919 665 1961 urbano
698 1918 866 1962 Notizie
897 1918 1006 1973 deyli
1033 1919 1150 1961 soavi
1177 1921 1286 1961 1883
1305 1933 1355 1973 p.
1374 1921 1468 1962 457.

282 1989 364 2030 808
397 1993 640 2030 CLAVDIVS
674 1974 921 2040 SEVERVS,
961 1986 1240 2043 philosophus
1268 1987 1596 2043 peripateticus7
1630 1987 1834 2041 magister
1862 1987 1923 2030 M.
1954 1987 2087 2031 Anto-

367 2057 456 2098 nini
486 2056 557 2098 vit.
588 2054 738 2098 Marci
765 2058 803 2105 3,
835 2058 874 2097 3.
935 2054 1067 2097 Pater
1101 2055 1191 2097 sine
1232 2054 1358 2097 dubio
1399 2054 1471 2099 Cn.
1514 2054 1690 2098 Claudii
1729 2054 1875 2098 Severi
1912 2069 1993 2099 cos.
2013 2057 2085 2100 ‘II

367 2139 405 2168 a.
429 2127 520 2174 173,
551 2125 640 2178 ipse
669 2124 851 2177 fortasse
882 2123 990 2166 idern
1020 2126 1143 2176 atque
1169 2122 1246 2166 Cn.
1276 2122 1486 2166 Claudius
1517 2123 1694 2166 Severus
1722 2123 1976 2166 Arabianus
2004 2139 2087 2169 008.

367 2207 406 2236 a.
424 2196 503 2234 146
522 2193 642 2246 infra
661 2206 703 2234 n.
719 2194 810 2236 813.
845 2191 917 2234 Vel
928 2194 1057 2246 pater
1077 2190 1140 2233 vel
1158 2191 1275 2246 silius
1294 2191 1481 2246 intelleyi
1490 2194 1631 2246 potest
1655 2190 1864 2234 Claudius
1885 2192 2086 2237 Severus,

368 2261 437 2302 cui
462 2261 624 2302 Fronto
656 2259 974 2302 commendavit
1005 2258 1245 2316 Sulpicium
1275 2258 1582 2302 Cornelianum
1611 2258 1777 2302 Fronto
1808 2259 1866 2302 ad
1894 2275 1976 2303 aon.
2002 2264 2042 2312 1,
2062 2265 2088 2304 1

364 2344 411 2384 p.
435 2332 521 2372 172
550 2328 611 2371 ed.
645 2327 807 2370 Naber.

450 2396 583 2451 Apud
601 2396 803 2454 Marcum
823 2397 877 2443 εἰς
897 2395 1035 2439 ἑαυτόν
1057 2399 1095 2446 1,
1117 2399 1170 2439 14
1201 2395 1388 2439 traditur
1407 2396 1514 2452 παρὰ
1545 2400 1613 2439 τοῦ
1636 2396 1814 2453 ἀδελφοῦ
1845 2413 1920 2453 μου
1952 2395 2088 2451 (αὐτοῦ

368 2465 473 2507 liber
502 2464 867 2519 Darnistadensis)
899 2464 1102 2520 Σεουήρου
1133 2466 1178 2507 τὸ
1212 2466 1424 2520 φιλοίκειον
1445 2489 1501 2494 —
1523 2491 1571 2495 -
1596 2467 1660 2508 καὶ
1686 2466 1730 2507 τὸ
1765 2463 1811 2507 δι’
1834 2465 1954 2507 αὐτοῦ
1983 2464 2089 2519 (cor-

366 2534 477 2576 reoeit
502 2532 633 2587 Stich,
666 2533 795 2575 αὐτῶν
824 2532 887 2575 vel
915 2532 1031 2575 αὐτόν
1065 2532 1267 2588 traditur)
1298 2537 1445 2590 γνῶναι
1475 2532 1656 2590 Θρασέαν
1689 2531 1884 2590 Ἑλβίδιον
1917 2531 2089 2575 Κάτωνα

367 2602 500 2644 Δίωνα
530 2600 705 2658 Βροῦτον
737 2604 821 2643 κτλ.
878 2601 1015 2643 Locus
1045 2601 1118 2655 qui
1155 2601 1277 2655 vulyo
1316 2601 1374 2643 ad
1411 2604 1600 2644 nostrum
1633 2601 1829 2655 refertur,
1859 2601 1931 2643 vix
1959 2614 2090 2643 sanus

369 2673 428 2712 est
456 2683 584 2722 neque
614 2669 738 2722 facili
767 2672 1009 2711 correctura
1039 2670 1198 2726 Οὐήρου
1230 2670 1478 2714 restituitur.
1540 2669 1656 2712 Nam
1684 2669 1826 2712 neutri
1855 2671 1965 2711 recte
1994 2683 2089 2712 con-

367 2738 489 2787 venit,
530 2737 641 2790 quod
669 2737 849 2779 Marcus
882 2751 1009 2791 opera
1040 2738 1127 2779 eius
1155 2737 1203 2779 de
1233 2751 1311 2791 quo
1340 2737 1409 2780 hic
1439 2738 1529 2792 aqit
1556 2737 1743 2780 homines
1770 2737 1926 2779 stoicae
1955 2740 2089 2780 sectae

368 2806 625 2848 clarissimos
666 2818 708 2847 se
754 2806 987 2860 coynovisse
1031 2806 1180 2848 scribit
1218 2809 1257 2847 et
1294 2806 1385 2848 veri
1411 2819 1575 2860 parum
1614 2809 1674 2848 est
1711 2804 1848 2848 simile
1887 2804 2089 2848 Marcum

370 2873 603 2928 appellasse
632 2874 811 2926 fratrem
841 2888 932 2916 euni
961 2875 1035 2928 qui
1062 2877 1155 2916 erat
1184 2887 1387 2916 consocer.

285 2941 368 2984 809
401 2942 683 2995 CL(AVDIVS)
716 2949 960 2997 SEVERVS,
1003 2941 1263 2984 clarissimus
1291 2943 1362 2984 vir
1399 2943 1536 2985 nescio
1566 2942 1660 2996 quis
1696 2944 1953 2983 memoratum
1981 2942 2028 2984 in
2059 2944 2087 2986 t.

367 3010 478 3051 servi
505 3009 586 3051 IX
607 3012 690 3051 447
716 3010 900 3053 Aecano.

285 3078 368 3119 810
399 3076 606 3119 Claudius
638 3077 835 3132 Severus,
867 3078 1168 3121 Helvetiorum
1198 3078 1291 3121 dux
1321 3093 1434 3120 anno
1465 3079 1519 3121 69
1555 3078 1653 3120 Tac.
1679 3078 1719 3122 h.
1746 3081 1786 3128 1,
1807 3079 1874 3121 68.

285 3146 362 3188 811
399 3152 474 3187 CN.
502 3152 745 3188 GLAvmvs
777 3153 1013 3198 SEVERVS,
1047 3145 1195 3189 consul
1225 3147 1269 3189 Π
1299 3162 1412 3189 anno
1437 3146 1517 3189 173
1545 3160 1643 3188 cum
1664 3145 1730 3189 Ti.
1753 3143 1934 3188 Claudio
1965 3145 2088 3186 Pom-

369 3214 535 3268 peiano.
604 3214 768 3256 Titulus
808 3215 895 3257 eius
933 3214 1228 3269 Pompeiopoli
1265 3214 1586 3270 Paphlayoniae
1624 3216 1813 3268 repertus
1843 3211 1910 3255 CI
1911 3211 1952 3255 G
1979 3214 2088 3256 4154

371 3295 477 3323 corr.
508 3281 719 3336 Borghesi
746 3296 837 3336 opp.
871 3283 911 3325 V
925 3298 972 3337 p.
1001 3287 1100 3333 429,
1133 3283 1267 3325 denuo
1296 3283 1356 3325 sic
1386 3282 1620 3337 descriptus
1658 3284 1718 3324 est
1758 3295 1786 3323 a
1822 3280 1876 3324 G.
1906 3279 2092 3323 Doublet

370 3349 560 3392 Bulletin
581 3349 629 3392 de
653 3350 1009 3405 correspondance
1029 3351 1277 3406 Helle'nique
1302 3351 1435 3395 XIII
1449 3349 1590 3406 (1889)
1613 3365 1661 3405 p.
1683 3352 1768 3393 305
1775 3363 1788 3391 .·
1818 3346 1968 3406 Ἀγαθῇ
1985 3349 2090 3406 τύχῃ
