2202 3730
109 291 341 328 OEIONIVS
967 286 1047 328 331
1678 291 1905 327 CELADVS

104 421 188 464 506
218 421 421 465 Ceionius
451 422 692 476 Postumus,
724 424 903 465 maritus
923 422 1126 465 Aureliae
1152 421 1421 477 Messalinae,
1452 429 1575 479 pater
1597 421 1737 465 Clodii
1759 421 1906 466 Albini

187 491 260 546 qui
292 491 521 547 imperavit
547 483 794 533 vitJGlodii
821 491 974 533 Albini
997 495 1036 533 4.

101 559 184 601 507
215 558 263 603 C.
296 558 516 613 Ce(ionius
527 559 567 614 P)
601 559 822 614 Si(lvanus
833 559 873 614 P)
904 562 950 602 in
979 563 1008 602 t.
1041 560 1344 614 dispensatoris
1377 559 1445 602 VI
1467 562 1586 602 9354.

101 627 184 669 508
214 634 265 671 M.
298 634 530 670 CEIONIVS
561 634 824 679 SILVANVS,
862 628 1011 670 consul
1042 643 1155 671 anno
1188 629 1269 671 156
1300 643 1399 670 cum
1430 628 1478 672 C.
1511 628 1633 671 Serio
1663 628 1906 683 Augurino.

184 695 242 737 In
271 696 514 738 consulatu:
551 696 611 738 M.
644 696 848 738 Ceionius
879 696 1084 739 Silvanus
1126 696 1193 739 VI
1212 700 1308 740 222
1347 700 1387 739 et
1424 698 1470 739 in
1509 700 1536 740 t.
1565 710 1716 751 ,qraeoe
1749 697 1908 750 scriffio

186 762 398 818 Boryhesi
426 778 518 819 opp.
554 764 677 806 VIII
690 779 739 818 p.
758 768 856 815 276,
889 767 1070 807 ceterum
1101 764 1304 807 Silvanus
1334 765 1452 819 fasti.

112 854 170 860 —
212 831 380 873 Marcia
408 831 587 874 Aurelia
618 832 796 875 Ceionia
824 833 1084 875 Demetrias.

100 898 183 941 509
215 906 421 942 CEIONIA
466 907 632 942 FABIA.
711 901 867 943 Tituli:
912 902 1007 955 ipsa
1041 902 1190 955 posuit
1227 900 1379 943 Aeliae
1418 900 1515 957 Ap.
1533 900 1667 943 .eliae
1707 899 1907 942 alumnae

186 970 214 1009 t.
234 968 447 1010 urbanum
471 969 539 1011 VI
550 972 697 1019 10643,
718 969 794 1011 ubi
817 969 957 1011 editur
981 981 1132 1012 GHONIA
1153 973 1285 1023 FABIA,
1317 969 1391 1011 sed
1419 983 1470 1011 eo:
1499 969 1696 1023 exemplis
1723 969 1907 1021 antiquis

184 1036 484 1078 restituendum
524 1051 609 1079 esse
653 1049 817 1080 GEIONIA
856 1037 963 1079 vidit
999 1037 1172 1080 Dessau
1210 1037 1282 1091 (cf.
1322 1037 1534 1079 Addenda
1571 1037 1631 1079 ad
1669 1036 1767 1080 CIL
1797 1035 1865 1078 VI
1858 1035 1909 1090 ),·

182 1108 469 1146 memorantur
497 1105 608 1147 horti
638 1105 843 1148 Ceioniae
872 1104 1034 1147 Fabiae
1066 1107 1110 1148 in
1138 1107 1375 1160 fraymento
1404 1106 1568 1159 formae
1597 1106 1716 1148 urbis
1744 1103 1908 1146 Romae

186 1173 270 1214 tab.
291 1172 399 1215 XII
419 1176 475 1215 58
504 1173 565 1215 ed.
596 1173 762 1215 Iordan
784 1174 838 1227 cf.
862 1173 959 1215 adn.
982 1188 1032 1228 p.
1054 1177 1121 1224 60,
1151 1174 1227 1216 ubi
1256 1173 1428 1215 dubium
1458 1177 1519 1216 est
1547 1175 1593 1216 in
1622 1173 1760 1216 codice
1791 1170 1907 1214 Vati-

185 1254 291 1283 cano
318 1244 462 1283 utrum
486 1244 542 1284 sit
562 1253 748 1285 CEIONIAE
770 1255 825 1284 an
848 1253 1060 1284 CELONIAE.
1082 1267 1138 1271 —
1157 1242 1291 1296 Apud
1315 1243 1540 1296 scriptores
1568 1240 1906 1296 semperrFabia.

270 1309 404 1352 Soror
433 1309 678 1364 (naturalis)
700 1311 751 1352 L.
773 1310 878 1352 Veri
899 1309 1087 1365 Augusti
1116 1311 1187 1352 vit.
1220 1309 1318 1353 Veri
1339 1314 1401 1361 10,
1432 1310 1528 1365 filia
1558 1324 1654 1365 erqo
1675 1309 1726 1352 L.
1748 1307 1911 1351 Ceionii

185 1374 400 1420 Commodi
426 1379 500 1432 qui
518 1381 672 1432 postea
701 1379 753 1420 L.
784 1378 934 1420 Aelius
960 1377 1122 1421 Caesar
1147 1381 1417 1432 nuncupatus
1444 1381 1522 1429 est,
1564 1391 1684 1420 soror
1712 1377 1909 1421 Ceioniae

183 1444 400 1490 Plautiae.
460 1446 581 1489 Haec
623 1446 731 1489 mihi
771 1446 935 1488 videtur
979 1445 1069 1488 filia
1107 1447 1158 1489 L.
1201 1446 1368 1489 Ceionii
1409 1446 1654 1501 Commodi,
1695 1459 1808 1502 quae
1853 1444 1908 1486 ab

184 1513 408 1556 Hadriano
432 1530 470 1559 a.
491 1516 586 1558 135!
593 1515 673 1557 136
694 1515 752 1558 M.
770 1514 913 1556 Annio
931 1515 1047 1557 Vero
1063 1515 1135 1570 (Ξ
1149 1514 1406 1557 MAurelio
1419 1514 1628 1570 Auyusto)
1651 1515 1911 1570 desponsata

184 1589 253 1624 est
271 1584 342 1627 vit.
365 1583 516 1626 Marci
537 1588 577 1634 4,
593 1586 644 1635 5;
674 1598 786 1640 quae
816 1582 1033 1640 sponsalia
1061 1590 1160 1639 post
1187 1590 1368 1625 mortem
1398 1583 1613 1625 Hadriani
1640 1583 1779 1625 soluta
1809 1588 1911 1624 sunt

182 1650 269 1693 ibd.
292 1654 330 1702 6,
352 1655 384 1694 2
413 1652 468 1706 ef.
489 1666 622 1707 supra
642 1652 686 1693 A
705 1654 798 1695 537.
851 1651 1087 1708 Postquam
1107 1653 1318 1694 Faustina
1348 1667 1460 1694 uxor
1479 1651 1615 1694 Marci
1646 1658 1815 1693 mortua
1845 1657 1910 1692 est

184 1719 315 1773 (anno
343 1722 452 1777 176),
493 1721 631 1763 Fabia
670 1727 719 1763 ut
758 1718 971 1763 aMaroo
1010 1721 1054 1762 in
1094 1718 1418 1763 matrimonium
1455 1719 1704 1774 duceretur,
1746 1719 1909 1761 frustra

185 1788 314 1830 enixa
337 1795 402 1831 est
421 1789 506 1831 ibd.
527 1791 597 1840 29,
620 1793 686 1833 10.
722 1789 866 1832 Verus
886 1789 1021 1831 frater
1043 1790 1081 1830 ei
1103 1790 1285 1831 nimium
1304 1788 1496 1843 indulsit,
1530 1789 1652 1830 cuius
1672 1789 1908 1845 potentiam

185 1855 352 1898 Lucilla
374 1857 514 1914 (uxor)
535 1858 649 1900 ferre
669 1873 757 1900 non
776 1864 942 1914 posset3
965 1863 1084 1899 tanta
1108 1872 1211 1900 sane
1235 1857 1505 1900 familiaritas
1527 1858 1639 1899 inter
1661 1857 1845 1899 Lucium
1866 1862 1910 1897 et

185 1924 394 1979 eamfuit,
427 1927 489 1969 uti
520 1926 601 1968 hoc
626 1941 799 1982 quoque
829 1926 1105 1982 usurpaverit
1134 1941 1293 1981 rumor,
1326 1926 1442 1982 quod
1475 1926 1651 1967 inierint
1681 1925 1908 1968 consilium

135 1987 144 1989 ’
183 1992 236 2035 ad
262 1993 460 2036 Marcum
491 2009 514 2036 e
543 1995 636 2036 vita
665 1994 902 2036 tollendum
932 1995 1002 2037 vit.
1036 1994 1135 2037 Veri
1153 1998 1219 2045 10,
1241 1997 1341 2037 3-4.
1364 1992 1366 1994 ’
1398 1994 1565 2037 Eadem
1593 1994 1758 2037 videtur
1787 2009 1909 2036 soror

122 2058 129 2062 ’
184 2058 358 2117 (scilieet
386 2058 437 2105 L.
470 2062 596 2117 Veri),
630 2063 700 2105 cui
730 2060 906 2105 Marcus
936 2061 1154 2105 Lucillam
1183 2062 1337 2118 filiam,
1382 2078 1479 2105 cum
1515 2063 1571 2104 ad
1601 2064 1775 2119 nuptias
1803 2063 1907 2105 Veri

183 2132 228 2172 in
257 2130 463 2173 orientem
500 2140 557 2186 (a.
586 2131 683 2186 164)
711 2132 1078 2188 proficisceretur,
1118 2133 1336 2174 commisit
1367 2133 1437 2175 vit.
1473 2132 1624 2174 Marci
1647 2135 1687 2182 9,
1718 2136 1757 2175 4.
1818 2132 1909 2175 Sub

186 2199 414 2241 Pertinace
443 2213 594 2241 servus
625 2199 815 2256 quidam,
849 2201 973 2256 quasi
995 2199 1108 2242 filius
1130 2199 1292 2242 Fabiae
1313 2208 1436 2254 esset,
1460 2200 1702 2242 Palatinam
1731 2200 1908 2242 domum

188 2266 371 2310 ridicule
401 2268 641 2310 vindicavit
668 2270 741 2310 vit.
763 2268 877 2313 Pert.
900 2273 964 2320 10,
986 2271 1019 2312 2
1048 2269 1164 2324 (loco
1191 2270 1381 2324 graviter
1410 2271 1637 2324 corrupto).

100 2335 183 2377 510
210 2342 457 2384 ,ΟΑΕΙΟΝΙΑ
481 2343 742 2392 FVSCIANA,
774 2336 1012 2379 clarissima
1042 2337 1201 2379 femina
1231 2337 1300 2380 VI
1311 2339 1455 2380 21787
1482 2351 1518 2379 v.
1540 2350 1673 2391 supra
1697 2337 1773 2379 sub
1802 2335 1905 2379 Gae-

183 2405 297 2447 ionio
324 2404 538 2448 Camenio.

99 2473 178 2514 511
213 2471 394 2515 Ceionia
421 2469 589 2527 Laena,
613 2475 805 2516 uxorL.
836 2474 1003 2517 Aurelii
1033 2474 1282 2516 Nicomedis
1314 2473 1382 2516 VI
1402 2476 1524 2516 1598.

100 2540 184 2583 512
215 2547 421 2583 CEIONIA
443 2546 673 2585 PLAVTIA.
731 2542 865 2586 Tituli
893 2544 933 2585 ei
951 2543 1089 2597 positi
1111 2545 1210 2585 sunt
1228 2543 1419 2584 urbanus
1436 2541 1546 2584 GIG
1567 2544 1676 2584 5883
1701 2541 1754 2594 cf.
1772 2540 1908 2582 Addi-

186 2611 285 2651 tam.
308 2624 357 2664 p.
378 2613 495 2653 1262
523 2631 579 2645 =
609 2611 846 2654 IGI1036
875 2610 933 2665 (1)
965 2615 1003 2654 et
1038 2611 1404 2654 Tuccaburitanus
1434 2610 1558 2653 VIII
1581 2610 1627 2653 S.
1658 2611 1798 2652 14852
1827 2608 1904 2663 (2).

271 2679 447 2722 Κειωνία
477 2679 655 2722 Πλαυτία
685 2683 714 2722 t.
734 2683 772 2730 1,
808 2679 1047 2735 [C]eion[ia]
1080 2680 1252 2722 Plautia
1282 2682 1310 2722 t.
1332 2683 1374 2723 2.
1399 2704 1451 2708 -
1482 2679 1533 2721 L.
1564 2677 1676 2720 Aelii
1709 2677 1907 2720 Caesaris

187 2746 261 2799 (=
282 2746 332 2788 L.
355 2746 519 2790 Ceionii
542 2747 785 2802 Commodi)
814 2747 915 2803 filia,
948 2748 1001 2802 Q.
1035 2747 1208 2792 Servilii
1238 2747 1445 2790 Pudentis
1476 2753 1573 2803 (eos.
1606 2762 1646 2790 a.
1670 2745 1765 2800 166)
1796 2759 1908 2787 uxor

187 2817 216 2858 t.
244 2817 299 2866 2,·
328 2817 486 2872 ἀδελφὴ
518 2816 817 2873 αὐτοκρατόρων
847 2820 874 2861 t.
895 2820 933 2872 1,
964 2817 1124 2860 scilieet
1142 2830 1264 2859 soror
1281 2816 1497 2859 naturalis
1517 2817 1568 2858 L.
1594 2815 1693 2859 Veri
1710 2815 1907 2869 Auyusti,

185 2896 439 2937 quamquam
467 2884 588 2926 nulla
617 2886 980 2939 consanguinitate
1010 2899 1102 2928 cum
1128 2885 1193 2929 M
1219 2884 1397 2927 Aurelio
1427 2885 1566 2939 fratre
1594 2885 1684 2927 eius
1712 2883 1907 2937 adoptivo

187 2952 421 2994 coniuncta.

101 3019 184 3062 513
215 3018 414 3075 Celadus,
447 3027 496 3063 ut
523 3021 830 3076 grammaticus
863 3036 950 3063 una
979 3036 1076 3063 cum
1104 3021 1335 3075 (Remmio)
1357 3020 1615 3063 Palaemone
1643 3025 1907 3062 memoratur

187 3087 378 3131 Juvenal.
397 3092 479 3131 sat.
501 3092 539 3140 7,
561 3092 658 3133 215.

103 3155 187 3198 514
217 3155 406 3199 Celadus
436 3164 698 3200 memoratur
728 3158 774 3200 in
804 3159 858 3201 iis
887 3157 1069 3212 libertis,
1104 3171 1211 3213 quos
1233 3156 1457 3213 Augustus
1487 3158 1533 3199 in
1563 3157 1725 3199 honore
1755 3163 1798 3199 et
1827 3172 1909 3199 usu

186 3225 375 3267 maximo
396 3225 548 3268 habuit
558 3225 729 3269 Sueton.
740 3225 918 3280 Auyust.
932 3229 990 3268 67
995 3239 1008 3277 ;
1028 3225 1212 3268 libertus
1222 3225 1410 3281 Augusti
1421 3226 1585 3280 Ioseph.
1599 3229 1685 3270 ant.
1700 3228 1766 3276 17,
1780 3229 1850 3276 12,
1862 3229 1906 3276 2,

186 3294 431 3336 nominatur
459 3294 518 3337 id.
541 3294 632 3337 bell.
654 3297 696 3345 2,
721 3298 758 3345 7,
780 3298 824 3337 2.
873 3294 1130 3336 Accuratius
1154 3292 1380 3349 Augustae
1409 3293 1590 3336 libertus
1621 3294 1776 3336 dicitwr
1804 3295 1850 3336 in
1881 3297 1908 3338 t.

190 3360 398 3404 Octaviae
436 3363 486 3405 P.
518 3362 546 3405 f.
579 3361 775 3405 Catullae
815 3361 966 3405 Celadi
1004 3362 1132 3404 divae
1159 3361 1343 3417 August.
1379 3361 1406 3405 l.
1438 3363 1586 3405 uxoris
1616 3362 1684 3405 VI
1703 3364 1843 3405 23338
1871 3364 1910 3404 et
