2176 3750
265 304 506 341 AEMILIVS
1138 297 1192 339 26
1826 298 2070 336 AEMILIVS

348 435 615 487 Aemilianus
646 450 686 490 p.
709 434 738 476 f.
764 434 876 487 Aug.
909 434 954 475 in
981 433 1187 483 nummis;
1215 431 1427 474 Aemilius
1447 431 1715 474 Aemilianus
1737 431 1840 476 Viet.
1861 431 1979 474 Caes.
2000 434 2068 482 31,

349 507 527 545 velerum
555 502 823 545 Aemilianus
858 501 973 555 apud
1001 501 1238 554 seriffl‘ores.

436 571 614 625 Origine
635 570 813 611 Maurus
845 568 948 611 Viet.
973 569 1069 623 epit.
1090 572 1155 618 31,
1180 572 1218 619 1,
1243 569 1399 612 Zonar.
1422 572 1491 619 12,
1513 572 1582 618 21,
1617 569 1919 611 obscurissime
1943 575 2071 610 natus

348 640 527 693 Eutrop.
556 643 593 687 9,
617 641 655 680 5.
717 637 879 680 Consul
912 640 938 680 t.
971 641 1013 686 2,
1044 636 1245 687 suffectus
1276 650 1315 678 a.
1347 637 1518 686 incerto,
1550 637 1589 677 si
1617 637 1781 690 quidem
1811 636 2070 679 consulatum

353 711 449 748 (ema
478 707 699 760 imperium
733 705 972 747 obtinuerit.
1034 704 1103 746 Ab
1135 706 1392 760 imperatore
1422 705 1696 747 Treboniano
1729 704 1853 748 Gallo
1883 704 2073 746 Moesiae

353 775 428 827 (sie
451 775 609 817 Zonar.
635 774 659 817 l.
685 774 724 823 l.,
748 774 932 815 Ioannes
952 772 1148 816 Ant-ioek.
1171 773 1227 826 fr.
1249 775 1329 815 150
1352 772 1417 814 M.
1439 773 1473 814 Ι
1478 772 1519 814 V
1531 773 1586 826 ef.
1607 773 1782 814 Jordan.
1814 772 1948 815 Getie.
1969 775 2050 815 105
2059 786 2073 824 ‚·

351 843 600 885 Pannoniae
643 842 835 884 Zosimus
866 845 913 892 1,
944 840 1018 895 28)
1059 842 1326 897 praepositus
1367 848 1594 897 postquam
1634 855 1746 882 anno
1785 841 1868 884 253
1908 841 2072 884 Gothos

352 910 526 964 devicit,
559 926 585 952 a
610 909 817 951 militibus
849 911 1082 965 imperator
1111 908 1251 951 faetus
1283 910 1465 965 sumpsit
1495 909 1722 965 imperium
1751 915 1794 951 et
1824 924 1924 951 cum
1953 925 2071 952 exer-

351 980 439 1021 citu
478 980 521 1019 in
559 977 729 1020 ltaliam
769 977 1003 1019 contendit.
1062 977 1398 1033 Imperatoribus
1435 977 1708 1019 Treboniano
1751 984 1792 1019 et
1820 977 2072 1034 Volusiano,

351 1049 423 1104 qui
456 1054 606 1089 eontra
637 1061 733 1088 eum
761 1045 942 1102 profecti
975 1051 1117 1099 erant,
1160 1045 1276 1101 apud
1305 1046 1597 1087 Interamnam
1627 1046 1776 1088 occisis
1808 1045 2075 1089 Aemilianus

352 1116 404 1158 ab
436 1122 616 1169 utroque
649 1115 844 1156 exercitu
876 1121 918 1156 et
948 1129 974 1156 a
1005 1120 1156 1155 senatu
1187 1114 1420 1169 imperator
1450 1115 1621 1168 agnitus
1648 1120 1711 1156 est
1742 1113 1844 1156 Viet.
1875 1114 1995 1157 Caes.
2020 1117 2074 1157 31

351 1185 515 1238 (mitem.
544 1186 610 1233 31,
642 1183 830 1236 Eutrop.
863 1187 902 1233 9,
933 1186 959 1224 5
988 1203 1042 1216 z
1073 1182 1191 1226 Oros.
1221 1186 1258 1232 7,
1279 1185 1348 1232 21,
1382 1182 1541 1226 Zonar.
1563 1185 1629 1232 10,
1651 1186 1725 1232 22,
1759 1183 1920 1224 Zosim.
1942 1186 1980 1233 1,
2002 1185 2073 1233 28,

352 1251 440 1293 Dio
463 1255 568 1293 cont.
591 1252 648 1304 fr.
669 1255 712 1294 2.
757 1250 918 1293 Contra
938 1249 1231 1304 Valerianum,
1254 1250 1328 1306 qui
1351 1264 1406 1291 ex
1427 1250 1579 1292 Raetia
1607 1251 1844 1292 exereitum
1874 1250 2072 1305 duxerat,

352 1320 569 1376 profectus
609 1319 724 1375 apud
767 1318 989 1375 Spoletum
1030 1325 1237 1360 autumno
1282 1334 1320 1360 a.
1359 1320 1442 1360 253
1483 1319 1649 1360 occisus
1691 1325 1754 1360 est
1797 1318 1963 1373 (morbo
2005 1319 2076 1361 ab·

353 1395 546 1443 sumptus
577 1388 689 1429 solus
720 1387 822 1429 Viet.
853 1386 1006 1439 Caes).
1066 1387 1190 1429 Vixit
1229 1386 1520 1443 quadraginta
1560 1384 1756 1440 (Zonar.)
1796 1387 1857 1429 vel
1895 1387 2076 1443 quadra-

351 1457 472 1510 ginta
512 1462 675 1511 septem
716 1454 846 1507 (Viet.
880 1455 995 1509 cpit.)
1034 1470 1190 1509 annos,
1232 1456 1432 1510 regnavit
1474 1461 1559 1496 tres
1601 1454 1692 1496 fere
1727 1469 1893 1497 menses
1922 1455 2019 1498 inde
2049 1470 2077 1497 a

352 1538 489 1566 mense
519 1524 633 1565 Iulio
665 1523 833 1564 eireiter
859 1536 987 1576 usque
1018 1523 1076 1564 ad
1095 1523 1379 1577 Septembrem
1410 1537 1450 1564 a.
1472 1525 1556 1565 253
1586 1542 1641 1557 =
1671 1521 1762 1564 dies
1791 1523 2077 1566 LXXXVIII

350 1591 671 1645 Chronoqraph.
690 1606 737 1644 p.
755 1593 848 1640 148,
881 1592 1007 1633 tertio
1038 1605 1183 1632 mense
1205 1592 1421 1632 extinctus
1442 1590 1624 1644 Eutrop.
1647 1594 1685 1641 9,
1709 1594 1734 1632 6
1754 1610 1810 1625 =
1830 1591 2076 1646 Hieronym.

354 1660 439 1702 chr.
461 1663 578 1703 2270
599 1679 655 1694 =
679 1658 798 1702 Oros.
823 1662 860 1709 7,
882 1662 940 1702 21
965 1679 1016 1693 =
1039 1659 1215 1701 Jordan.
1244 1659 1367 1701 Rom.
1395 1661 1492 1709 286,
1525 1666 1610 1700 tres
1631 1674 1798 1701 menses
1825 1659 1928 1701 Viet.
1957 1659 2075 1704 anS.

350 1731 416 1778 31,
447 1731 486 1778 3,
519 1735 722 1784 quattuor
753 1742 920 1769 menses
953 1727 1057 1769 Viet.
1089 1728 1185 1781 epit.
1215 1731 1282 1777 31,
1313 1731 1355 1777 2,
1389 1728 1498 1770 οὔπω
1534 1728 1728 1785 τέσσαρας
1764 1732 1889 1784 μῆνας
1919 1727 2077 1770 Zonar.

354 1800 422 1846 12,
444 1799 518 1846 22,
549 1798 724 1853 τετάρτῳ
756 1797 850 1853 μηνί
876 1796 1030 1838 Ioann.
1052 1796 1250 1838 Antioeli.
1280 1797 1333 1849 fr.
1355 1799 1448 1838 150.
1470 1820 1526 1826 —
1548 1795 1661 1837 Vror
1688 1796 1872 1838 ereditur
1902 1795 1951 1839 C.
1974 1796 2076 1839 Cor-

354 1864 468 1906 nelia
498 1864 665 1920 Supera
696 1867 858 1906 tantum
889 1879 939 1906 esc
967 1864 1147 1906 nummis
1177 1865 1357 1918 coynita.

282 1958 339 1962 —
383 1939 435 1974 M.
467 1938 678 1974 MESSIVS
722 1938 961 1973 RVSTIOVS
1003 1939 1245 1973 AEMILIVS
1286 1938 1422 1973 AFER
1464 1938 1638 1974 OVTIVS
1679 1938 1914 1974 ROMVLVS
1951 1939 2078 1975 PRIS-

358 2007 536 2043 CIANVS
568 2007 750 2042 ARRIVS
782 2005 1051 2042 PROOVLVS.

270 2071 355 2112 214
385 2069 443 2113 M.
465 2068 675 2112 Aemilius
697 2061 904 2122 Alcimus,
937 2069 1100 2110 amicus
1130 2069 1180 2111 L.
1204 2067 1372 2110 Aurelii
1396 2067 1510 2112 Galli
1539 2083 1637 2119 eos„
1670 2069 1739 2110 eui
1758 2070 1904 2123 posuit
1935 2073 1962 2113 t.
1983 2071 2077 2114 urb.

359 2138 425 2180 VI
447 2140 565 2180 1356.

287 2232 342 2236 ——
389 2208 435 2248 P.
469 2205 642 2259 Iul(ius)
673 2204 884 2247 Aemilius
914 2204 1088 2260 Aquila.

270 2277 353 2318 215
384 2282 428 2316 Ι..
469 2280 711 2315 AEMILIVS
751 2279 996 2316 ARCANVS.
1068 2273 1231 2315 Titulus
1270 2273 1358 2315 eius
1399 2273 1692 2315 Narbonensis
1726 2274 1834 2316 XII
1863 2277 1983 2317 4354.
2026 2299 2078 2304 ——

356 2343 408 2386 L.
439 2342 478 2396 f.,
513 2341 630 2384 tribu
662 2342 778 2397 Pap,
813 2342 974 2396 oriqine
1003 2341 1305 2392 Narbonensis,
1338 2341 1538 2384 tribunus
1568 2341 1751 2383 militum
1781 2341 1862 2396 leg.
1884 2343 1952 2384 XI
1983 2342 2076 2398 (sie)

358 2411 568 2454 Geminae
596 2417 637 2451 et
667 2410 864 2452 tribunus
885 2409 1070 2452 militum
1092 2409 1173 2464 leg.
1197 2410 1218 2452 I
1247 2410 1500 2464 Minerviae,
1533 2412 1634 2452 item
1665 2410 1864 2452 tribunus
1893 2410 2079 2453 militum

358 2478 440 2533 leg.
472 2479 516 2520 II
549 2478 788 2533 Augustae,
822 2478 1013 2520 adlectus
1044 2479 1089 2520 in
1119 2477 1431 2534 amplissimum
1461 2478 1654 2520 ordinem
1685 2479 1740 2521 ab
1772 2481 1871 2535 imp.
1896 2479 2080 2523 Caesare

358 2547 584 2589 Hadriano
616 2546 753 2601 Aug,
791 2547 906 2588 sevir
947 2548 1140 2603 equitum
1171 2548 1484 2601 Romanorum,
1520 2554 1721 2603 quaestor
1751 2547 1965 2599 urbanus,
2007 2548 2079 2590 tri-

358 2615 500 2657 bunus
532 2614 682 2670 plebis,
715 2622 888 2671 praetor
918 2614 1167 2670 designatus
1199 2616 1314 2658 obiit.
1345 2640 1402 2644 —
1432 2615 1586 2670 Curi03
1618 2615 1816 2658 omnibus
1847 2615 2080 2659 honoribus

361 2684 405 2724 in
436 2683 603 2725 colonia
633 2698 710 2725 sua
740 2683 912 2725 functus
941 2684 1002 2727 tit.
1022 2708 1080 2714 ——
1100 2683 1298 2725 Aroanus
1331 2690 1475 2739 ‘quem
1505 2683 1795 2739 pulcherrima
1824 2684 1909 2725 iam
1940 2683 2080 2726 redire

360 2751 506 2793 Narbo
524 2778 572 2782 -—
587 2776 638 2781 —
660 2751 716 2793 ad
737 2751 853 2806 leges
875 2751 995 2794 iubet
1015 2767 1266 2808 annuosque
1288 2751 1440 2793 fasces³
1461 2752 1620 2793 amicus
1638 2751 1864 2794 Martialis
1881 2752 2081 2796 Martial.

358 2822 398 2870 8,
428 2823 496 2869 72,
524 2822 552 2860 3
582 2823 688 2861 certe
719 2834 811 2861 eum
841 2819 915 2862 hoe
944 2820 1246 2862 necessitudine
1277 2821 1520 2862 coniunctus
1549 2820 1646 2873 fuit,
1678 2820 1859 2873 fortasse
1880 2823 2023 2874 pater.

275 2889 358 2931 216
389 2887 600 2930 Aemilius
642 2887 804 2944 Asper,
844 2889 1153 2942 grammaticus
1194 2888 1354 2930 saeculi
1390 2889 1543 2930 ineerti
1574 2889 1726 2930 aetatis
1758 2889 2079 2943 imperatoriae3

362 2956 547 2997 diversas
575 2957 802 2998 sententias
827 2957 1012 2998 virorum
1042 2956 1257 2999 doctorum
1278 2956 1608 2998 dissentientium
1638 2955 1687 2998 de
1717 2959 1854 2998 aetate
1877 2957 2083 2999 recensuit

362 3024 669 3066 Laemmerliirt
709 3025 1072 3067 commentationes
1104 3024 1308 3079 philoloy.
1350 3025 1511 3068 Ienens.
1544 3023 1623 3066 IV
1644 3022 1785 3079 (1890)
1808 3039 1856 3078 p.
1877 3028 1959 3067 401
1983 3038 2080 3078 seq„

360 3092 585 3146 proferens
623 3096 661 3133 et
699 3093 787 3146 ipse
826 3106 910 3134 non
948 3093 1086 3134 ricinus
1124 3093 1329 3135 incertam
1368 3106 1492 3146 quam
1528 3092 1692 3146 reliqui.
1764 3092 1948 3148 Scripsit
1986 3100 2082 3149 post

354 3160 604 3214 Cornutum,
638 3175 765 3216 quem
796 3160 953 3202 refellit
982 3161 1109 3203 schol.
1137 3161 1356 3203 Veronens.
1378 3159 1485 3203 Aen.
1510 3160 1600 3202 III
1612 3163 1704 3204 691.
1751 3159 1949 3203 Confeeit
1967 3175 2080 3203 eom-

361 3229 619 3270 mentarium
654 3229 697 3270 in
728 3229 990 3283 Terentium,
1032 3230 1105 3282 qui
1143 3231 1301 3271 citatur
1332 3229 1497 3283 passim
1528 3228 1644 3282 apud
1671 3227 1902 3279 Donatum,
1933 3229 2079 3284 Rufin.

359 3296 549 3337 Gramm.
572 3296 671 3337 Lat.
704 3295 771 3338 VI
792 3299 884 3346 555,
907 3299 956 3347 1;
986 3297 1339 3338 commentarium
1371 3298 1414 3338 in
1447 3294 1699 3338 Sallustium
1727 3295 1898 3340 Charis.
1929 3295 2015 3338 ibd.
2046 3295 2079 3337 Ι

363 3367 454 3413 196,
481 3366 561 3414 23,·
600 3368 696 3413 200,
730 3367 780 3414 1,·
814 3367 910 3414 215,
943 3368 991 3415 6,·
1025 3367 1121 3414 210,
1144 3367 1213 3414 28,
1246 3364 1392 3418 Pomp.
1424 3363 1508 3407 ibd.
1542 3363 1583 3405 V
1602 3367 1699 3413 273,
1734 3368 1803 3413 12,
1835 3363 2080 3416 Hieronymi.
