<?xml version="1.0" encoding="UTF-8"?>
<!DOCTYPE html PUBLIC "-//W3C//DTD XHTML 1.0 Transitional//EN"
    "http://www.w3.org/TR/xhtml1/DTD/xhtml1-transitional.dtd">
<html xmlns="http://www.w3.org/1999/xhtml" xml:lang="en" lang="en">
 <head>
  <title>
</title>
<meta http-equiv="Content-Type" content="text/html;charset=utf-8" />
  <meta name='ocr-system' content='tesseract 3.04.00' />
  <meta name='ocr-capabilities' content='ocr_page ocr_carea ocr_par ocr_line ocrx_word'/>
</head>
<body>
  <div class='ocr_page' id='page_1' title='image "./prosopographiaim01akaduoft/prosopographiaim01akaduoft_0406.png"; bbox 0 0 2202 3730; ppageno 0'>
   <div class='ocr_carea' id='block_1_1' title="bbox 286 298 2078 344">
    <p class='ocr_par' dir='ltr' id='par_1_1' title="bbox 286 298 2078 344">
     <span class='ocr_line' id='line_1_1' title="bbox 286 298 2078 344; baseline 0 0"><span class='ocrx_word' id='word_1_1' title='bbox 286 305 527 344; x_wconf 83' lang='lat' dir='ltr'>CLAVDIVS</span> <span class='ocrx_word' id='word_1_2' title='bbox 1139 298 1222 341; x_wconf 88' lang='lat'>390</span> <span class='ocrx_word' id='word_1_3' title='bbox 1833 305 2078 344; x_wconf 81' lang='lat' dir='ltr'>CLAVDIVS</span> 
     </span>
    </p>
   </div>
   <div class='ocr_carea' id='block_1_2' title="bbox 287 374 450 378">
    <p class='ocr_par' dir='ltr' id='par_1_2' title="bbox 287 374 450 378">
     <span class='ocr_line' id='line_1_2' title="bbox 287 374 450 378; baseline 0 0"><span class='ocrx_word' id='word_1_4' title='bbox 287 374 450 378; x_wconf 95' lang='lat' dir='ltr'> </span> 
     </span>
    </p>
   </div>
   <div class='ocr_carea' id='block_1_3' title="bbox 359 435 2144 3420">
    <p class='ocr_par' dir='ltr' id='par_1_3' title="bbox 363 435 2082 751">
     <span class='ocr_line' id='line_1_3' title="bbox 367 435 2082 492; baseline -0.001 -11"><span class='ocrx_word' id='word_1_5' title='bbox 367 445 516 492; x_wconf 87' lang='lat' dir='ltr'>aetate,</span> <span class='ocrx_word' id='word_1_6' title='bbox 547 438 756 479; x_wconf 88' lang='lat' dir='ltr'>bonarum</span> <span class='ocrx_word' id='word_1_7' title='bbox 786 437 941 478; x_wconf 89' lang='lat' dir='ltr'>artium</span> <span class='ocrx_word' id='word_1_8' title='bbox 972 436 1148 491; x_wconf 85' lang='lat' dir='ltr'>cupiens</span> <span class='ocrx_word' id='word_1_9' title='bbox 1178 442 1282 489; x_wconf 89' lang='lat' dir='ltr'>erat,</span> <span class='ocrx_word' id='word_1_10' title='bbox 1316 435 1391 477; x_wconf 89' lang='lat' dir='ltr'>sed</span> <span class='ocrx_word' id='word_1_11' title='bbox 1421 437 1646 478; x_wconf 86' lang='lat' dir='ltr'>imminuta</span> <span class='ocrx_word' id='word_1_12' title='bbox 1664 451 1783 478; x_wconf 90' lang='lat' dir='ltr'>mens</span> <span class='ocrx_word' id='word_1_13' title='bbox 1805 437 1896 479; x_wconf 90' lang='lat' dir='ltr'>eius</span> <span class='ocrx_word' id='word_1_14' title='bbox 1916 436 2082 479; x_wconf 90' lang='lat' dir='ltr'>obstitit</span> 
     </span>
     <span class='ocr_line' id='line_1_4' title="bbox 372 504 2079 560; baseline -0.001 -11"><span class='ocrx_word' id='word_1_15' title='bbox 372 507 468 549; x_wconf 77' lang='lat' dir='ltr'>Tac.</span> <span class='ocrx_word' id='word_1_16' title='bbox 490 521 531 548; x_wconf 89' lang='lat' dir='ltr'>a.</span> <span class='ocrx_word' id='word_1_17' title='bbox 551 509 589 556; x_wconf 81' lang='lat'>6,</span> <span class='ocrx_word' id='word_1_18' title='bbox 609 508 674 546; x_wconf 83' lang='lat'>46.</span> <span class='ocrx_word' id='word_1_19' title='bbox 715 504 800 557; x_wconf 77' lang='lat' dir='ltr'>Qui</span> <span class='ocrx_word' id='word_1_20' title='bbox 823 510 965 546; x_wconf 91' lang='lat' dir='ltr'>tamen</span> <span class='ocrx_word' id='word_1_21' title='bbox 985 504 1172 545; x_wconf 91' lang='lat' dir='ltr'>moriens</span> <span class='ocrx_word' id='word_1_22' title='bbox 1193 518 1292 545; x_wconf 90' lang='lat' dir='ltr'>eum</span> <span class='ocrx_word' id='word_1_23' title='bbox 1312 505 1355 544; x_wconf 91' lang='lat' dir='ltr'>in</span> <span class='ocrx_word' id='word_1_24' title='bbox 1377 505 1513 545; x_wconf 86' lang='lat' dir='ltr'>tertiis</span> <span class='ocrx_word' id='word_1_25' title='bbox 1534 504 1766 546; x_wconf 86' lang='lat' dir='ltr'>heredibus</span> <span class='ocrx_word' id='word_1_26' title='bbox 1787 511 2079 560; x_wconf 86' lang='lat' dir='ltr'>nuncupatum</span> 
     </span>
     <span class='ocr_line' id='line_1_5' title="bbox 364 571 2078 629; baseline -0.001 -13"><span class='ocrx_word' id='word_1_27' title='bbox 364 575 504 629; x_wconf 86' lang='lat' dir='ltr'>legato</span> <span class='ocrx_word' id='word_1_28' title='bbox 527 573 641 615; x_wconf 91' lang='lat' dir='ltr'>haud</span> <span class='ocrx_word' id='word_1_29' title='bbox 661 572 866 614; x_wconf 92' lang='lat' dir='ltr'>mediocri</span> <span class='ocrx_word' id='word_1_30' title='bbox 887 578 1140 628; x_wconf 87' lang='lat' dir='ltr'>prosecutus</span> <span class='ocrx_word' id='word_1_31' title='bbox 1162 572 1339 628; x_wconf 84' lang='lat' dir='ltr'><strong>insuper</strong></span> <span class='ocrx_word' id='word_1_32' title='bbox 1362 571 1622 615; x_wconf 81' lang='lat' dir='ltr'>exercitibus</span> <span class='ocrx_word' id='word_1_33' title='bbox 1644 578 1685 614; x_wconf 90' lang='lat' dir='ltr'>et</span> <span class='ocrx_word' id='word_1_34' title='bbox 1705 573 1872 615; x_wconf 89' lang='lat' dir='ltr'>senatui</span> <span class='ocrx_word' id='word_1_35' title='bbox 1902 572 2078 629; x_wconf 88' lang='lat' dir='ltr'>populo-</span> 
     </span>
     <span class='ocr_line' id='line_1_6' title="bbox 365 639 2082 697; baseline 0 -14"><span class='ocrx_word' id='word_1_36' title='bbox 365 656 447 697; x_wconf 89' lang='lat' dir='ltr'>que</span> <span class='ocrx_word' id='word_1_37' title='bbox 487 643 679 683; x_wconf 86' lang='lat' dir='ltr'>Romano</span> <span class='ocrx_word' id='word_1_38' title='bbox 724 641 838 682; x_wconf 89' lang='lat' dir='ltr'>inter</span> <span class='ocrx_word' id='word_1_39' title='bbox 882 646 1044 681; x_wconf 88' lang='lat' dir='ltr'>ceteras</span> <span class='ocrx_word' id='word_1_40' title='bbox 1090 639 1427 682; x_wconf 81' lang='lat' dir='ltr'>necessitudines</span> <span class='ocrx_word' id='word_1_41' title='bbox 1473 641 1723 683; x_wconf 90' lang='lat' dir='ltr'>nominatim</span> <span class='ocrx_word' id='word_1_42' title='bbox 1764 641 2082 684; x_wconf 86' lang='lat' dir='ltr'>commendavit</span> 
     </span>
     <span class='ocr_line' id='line_1_7' title="bbox 363 707 688 751; baseline -0.009 0"><span class='ocrx_word' id='word_1_43' title='bbox 363 709 528 751; x_wconf 80' lang='lat' dir='ltr'>Suetou.</span> <span class='ocrx_word' id='word_1_44' title='bbox 557 707 626 750; x_wconf 80' lang='lat' dir='ltr'>Ol.</span> <span class='ocrx_word' id='word_1_45' title='bbox 652 711 688 749; x_wconf 90' lang='lat'>6.</span> 
     </span>
    </p>

    <p class='ocr_par' dir='ltr' id='par_1_4' title="bbox 359 775 2081 1921">
     <span class='ocr_line' id='line_1_8' title="bbox 449 775 2080 831; baseline 0 -13"><span class='ocrx_word' id='word_1_46' title='bbox 449 776 582 819; x_wconf 82' lang='lat' dir='ltr'>Graius</span> <span class='ocrx_word' id='word_1_47' title='bbox 613 776 841 831; x_wconf 90' lang='lat' dir='ltr'>imperium</span> <span class='ocrx_word' id='word_1_48' title='bbox 870 775 1053 831; x_wconf 89' lang='lat' dir='ltr'>adeptus</span> <span class='ocrx_word' id='word_1_49' title='bbox 1086 789 1183 816; x_wconf 91' lang='lat' dir='ltr'>eum</span> <span class='ocrx_word' id='word_1_50' title='bbox 1215 781 1454 817; x_wconf 85' lang='lat' dir='ltr'>senatorem</span> <span class='ocrx_word' id='word_1_51' title='bbox 1483 776 1586 817; x_wconf 86' lang='lat' dir='ltr'>fecit</span> <span class='ocrx_word' id='word_1_52' title='bbox 1617 781 1658 818; x_wconf 88' lang='lat' dir='ltr'>et</span> <span class='ocrx_word' id='word_1_53' title='bbox 1688 775 1895 830; x_wconf 84' lang='lat' dir='ltr'>collegam</span> <span class='ocrx_word' id='word_1_54' title='bbox 1923 776 2005 818; x_wconf 90' lang='lat' dir='ltr'>sibi</span> <span class='ocrx_word' id='word_1_55' title='bbox 2035 777 2080 818; x_wconf 91' lang='lat' dir='ltr'>in</span> 
     </span>
     <span class='ocr_line' id='line_1_9' title="bbox 365 841 2078 899; baseline 0 -13"><span class='ocrx_word' id='word_1_56' title='bbox 365 843 590 886; x_wconf 85' lang='lat' dir='ltr'>consulatu</span> <span class='ocrx_word' id='word_1_57' title='bbox 620 844 851 899; x_wconf 83' lang='lat' dir='ltr'>assumpsit</span> <span class='ocrx_word' id='word_1_58' title='bbox 877 843 1046 886; x_wconf 73' lang='lat' dir='ltr'>Sueten.</span> <span class='ocrx_word' id='word_1_59' title='bbox 1075 842 1211 897; x_wconf 72' lang='lat' dir='ltr'>Galiy.</span> <span class='ocrx_word' id='word_1_60' title='bbox 1236 846 1300 894; x_wconf 87' lang='lat'>15,</span> <span class='ocrx_word' id='word_1_61' title='bbox 1325 841 1390 886; x_wconf 87' lang='lat' dir='ltr'>Cl.</span> <span class='ocrx_word' id='word_1_62' title='bbox 1415 847 1462 895; x_wconf 80' lang='grc'>7,·</span> <span class='ocrx_word' id='word_1_63' title='bbox 1493 842 1642 886; x_wconf 88' lang='grc'>00118111</span> <span class='ocrx_word' id='word_1_64' title='bbox 1672 844 1874 886; x_wconf 85' lang='lat' dir='ltr'>suffectus</span> <span class='ocrx_word' id='word_1_65' title='bbox 1906 859 1960 886; x_wconf 86' lang='lat' dir='ltr'>ex</span> <span class='ocrx_word' id='word_1_66' title='bbox 1990 843 2078 886; x_wconf 88' lang='lat' dir='ltr'>kal.</span> 
     </span>
     <span class='ocr_line' id='line_1_10' title="bbox 362 911 2079 968; baseline 0.001 -14"><span class='ocrx_word' id='word_1_67' title='bbox 362 913 482 955; x_wconf 90' lang='lat' dir='ltr'>Iuliis</span> <span class='ocrx_word' id='word_1_68' title='bbox 514 927 551 954; x_wconf 63' lang='lat' dir='ltr'>a„</span> <span class='ocrx_word' id='word_1_69' title='bbox 581 912 636 953; x_wconf 88' lang='lat'>37</span> <span class='ocrx_word' id='word_1_70' title='bbox 668 926 746 967; x_wconf 93' lang='lat' dir='ltr'>per</span> <span class='ocrx_word' id='word_1_71' title='bbox 775 911 883 953; x_wconf 90' lang='lat' dir='ltr'>duos</span> <span class='ocrx_word' id='word_1_72' title='bbox 912 925 1080 953; x_wconf 88' lang='lat' dir='ltr'>menses</span> <span class='ocrx_word' id='word_1_73' title='bbox 1110 926 1207 953; x_wconf 92' lang='lat' dir='ltr'>cum</span> <span class='ocrx_word' id='word_1_74' title='bbox 1238 911 1287 954; x_wconf 85' lang='lat' dir='ltr'>C.</span> <span class='ocrx_word' id='word_1_75' title='bbox 1318 911 1505 954; x_wconf 82' lang='lat' dir='ltr'>Caesare</span> <span class='ocrx_word' id='word_1_76' title='bbox 1534 912 1653 966; x_wconf 74' lang='lat' dir='ltr'>fasti.</span> <span class='ocrx_word' id='word_1_77' title='bbox 1714 912 1767 954; x_wconf 94' lang='lat' dir='ltr'>In</span> <span class='ocrx_word' id='word_1_78' title='bbox 1803 913 1896 968; x_wconf 91' lang='lat' dir='ltr'>ipso</span> <span class='ocrx_word' id='word_1_79' title='bbox 1927 927 2079 955; x_wconf 89' lang='lat' dir='ltr'>consu-</span> 
     </span>
     <span class='ocr_line' id='line_1_11' title="bbox 361 979 2080 1036; baseline -0.001 -13"><span class='ocrx_word' id='word_1_80' title='bbox 361 981 462 1035; x_wconf 91' lang='lat' dir='ltr'>latu,</span> <span class='ocrx_word' id='word_1_81' title='bbox 496 979 610 1036; x_wconf 91' lang='lat' dir='ltr'>quod</span> <span class='ocrx_word' id='word_1_82' title='bbox 630 980 814 1022; x_wconf 89' lang='lat' dir='ltr'>Neronis</span> <span class='ocrx_word' id='word_1_83' title='bbox 836 986 879 1021; x_wconf 92' lang='lat' dir='ltr'>et</span> <span class='ocrx_word' id='word_1_84' title='bbox 898 980 1030 1022; x_wconf 90' lang='lat' dir='ltr'>Drusi</span> <span class='ocrx_word' id='word_1_85' title='bbox 1053 979 1235 1021; x_wconf 89' lang='lat' dir='ltr'>fratrum</span> <span class='ocrx_word' id='word_1_86' title='bbox 1256 979 1455 1022; x_wconf 82' lang='lat' dir='ltr'>Caesaris</span> <span class='ocrx_word' id='word_1_87' title='bbox 1477 987 1641 1022; x_wconf 87' lang='lat' dir='ltr'>statuas</span> <span class='ocrx_word' id='word_1_88' title='bbox 1672 981 1846 1035; x_wconf 89' lang='lat' dir='ltr'>segnius</span> <span class='ocrx_word' id='word_1_89' title='bbox 1876 980 2080 1023; x_wconf 87' lang='lat' dir='ltr'>locandas</span> 
     </span>
     <span class='ocr_line' id='line_1_12' title="bbox 364 1047 2079 1105; baseline 0.001 -15"><span class='ocrx_word' id='word_1_90' title='bbox 364 1048 670 1105; x_wconf 89' lang='lat' dir='ltr'>ponendasque</span> <span class='ocrx_word' id='word_1_91' title='bbox 711 1055 922 1102; x_wconf 86' lang='lat' dir='ltr'>curasset,</span> <span class='ocrx_word' id='word_1_92' title='bbox 970 1062 1107 1104; x_wconf 83' lang='lat' dir='ltr'>paene</span> <span class='ocrx_word' id='word_1_93' title='bbox 1152 1047 1314 1090; x_wconf 89' lang='lat' dir='ltr'>honore</span> <span class='ocrx_word' id='word_1_94' title='bbox 1355 1055 1591 1090; x_wconf 91' lang='lat' dir='ltr'>summotus</span> <span class='ocrx_word' id='word_1_95' title='bbox 1631 1055 1695 1090; x_wconf 87' lang='lat' dir='ltr'>est</span> <span class='ocrx_word' id='word_1_96' title='bbox 1733 1048 1900 1093; x_wconf 72' lang='lat' dir='ltr'>Sueton.</span> <span class='ocrx_word' id='word_1_97' title='bbox 1938 1048 2005 1093; x_wconf 78' lang='lat' dir='ltr'>Ol.</span> <span class='ocrx_word' id='word_1_98' title='bbox 2039 1052 2079 1092; x_wconf 87' lang='grc'>9.</span> 
     </span>
     <span class='ocr_line' id='line_1_13' title="bbox 359 1115 2079 1173; baseline 0 -14"><span class='ocrx_word' id='word_1_99' title='bbox 359 1117 486 1159; x_wconf 92' lang='lat' dir='ltr'>Anno</span> <span class='ocrx_word' id='word_1_100' title='bbox 517 1117 573 1159; x_wconf 88' lang='lat'>39</span> <span class='ocrx_word' id='word_1_101' title='bbox 602 1131 700 1158; x_wconf 93' lang='lat' dir='ltr'>cum</span> <span class='ocrx_word' id='word_1_102' title='bbox 730 1116 898 1158; x_wconf 91' lang='lat' dir='ltr'>detecta</span> <span class='ocrx_word' id='word_1_103' title='bbox 929 1116 1005 1170; x_wconf 91' lang='lat' dir='ltr'>(M.</span> <span class='ocrx_word' id='word_1_104' title='bbox 1030 1115 1222 1171; x_wconf 91' lang='lat' dir='ltr'>Aemilii)</span> <span class='ocrx_word' id='word_1_105' title='bbox 1251 1116 1405 1173; x_wconf 89' lang='lat' dir='ltr'>Lepidi</span> <span class='ocrx_word' id='word_1_106' title='bbox 1437 1117 1507 1172; x_wconf 80' lang='lat' dir='ltr'>(ef.</span> <span class='ocrx_word' id='word_1_107' title='bbox 1538 1130 1671 1171; x_wconf 74' lang='lat' dir='ltr'>supra</span> <span class='ocrx_word' id='word_1_108' title='bbox 1692 1116 1736 1158; x_wconf 86' lang='lat' dir='ltr'>A</span> <span class='ocrx_word' id='word_1_109' title='bbox 1757 1119 1856 1169; x_wconf 78' lang='grc'><strong><em>249)</em></strong></span> <span class='ocrx_word' id='word_1_110' title='bbox 1888 1123 1930 1159; x_wconf 91' lang='lat' dir='ltr'>et</span> <span class='ocrx_word' id='word_1_111' title='bbox 1958 1116 2079 1171; x_wconf 92' lang='lat' dir='ltr'>(Cor-</span> 
     </span>
     <span class='ocr_line' id='line_1_14' title="bbox 362 1175 2081 1240; baseline 0.001 -14"><span class='ocrx_word' id='word_1_112' title='bbox 362 1185 463 1226; x_wconf 90' lang='lat' dir='ltr'>nelii</span> <span class='ocrx_word' id='word_1_113' title='bbox 481 1184 676 1239; x_wconf 89' lang='lat' dir='ltr'>Lentuli)</span> <span class='ocrx_word' id='word_1_114' title='bbox 698 1183 914 1227; x_wconf 80' lang='lat' dir='ltr'>Gaetulici</span> <span class='ocrx_word' id='word_1_115' title='bbox 938 1185 1245 1239; x_wconf 88' lang='lat' dir='ltr'>coniuratione,</span> <span class='ocrx_word' id='word_1_116' title='bbox 1278 1183 1486 1227; x_wconf 89' lang='lat' dir='ltr'>Claudius</span> <span class='ocrx_word' id='word_1_117' title='bbox 1516 1186 1629 1227; x_wconf 90' lang='lat' dir='ltr'>inter</span> <span class='ocrx_word' id='word_1_118' title='bbox 1658 1175 1820 1240; x_wconf 85' lang='lat' dir='ltr'>legatos</span> <span class='ocrx_word' id='word_1_119' title='bbox 1851 1185 1905 1227; x_wconf 91' lang='lat' dir='ltr'>ad</span> <span class='ocrx_word' id='word_1_120' title='bbox 1935 1193 2081 1239; x_wconf 89' lang='lat' dir='ltr'>gratu-</span> 
     </span>
     <span class='ocr_line' id='line_1_15' title="bbox 359 1253 2079 1309; baseline 0 -14"><span class='ocrx_word' id='word_1_121' title='bbox 359 1253 535 1295; x_wconf 88' lang='lat' dir='ltr'>landum</span> <span class='ocrx_word' id='word_1_122' title='bbox 556 1254 600 1294; x_wconf 93' lang='lat' dir='ltr'>in</span> <span class='ocrx_word' id='word_1_123' title='bbox 622 1253 902 1296; x_wconf 80' lang='lat' dir='ltr'>Germaniam</span> <span class='ocrx_word' id='word_1_124' title='bbox 922 1254 1078 1295; x_wconf 89' lang='lat' dir='ltr'>missus</span> <span class='ocrx_word' id='word_1_125' title='bbox 1101 1260 1222 1308; x_wconf 89' lang='lat' dir='ltr'>esset,</span> <span class='ocrx_word' id='word_1_126' title='bbox 1246 1253 1383 1297; x_wconf 79' lang='lat' dir='ltr'>Gaius</span> <span class='ocrx_word' id='word_1_127' title='bbox 1404 1253 1652 1307; x_wconf 88' lang='lat' dir='ltr'>indignatus</span> <span class='ocrx_word' id='word_1_128' title='bbox 1682 1259 1885 1309; x_wconf 89' lang='lat' dir='ltr'>patruum</span> <span class='ocrx_word' id='word_1_129' title='bbox 1911 1254 2079 1309; x_wconf 90' lang='lat' dir='ltr'>potissi-</span> 
     </span>
     <span class='ocr_line' id='line_1_16' title="bbox 360 1320 2078 1377; baseline 0.001 -14"><span class='ocrx_word' id='word_1_130' title='bbox 360 1337 476 1363; x_wconf 91' lang='lat' dir='ltr'>mum</span> <span class='ocrx_word' id='word_1_131' title='bbox 506 1320 559 1363; x_wconf 87' lang='lat' dir='ltr'>ad</span> <span class='ocrx_word' id='word_1_132' title='bbox 582 1336 627 1363; x_wconf 88' lang='lat' dir='ltr'>se</span> <span class='ocrx_word' id='word_1_133' title='bbox 646 1322 824 1363; x_wconf 90' lang='lat' dir='ltr'>missum</span> <span class='ocrx_word' id='word_1_134' title='bbox 850 1336 942 1363; x_wconf 87' lang='lat' dir='ltr'>esse</span> <span class='ocrx_word' id='word_1_135' title='bbox 963 1323 1059 1363; x_wconf 83' lang='lat' dir='ltr'>eum</span> <span class='ocrx_word' id='word_1_136' title='bbox 1079 1336 1217 1377; x_wconf 90' lang='lat' dir='ltr'>paene</span> <span class='ocrx_word' id='word_1_137' title='bbox 1237 1321 1453 1363; x_wconf 89' lang='lat' dir='ltr'>interfecit</span> <span class='ocrx_word' id='word_1_138' title='bbox 1473 1321 1640 1364; x_wconf 72' lang='lat' dir='ltr'>Sueten.</span> <span class='ocrx_word' id='word_1_139' title='bbox 1666 1320 1735 1363; x_wconf 81' lang='lat' dir='ltr'>Cl.</span> <span class='ocrx_word' id='word_1_140' title='bbox 1754 1324 1793 1371; x_wconf 92' lang='lat'>9,</span> <span class='ocrx_word' id='word_1_141' title='bbox 1814 1320 1902 1364; x_wconf 76' lang='lat' dir='ltr'>Dio</span> <span class='ocrx_word' id='word_1_142' title='bbox 1920 1324 1987 1372; x_wconf 89' lang='lat'>59,</span> <span class='ocrx_word' id='word_1_143' title='bbox 2008 1324 2078 1365; x_wconf 86' lang='grc'><strong><em>23.</em></strong></span> 
     </span>
     <span class='ocr_line' id='line_1_17' title="bbox 359 1389 2078 1446; baseline -0.001 -13"><span class='ocrx_word' id='word_1_144' title='bbox 359 1390 505 1446; x_wconf 87' lang='lat' dir='ltr'>Atque</span> <span class='ocrx_word' id='word_1_145' title='bbox 546 1405 601 1431; x_wconf 86' lang='lat' dir='ltr'>ex</span> <span class='ocrx_word' id='word_1_146' title='bbox 641 1404 690 1432; x_wconf 89' lang='lat' dir='ltr'>eo</span> <span class='ocrx_word' id='word_1_147' title='bbox 732 1404 954 1446; x_wconf 90' lang='lat' dir='ltr'>nunquam</span> <span class='ocrx_word' id='word_1_148' title='bbox 991 1404 1078 1431; x_wconf 92' lang='lat' dir='ltr'>non</span> <span class='ocrx_word' id='word_1_149' title='bbox 1114 1391 1157 1431; x_wconf 88' lang='lat' dir='ltr'>in</span> <span class='ocrx_word' id='word_1_150' title='bbox 1190 1396 1341 1432; x_wconf 92' lang='lat' dir='ltr'>senatu</span> <span class='ocrx_word' id='word_1_151' title='bbox 1372 1390 1632 1431; x_wconf 88' lang='lat' dir='ltr'>novissimus</span> <span class='ocrx_word' id='word_1_152' title='bbox 1664 1389 1955 1431; x_wconf 90' lang='lat' dir='ltr'>consularium</span> <span class='ocrx_word' id='word_1_153' title='bbox 1985 1404 2078 1431; x_wconf 81' lang='lat' dir='ltr'>sen-</span> 
     </span>
     <span class='ocr_line' id='line_1_18' title="bbox 361 1456 2078 1514; baseline -0.001 -14"><span class='ocrx_word' id='word_1_154' title='bbox 361 1459 538 1501; x_wconf 89' lang='lat' dir='ltr'>tentiam</span> <span class='ocrx_word' id='word_1_155' title='bbox 569 1458 681 1500; x_wconf 87' lang='lat' dir='ltr'>dixit</span> <span class='ocrx_word' id='word_1_156' title='bbox 721 1458 981 1512; x_wconf 86' lang='lat' dir='ltr'>ignominiae</span> <span class='ocrx_word' id='word_1_157' title='bbox 1012 1473 1143 1500; x_wconf 87' lang='lat' dir='ltr'>causa</span> <span class='ocrx_word' id='word_1_158' title='bbox 1173 1465 1270 1514; x_wconf 91' lang='lat' dir='ltr'>post</span> <span class='ocrx_word' id='word_1_159' title='bbox 1300 1458 1436 1500; x_wconf 92' lang='lat' dir='ltr'>omnis</span> <span class='ocrx_word' id='word_1_160' title='bbox 1467 1459 1757 1512; x_wconf 86' lang='lat' dir='ltr'>interrogatus</span> <span class='ocrx_word' id='word_1_161' title='bbox 1788 1457 1961 1500; x_wconf 73' lang='lat' dir='ltr'>Sueton.</span> <span class='ocrx_word' id='word_1_162' title='bbox 1992 1456 2019 1499; x_wconf 90' lang='lat' dir='ltr'>l.</span> <span class='ocrx_word' id='word_1_163' title='bbox 2051 1456 2078 1499; x_wconf 87' lang='lat' dir='ltr'>l.</span> 
     </span>
     <span class='ocr_line' id='line_1_19' title="bbox 360 1525 2081 1581; baseline -0.001 -12"><span class='ocrx_word' id='word_1_164' title='bbox 360 1526 546 1569; x_wconf 92' lang='lat' dir='ltr'>Omnino</span> <span class='ocrx_word' id='word_1_165' title='bbox 577 1527 661 1570; x_wconf 81' lang='lat' dir='ltr'>Gai</span> <span class='ocrx_word' id='word_1_166' title='bbox 691 1525 814 1568; x_wconf 86' lang='lat' dir='ltr'>aulae</span> <span class='ocrx_word' id='word_1_167' title='bbox 853 1525 1041 1568; x_wconf 91' lang='lat' dir='ltr'>ludibrio</span> <span class='ocrx_word' id='word_1_168' title='bbox 1081 1532 1174 1568; x_wconf 91' lang='lat' dir='ltr'>erat</span> <span class='ocrx_word' id='word_1_169' title='bbox 1203 1526 1373 1569; x_wconf 78' lang='lat' dir='ltr'>Sueten.</span> <span class='ocrx_word' id='word_1_170' title='bbox 1402 1525 1542 1581; x_wconf 74' lang='lat' dir='ltr'>Caliq.</span> <span class='ocrx_word' id='word_1_171' title='bbox 1573 1529 1643 1576; x_wconf 87' lang='grc'>23,</span> <span class='ocrx_word' id='word_1_172' title='bbox 1676 1525 1742 1569; x_wconf 79' lang='lat' dir='ltr'>Ol.</span> <span class='ocrx_word' id='word_1_173' title='bbox 1777 1528 1817 1567; x_wconf 87' lang='grc'>8.</span> <span class='ocrx_word' id='word_1_174' title='bbox 1850 1529 1890 1576; x_wconf 91' lang='grc'>9,</span> <span class='ocrx_word' id='word_1_175' title='bbox 1920 1525 2081 1579; x_wconf 72' lang='lat' dir='ltr'>Seneca</span> 
     </span>
     <span class='ocr_line' id='line_1_20' title="bbox 361 1593 2078 1650; baseline 0.001 -14"><span class='ocrx_word' id='word_1_176' title='bbox 361 1594 519 1649; x_wconf 75' lang='lat' dir='ltr'>apocal.</span> <span class='ocrx_word' id='word_1_177' title='bbox 543 1596 596 1637; x_wconf 89' lang='lat'>15</span> <span class='ocrx_word' id='word_1_178' title='bbox 606 1608 620 1646; x_wconf 90' lang='lat'>,·</span> <span class='ocrx_word' id='word_1_179' title='bbox 649 1610 675 1636; x_wconf 90' lang='lat' dir='ltr'>a</span> <span class='ocrx_word' id='word_1_180' title='bbox 695 1593 873 1636; x_wconf 90' lang='lat' dir='ltr'>Polluce</span> <span class='ocrx_word' id='word_1_181' title='bbox 899 1609 1023 1636; x_wconf 86' lang='lat' dir='ltr'>servo</span> <span class='ocrx_word' id='word_1_182' title='bbox 1045 1594 1160 1650; x_wconf 86' lang='lat' dir='ltr'>apud</span> <span class='ocrx_word' id='word_1_183' title='bbox 1182 1593 1343 1637; x_wconf 79' lang='lat' dir='ltr'>Gaium</span> <span class='ocrx_word' id='word_1_184' title='bbox 1364 1600 1591 1637; x_wconf 87' lang='lat' dir='ltr'>accusatus</span> <span class='ocrx_word' id='word_1_185' title='bbox 1612 1593 1775 1648; x_wconf 77' lang='lat' dir='ltr'>Ioseph.</span> <span class='ocrx_word' id='word_1_186' title='bbox 1794 1597 1880 1636; x_wconf 78' lang='lat' dir='ltr'>aut.</span> <span class='ocrx_word' id='word_1_187' title='bbox 1898 1596 1963 1644; x_wconf 88' lang='lat'>19,</span> <span class='ocrx_word' id='word_1_188' title='bbox 1980 1596 2018 1644; x_wconf 91' lang='lat'>1,</span> <span class='ocrx_word' id='word_1_189' title='bbox 2035 1596 2078 1637; x_wconf 90' lang='grc'><strong><em>2.</em></strong></span> 
     </span>
     <span class='ocr_line' id='line_1_21' title="bbox 360 1661 2080 1719; baseline -0.001 -14"><span class='ocrx_word' id='word_1_190' title='bbox 360 1663 495 1706; x_wconf 78' lang='lat' dir='ltr'>Gaius</span> <span class='ocrx_word' id='word_1_191' title='bbox 535 1677 632 1704; x_wconf 93' lang='lat' dir='ltr'>cum</span> <span class='ocrx_word' id='word_1_192' title='bbox 671 1663 836 1718; x_wconf 90' lang='lat' dir='ltr'>Iupiter</span> <span class='ocrx_word' id='word_1_193' title='bbox 876 1662 1061 1704; x_wconf 91' lang='lat' dir='ltr'>Latiaris</span> <span class='ocrx_word' id='word_1_194' title='bbox 1099 1662 1271 1705; x_wconf 90' lang='lat' dir='ltr'>adorari</span> <span class='ocrx_word' id='word_1_195' title='bbox 1311 1669 1487 1719; x_wconf 88' lang='lat' dir='ltr'>coeptus</span> <span class='ocrx_word' id='word_1_196' title='bbox 1523 1668 1647 1716; x_wconf 89' lang='lat' dir='ltr'>esset,</span> <span class='ocrx_word' id='word_1_197' title='bbox 1691 1663 1802 1703; x_wconf 90' lang='lat' dir='ltr'>inter</span> <span class='ocrx_word' id='word_1_198' title='bbox 1838 1661 2080 1704; x_wconf 88' lang='lat' dir='ltr'>sacerdotes</span> 
     </span>
     <span class='ocr_line' id='line_1_22' title="bbox 361 1729 2080 1787; baseline -0.001 -15"><span class='ocrx_word' id='word_1_199' title='bbox 361 1731 548 1772; x_wconf 88' lang='lat' dir='ltr'>numinis</span> <span class='ocrx_word' id='word_1_200' title='bbox 569 1731 635 1772; x_wconf 89' lang='lat' dir='ltr'>sui</span> <span class='ocrx_word' id='word_1_201' title='bbox 658 1737 699 1772; x_wconf 91' lang='lat' dir='ltr'>et</span> <span class='ocrx_word' id='word_1_202' title='bbox 721 1729 953 1772; x_wconf 89' lang='lat' dir='ltr'>Claudium</span> <span class='ocrx_word' id='word_1_203' title='bbox 976 1731 1172 1785; x_wconf 81' lang='lat' dir='ltr'>instituit,</span> <span class='ocrx_word' id='word_1_204' title='bbox 1206 1731 1278 1787; x_wconf 91' lang='lat' dir='ltr'>qui</span> <span class='ocrx_word' id='word_1_205' title='bbox 1300 1737 1473 1773; x_wconf 89' lang='lat' dir='ltr'>coactus</span> <span class='ocrx_word' id='word_1_206' title='bbox 1494 1744 1572 1787; x_wconf 89' lang='lat' dir='ltr'>pro</span> <span class='ocrx_word' id='word_1_207' title='bbox 1599 1730 1779 1772; x_wconf 88' lang='lat' dir='ltr'>introitu</span> <span class='ocrx_word' id='word_1_208' title='bbox 1809 1730 1910 1771; x_wconf 85' lang='lat' dir='ltr'>novi</span> <span class='ocrx_word' id='word_1_209' title='bbox 1941 1743 2080 1771; x_wconf 88' lang='lat' dir='ltr'>sacer-</span> 
     </span>
     <span class='ocr_line' id='line_1_23' title="bbox 359 1798 2079 1854; baseline -0.001 -14"><span class='ocrx_word' id='word_1_210' title='bbox 359 1798 464 1840; x_wconf 90' lang='lat' dir='ltr'>dotii</span> <span class='ocrx_word' id='word_1_211' title='bbox 487 1798 727 1840; x_wconf 85' lang='lat' dir='ltr'>sestertium</span> <span class='ocrx_word' id='word_1_212' title='bbox 750 1799 937 1853; x_wconf 88' lang='lat' dir='ltr'>octogies</span> <span class='ocrx_word' id='word_1_213' title='bbox 959 1799 1208 1854; x_wconf 90' lang='lat' dir='ltr'>impendere</span> <span class='ocrx_word' id='word_1_214' title='bbox 1229 1799 1283 1840; x_wconf 91' lang='lat' dir='ltr'>ad</span> <span class='ocrx_word' id='word_1_215' title='bbox 1306 1813 1493 1841; x_wconf 90' lang='lat' dir='ltr'>summas</span> <span class='ocrx_word' id='word_1_216' title='bbox 1514 1800 1575 1840; x_wconf 91' lang='lat' dir='ltr'>rei</span> <span class='ocrx_word' id='word_1_217' title='bbox 1602 1798 1825 1840; x_wconf 89' lang='lat' dir='ltr'>familiaris</span> <span class='ocrx_word' id='word_1_218' title='bbox 1857 1799 2079 1853; x_wconf 85' lang='lat' dir='ltr'>angustias</span> 
     </span>
     <span class='ocr_line' id='line_1_24' title="bbox 360 1865 1521 1921; baseline 0.001 -13"><span class='ocrx_word' id='word_1_219' title='bbox 360 1866 522 1908; x_wconf 87' lang='lat' dir='ltr'>decidit</span> <span class='ocrx_word' id='word_1_220' title='bbox 551 1866 721 1910; x_wconf 76' lang='lat' dir='ltr'>Sueten.</span> <span class='ocrx_word' id='word_1_221' title='bbox 750 1865 814 1908; x_wconf 83' lang='lat' dir='ltr'>Cl.</span> <span class='ocrx_word' id='word_1_222' title='bbox 837 1869 864 1908; x_wconf 89' lang='grc'><strong><em>9</em></strong></span> <span class='ocrx_word' id='word_1_223' title='bbox 895 1866 950 1919; x_wconf 82' lang='lat' dir='ltr'>ef.</span> <span class='ocrx_word' id='word_1_224' title='bbox 979 1865 1114 1921; x_wconf 76' lang='lat' dir='ltr'>Caliq.</span> <span class='ocrx_word' id='word_1_225' title='bbox 1136 1870 1209 1916; x_wconf 93' lang='grc'>22,</span> <span class='ocrx_word' id='word_1_226' title='bbox 1242 1866 1329 1908; x_wconf 78' lang='lat' dir='ltr'>Dio</span> <span class='ocrx_word' id='word_1_227' title='bbox 1358 1869 1425 1917; x_wconf 89' lang='lat'>59,</span> <span class='ocrx_word' id='word_1_228' title='bbox 1451 1869 1521 1910; x_wconf 88' lang='grc'>28.</span> 
     </span>
    </p>

    <p class='ocr_par' dir='ltr' id='par_1_5' title="bbox 359 1932 2144 2942">
     <span class='ocr_line' id='line_1_25' title="bbox 446 1932 2079 1990; baseline -0.001 -14"><span class='ocrx_word' id='word_1_229' title='bbox 446 1935 680 1990; x_wconf 88' lang='lat' dir='ltr'>Postquam</span> <span class='ocrx_word' id='word_1_230' title='bbox 702 1935 839 1978; x_wconf 82' lang='lat' dir='ltr'>Gaius</span> <span class='ocrx_word' id='word_1_231' title='bbox 858 1933 899 1976; x_wconf 95' lang='lat' dir='ltr'>d.</span> <span class='ocrx_word' id='word_1_232' title='bbox 921 1935 976 1976; x_wconf 87' lang='lat'>24</span> <span class='ocrx_word' id='word_1_233' title='bbox 1006 1935 1164 1976; x_wconf 88' lang='lat' dir='ltr'>mensis</span> <span class='ocrx_word' id='word_1_234' title='bbox 1195 1935 1387 1976; x_wconf 90' lang='lat' dir='ltr'>Ianuarii</span> <span class='ocrx_word' id='word_1_235' title='bbox 1419 1949 1456 1976; x_wconf 88' lang='lat' dir='ltr'>a.</span> <span class='ocrx_word' id='word_1_236' title='bbox 1478 1935 1530 1977; x_wconf 89' lang='lat'>41</span> <span class='ocrx_word' id='word_1_237' title='bbox 1565 1935 1733 1976; x_wconf 91' lang='lat' dir='ltr'>occisus</span> <span class='ocrx_word' id='word_1_238' title='bbox 1764 1939 1838 1988; x_wconf 86' lang='lat' dir='ltr'>est,</span> <span class='ocrx_word' id='word_1_239' title='bbox 1872 1932 2079 1976; x_wconf 90' lang='lat' dir='ltr'>Claudius</span> 
     </span>
     <span class='ocr_line' id='line_1_26' title="bbox 360 2001 2078 2058; baseline 0 -15"><span class='ocrx_word' id='word_1_240' title='bbox 360 2017 459 2044; x_wconf 90' lang='lat' dir='ltr'>cum</span> <span class='ocrx_word' id='word_1_241' title='bbox 486 2003 531 2044; x_wconf 90' lang='lat' dir='ltr'>in</span> <span class='ocrx_word' id='word_1_242' title='bbox 561 2002 768 2058; x_wconf 89' lang='lat' dir='ltr'>palatium</span> <span class='ocrx_word' id='word_1_243' title='bbox 800 2016 845 2043; x_wconf 89' lang='lat' dir='ltr'>se</span> <span class='ocrx_word' id='word_1_244' title='bbox 875 2001 1131 2056; x_wconf 88' lang='lat' dir='ltr'>abdidisset,</span> <span class='ocrx_word' id='word_1_245' title='bbox 1174 2017 1196 2043; x_wconf 91' lang='lat' dir='ltr'>e</span> <span class='ocrx_word' id='word_1_246' title='bbox 1235 2001 1411 2044; x_wconf 89' lang='lat' dir='ltr'>latebris</span> <span class='ocrx_word' id='word_1_247' title='bbox 1451 2017 1478 2044; x_wconf 84' lang='lat' dir='ltr'>a</span> <span class='ocrx_word' id='word_1_248' title='bbox 1515 2001 1728 2044; x_wconf 85' lang='lat' dir='ltr'>militibus</span> <span class='ocrx_word' id='word_1_249' title='bbox 1768 2001 2003 2058; x_wconf 91' lang='lat' dir='ltr'>productus</span> <span class='ocrx_word' id='word_1_250' title='bbox 2035 2007 2078 2044; x_wconf 92' lang='lat' dir='ltr'>et</span> 
     </span>
     <span class='ocr_line' id='line_1_27' title="bbox 360 2069 2080 2127; baseline -0.001 -15"><span class='ocrx_word' id='word_1_251' title='bbox 360 2071 593 2126; x_wconf 88' lang='lat' dir='ltr'>imperator</span> <span class='ocrx_word' id='word_1_252' title='bbox 624 2070 834 2112; x_wconf 89' lang='lat' dir='ltr'>salutatus</span> <span class='ocrx_word' id='word_1_253' title='bbox 865 2071 909 2111; x_wconf 92' lang='lat' dir='ltr'>in</span> <span class='ocrx_word' id='word_1_254' title='bbox 940 2077 1080 2112; x_wconf 88' lang='lat' dir='ltr'>castra</span> <span class='ocrx_word' id='word_1_255' title='bbox 1118 2072 1334 2127; x_wconf 89' lang='lat' dir='ltr'>praetoria</span> <span class='ocrx_word' id='word_1_256' title='bbox 1372 2069 1540 2113; x_wconf 88' lang='lat' dir='ltr'>delatus</span> <span class='ocrx_word' id='word_1_257' title='bbox 1581 2077 1667 2124; x_wconf 78' lang='lat' dir='ltr'>est3</span> <span class='ocrx_word' id='word_1_258' title='bbox 1709 2085 1808 2112; x_wconf 88' lang='lat' dir='ltr'>cum</span> <span class='ocrx_word' id='word_1_259' title='bbox 1842 2070 1888 2111; x_wconf 92' lang='lat' dir='ltr'>in</span> <span class='ocrx_word' id='word_1_260' title='bbox 1929 2075 2080 2111; x_wconf 86' lang='lat' dir='ltr'>senatu</span> 
     </span>
     <span class='ocr_line' id='line_1_28' title="bbox 359 2137 2082 2195; baseline -0.001 -14"><span class='ocrx_word' id='word_1_261' title='bbox 359 2153 437 2195; x_wconf 88' lang='lat' dir='ltr'>per</span> <span class='ocrx_word' id='word_1_262' title='bbox 474 2138 654 2181; x_wconf 90' lang='lat' dir='ltr'>biduum</span> <span class='ocrx_word' id='word_1_263' title='bbox 694 2138 748 2179; x_wconf 89' lang='lat' dir='ltr'>de</span> <span class='ocrx_word' id='word_1_264' title='bbox 787 2138 984 2180; x_wconf 86' lang='lat' dir='ltr'>libertate</span> <span class='ocrx_word' id='word_1_265' title='bbox 1025 2138 1289 2180; x_wconf 88' lang='lat' dir='ltr'>restituenda</span> <span class='ocrx_word' id='word_1_266' title='bbox 1328 2138 1490 2181; x_wconf 87' lang='lat' dir='ltr'>frustra</span> <span class='ocrx_word' id='word_1_267' title='bbox 1528 2145 1672 2181; x_wconf 87' lang='lat' dir='ltr'>actum</span> <span class='ocrx_word' id='word_1_268' title='bbox 1703 2144 1834 2193; x_wconf 89' lang='lat' dir='ltr'>esset,</span> <span class='ocrx_word' id='word_1_269' title='bbox 1867 2137 2082 2180; x_wconf 89' lang='lat' dir='ltr'>Claudius</span> 
     </span>
     <span class='ocr_line' id='line_1_29' title="bbox 360 2205 2080 2266; baseline -0.001 -18"><span class='ocrx_word' id='word_1_270' title='bbox 360 2213 541 2266; x_wconf 33' lang='lat' dir='ltr'>postero·</span> <span class='ocrx_word' id='word_1_271' title='bbox 562 2206 631 2248; x_wconf 91' lang='lat' dir='ltr'>die</span> <span class='ocrx_word' id='word_1_272' title='bbox 662 2213 758 2262; x_wconf 91' lang='lat' dir='ltr'>post</span> <span class='ocrx_word' id='word_1_273' title='bbox 789 2205 872 2249; x_wconf 79' lang='lat' dir='ltr'>Grai</span> <span class='ocrx_word' id='word_1_274' title='bbox 902 2221 1052 2248; x_wconf 90' lang='lat' dir='ltr'>necem</span> <span class='ocrx_word' id='word_1_275' title='bbox 1081 2206 1236 2248; x_wconf 88' lang='lat' dir='ltr'>milites</span> <span class='ocrx_word' id='word_1_276' title='bbox 1267 2209 1312 2249; x_wconf 92' lang='lat' dir='ltr'>in</span> <span class='ocrx_word' id='word_1_277' title='bbox 1343 2222 1496 2248; x_wconf 91' lang='lat' dir='ltr'>nomen</span> <span class='ocrx_word' id='word_1_278' title='bbox 1529 2221 1652 2259; x_wconf 82' lang='lat' dir='ltr'>suum</span> <span class='ocrx_word' id='word_1_279' title='bbox 1683 2208 1824 2249; x_wconf 88' lang='lat' dir='ltr'>iurare</span> <span class='ocrx_word' id='word_1_280' title='bbox 1854 2220 2006 2262; x_wconf 88' lang='lat' dir='ltr'>passus</span> <span class='ocrx_word' id='word_1_281' title='bbox 2038 2211 2080 2248; x_wconf 88' lang='lat' dir='ltr'>et</span> 
     </span>
     <span class='ocr_line' id='line_1_30' title="bbox 362 2273 2078 2330; baseline 0 -14"><span class='ocrx_word' id='word_1_282' title='bbox 362 2275 462 2317; x_wconf 90' lang='lat' dir='ltr'>dein</span> <span class='ocrx_word' id='word_1_283' title='bbox 501 2275 556 2317; x_wconf 91' lang='lat' dir='ltr'>ab</span> <span class='ocrx_word' id='word_1_284' title='bbox 595 2274 792 2316; x_wconf 90' lang='lat' dir='ltr'>omnibus</span> <span class='ocrx_word' id='word_1_285' title='bbox 833 2275 1064 2330; x_wconf 90' lang='lat' dir='ltr'>imperator</span> <span class='ocrx_word' id='word_1_286' title='bbox 1095 2276 1266 2329; x_wconf 88' lang='lat' dir='ltr'>agnitus</span> <span class='ocrx_word' id='word_1_287' title='bbox 1298 2281 1363 2317; x_wconf 88' lang='lat' dir='ltr'>est</span> <span class='ocrx_word' id='word_1_288' title='bbox 1390 2274 1559 2318; x_wconf 69' lang='lat' dir='ltr'>Sueten.</span> <span class='ocrx_word' id='word_1_289' title='bbox 1587 2273 1653 2317; x_wconf 79' lang='lat' dir='ltr'>Ol.</span> <span class='ocrx_word' id='word_1_290' title='bbox 1679 2278 1732 2317; x_wconf 91' lang='grc'>10</span> <span class='ocrx_word' id='word_1_291' title='bbox 1761 2275 1815 2329; x_wconf 84' lang='lat' dir='ltr'>ef.</span> <span class='ocrx_word' id='word_1_292' title='bbox 1844 2273 1980 2328; x_wconf 78' lang='lat' dir='ltr'>Caliy.</span> <span class='ocrx_word' id='word_1_293' title='bbox 2013 2276 2078 2324; x_wconf 88' lang='lat'>60,</span> 
     </span>
     <span class='ocr_line' id='line_1_31' title="bbox 361 2341 2144 2398; baseline -0.001 -13"><span class='ocrx_word' id='word_1_294' title='bbox 361 2343 448 2385; x_wconf 74' lang='lat' dir='ltr'>Dio</span> <span class='ocrx_word' id='word_1_295' title='bbox 477 2346 543 2393; x_wconf 87' lang='lat'>60,</span> <span class='ocrx_word' id='word_1_296' title='bbox 569 2346 594 2384; x_wconf 91' lang='lat'><strong><em>1</em></strong></span> <span class='ocrx_word' id='word_1_297' title='bbox 626 2342 841 2394; x_wconf 79' lang='lat' dir='ltr'>(Zonaras</span> <span class='ocrx_word' id='word_1_298' title='bbox 870 2346 935 2393; x_wconf 90' lang='lat'>11,</span> <span class='ocrx_word' id='word_1_299' title='bbox 967 2345 1025 2398; x_wconf 88' lang='lat'>8),</span> <span class='ocrx_word' id='word_1_300' title='bbox 1057 2342 1159 2385; x_wconf 72' lang='lat' dir='ltr'>Viet.</span> <span class='ocrx_word' id='word_1_301' title='bbox 1188 2342 1307 2387; x_wconf 81' lang='lat' dir='ltr'>Caes.</span> <span class='ocrx_word' id='word_1_302' title='bbox 1328 2346 1366 2398; x_wconf 85' lang='lat'>3,</span> <span class='ocrx_word' id='word_1_303' title='bbox 1399 2343 1564 2398; x_wconf 77' lang='lat' dir='ltr'>Ioseph.</span> <span class='ocrx_word' id='word_1_304' title='bbox 1597 2346 1684 2385; x_wconf 79' lang='lat' dir='ltr'>aut.</span> <span class='ocrx_word' id='word_1_305' title='bbox 1715 2346 1781 2394; x_wconf 89' lang='lat'>19,</span> <span class='ocrx_word' id='word_1_306' title='bbox 1810 2345 1838 2384; x_wconf 88' lang='grc'><em>3</em></span> <span class='ocrx_word' id='word_1_307' title='bbox 1855 2355 1955 2396; x_wconf 73' lang='lat' dir='ltr'>sqq„</span> <span class='ocrx_word' id='word_1_308' title='bbox 1988 2341 2081 2384; x_wconf 86' lang='lat' dir='ltr'>bell.</span> <span class='ocrx_word' id='word_1_309' title='bbox 2141 2359 2144 2362; x_wconf 59' lang='lat'><strong><em>¹</em></strong></span> 
     </span>
     <span class='ocr_line' id='line_1_32' title="bbox 361 2409 2083 2466; baseline -0.002 -12"><span class='ocrx_word' id='word_1_310' title='bbox 361 2415 403 2461; x_wconf 94' lang='grc'>2,</span> <span class='ocrx_word' id='word_1_311' title='bbox 435 2414 499 2454; x_wconf 92' lang='grc'>11.</span> <span class='ocrx_word' id='word_1_312' title='bbox 559 2411 624 2454; x_wconf 88' lang='lat' dir='ltr'>Ti.</span> <span class='ocrx_word' id='word_1_313' title='bbox 657 2410 864 2454; x_wconf 89' lang='lat' dir='ltr'>Claudius</span> <span class='ocrx_word' id='word_1_314' title='bbox 895 2410 1057 2454; x_wconf 89' lang='lat' dir='ltr'>Caesar</span> <span class='ocrx_word' id='word_1_315' title='bbox 1087 2410 1310 2465; x_wconf 92' lang='lat' dir='ltr'>Augustus</span> <span class='ocrx_word' id='word_1_316' title='bbox 1342 2412 1624 2455; x_wconf 82' lang='lat' dir='ltr'>Germanicus</span> <span class='ocrx_word' id='word_1_317' title='bbox 1657 2411 1825 2466; x_wconf 76' lang='lat' dir='ltr'>passim</span> <span class='ocrx_word' id='word_1_318' title='bbox 1866 2410 1912 2452; x_wconf 79' lang='lat' dir='ltr'>in</span> <span class='ocrx_word' id='word_1_319' title='bbox 1946 2409 2083 2452; x_wconf 75' lang='lat' dir='ltr'>titulis</span> 
     </span>
     <span class='ocr_line' id='line_1_33' title="bbox 361 2478 2083 2535; baseline -0.001 -15"><span class='ocrx_word' id='word_1_320' title='bbox 361 2480 619 2533; x_wconf 69' lang='lat' dir='ltr'>mammisque</span> <span class='ocrx_word' id='word_1_321' title='bbox 640 2479 694 2532; x_wconf 81' lang='lat' dir='ltr'>ef.</span> <span class='ocrx_word' id='word_1_322' title='bbox 715 2479 877 2521; x_wconf 78' lang='lat' dir='ltr'>Eekhel</span> <span class='ocrx_word' id='word_1_323' title='bbox 902 2479 971 2522; x_wconf 91' lang='lat' dir='ltr'>VI</span> <span class='ocrx_word' id='word_1_324' title='bbox 973 2494 1022 2534; x_wconf 75' lang='lat' dir='ltr'>p.</span> <span class='ocrx_word' id='word_1_325' title='bbox 1039 2482 1124 2522; x_wconf 83' lang='grc'><strong><em>235</em></strong></span> <span class='ocrx_word' id='word_1_326' title='bbox 1144 2492 1242 2533; x_wconf 69' lang='lat' dir='ltr'>sqq„</span> <span class='ocrx_word' id='word_1_327' title='bbox 1272 2479 1413 2522; x_wconf 79' lang='lat' dir='ltr'>Coheu</span> <span class='ocrx_word' id='word_1_328' title='bbox 1433 2480 1467 2522; x_wconf 93' lang='lat' dir='ltr'><strong><em>I</em></strong></span> <span class='ocrx_word' id='word_1_329' title='bbox 1471 2479 1488 2504; x_wconf 80' lang='lat'><em>2</em></span> <span class='ocrx_word' id='word_1_330' title='bbox 1502 2494 1550 2534; x_wconf 74' lang='lat' dir='ltr'>p.</span> <span class='ocrx_word' id='word_1_331' title='bbox 1565 2481 1652 2522; x_wconf 87' lang='grc'><strong><em>250</em></strong></span> <span class='ocrx_word' id='word_1_332' title='bbox 1671 2492 1782 2533; x_wconf 85' lang='lat' dir='ltr'>sqq.,·</span> <span class='ocrx_word' id='word_1_333' title='bbox 1804 2478 2083 2535; x_wconf 86' lang='lat' dir='ltr'>praenomine</span> 
     </span>
     <span class='ocr_line' id='line_1_34' title="bbox 363 2545 2083 2603; baseline 0 -15"><span class='ocrx_word' id='word_1_334' title='bbox 363 2548 630 2603; x_wconf 87' lang='lat' dir='ltr'>imperatoris</span> <span class='ocrx_word' id='word_1_335' title='bbox 660 2546 868 2589; x_wconf 87' lang='lat' dir='ltr'>abstinuit</span> <span class='ocrx_word' id='word_1_336' title='bbox 898 2547 1068 2590; x_wconf 76' lang='lat' dir='ltr'>Sueten.</span> <span class='ocrx_word' id='word_1_337' title='bbox 1097 2547 1164 2591; x_wconf 80' lang='lat' dir='ltr'>Ol.</span> <span class='ocrx_word' id='word_1_338' title='bbox 1187 2551 1256 2590; x_wconf 93' lang='grc'>12.</span> <span class='ocrx_word' id='word_1_339' title='bbox 1310 2546 1472 2590; x_wconf 90' lang='lat' dir='ltr'>Consul</span> <span class='ocrx_word' id='word_1_340' title='bbox 1501 2547 1547 2590; x_wconf 89' lang='lat' dir='ltr'>II</span> <span class='ocrx_word' id='word_1_341' title='bbox 1575 2562 1612 2590; x_wconf 89' lang='lat' dir='ltr'>a.</span> <span class='ocrx_word' id='word_1_342' title='bbox 1640 2548 1707 2602; x_wconf 85' lang='lat'>42,</span> <span class='ocrx_word' id='word_1_343' title='bbox 1735 2547 1804 2589; x_wconf 91' lang='lat'>111</span> <span class='ocrx_word' id='word_1_344' title='bbox 1833 2562 1870 2591; x_wconf 88' lang='lat' dir='ltr'>a.</span> <span class='ocrx_word' id='word_1_345' title='bbox 1892 2547 1960 2600; x_wconf 85' lang='lat'>43,</span> <span class='ocrx_word' id='word_1_346' title='bbox 1991 2545 2083 2588; x_wconf 92' lang='lat'>1111</span> 
     </span>
     <span class='ocr_line' id='line_1_35' title="bbox 365 2613 2082 2670; baseline -0.002 -13"><span class='ocrx_word' id='word_1_347' title='bbox 365 2631 403 2658; x_wconf 91' lang='lat' dir='ltr'>a.</span> <span class='ocrx_word' id='word_1_348' title='bbox 433 2616 500 2670; x_wconf 88' lang='lat'>47,</span> <span class='ocrx_word' id='word_1_349' title='bbox 532 2615 574 2656; x_wconf 94' lang='lat' dir='ltr'><strong>V</strong></span> <span class='ocrx_word' id='word_1_350' title='bbox 601 2629 640 2657; x_wconf 87' lang='lat' dir='ltr'>a.</span> <span class='ocrx_word' id='word_1_351' title='bbox 671 2615 721 2657; x_wconf 93' lang='lat'>51</span> <span class='ocrx_word' id='word_1_352' title='bbox 756 2615 873 2668; x_wconf 73' lang='lat' dir='ltr'>fasti.</span> <span class='ocrx_word' id='word_1_353' title='bbox 932 2615 1132 2657; x_wconf 90' lang='lat' dir='ltr'>Mortuus</span> <span class='ocrx_word' id='word_1_354' title='bbox 1174 2622 1238 2657; x_wconf 89' lang='lat' dir='ltr'>est</span> <span class='ocrx_word' id='word_1_355' title='bbox 1278 2616 1439 2657; x_wconf 88' lang='lat' dir='ltr'>Romae</span> <span class='ocrx_word' id='word_1_356' title='bbox 1481 2614 1552 2663; x_wconf 85' lang='lat' dir='ltr'>die</span> <span class='ocrx_word' id='word_1_357' title='bbox 1591 2616 1644 2658; x_wconf 88' lang='lat'>13</span> <span class='ocrx_word' id='word_1_358' title='bbox 1684 2615 1842 2657; x_wconf 89' lang='lat' dir='ltr'>mensis</span> <span class='ocrx_word' id='word_1_359' title='bbox 1881 2613 2082 2657; x_wconf 88' lang='lat' dir='ltr'>Octobris</span> 
     </span>
     <span class='ocr_line' id='line_1_36' title="bbox 366 2681 2082 2739; baseline 0 -15"><span class='ocrx_word' id='word_1_360' title='bbox 366 2684 467 2725; x_wconf 90' lang='lat' dir='ltr'>anni</span> <span class='ocrx_word' id='word_1_361' title='bbox 497 2684 564 2733; x_wconf 84' lang='lat'>54,</span> <span class='ocrx_word' id='word_1_362' title='bbox 605 2690 653 2725; x_wconf 92' lang='lat' dir='ltr'>ut</span> <span class='ocrx_word' id='word_1_363' title='bbox 682 2682 812 2738; x_wconf 87' lang='lat' dir='ltr'>vulgo</span> <span class='ocrx_word' id='word_1_364' title='bbox 853 2683 1099 2739; x_wconf 85' lang='lat' dir='ltr'>putabatur,</span> <span class='ocrx_word' id='word_1_365' title='bbox 1132 2698 1298 2726; x_wconf 90' lang='lat' dir='ltr'>veneno</span> <span class='ocrx_word' id='word_1_366' title='bbox 1339 2685 1518 2738; x_wconf 88' lang='lat' dir='ltr'>occisus,</span> <span class='ocrx_word' id='word_1_367' title='bbox 1561 2684 1652 2725; x_wconf 87' lang='lat' dir='ltr'>sive</span> <span class='ocrx_word' id='word_1_368' title='bbox 1691 2682 1833 2725; x_wconf 84' lang='lat' dir='ltr'>boleto</span> <span class='ocrx_word' id='word_1_369' title='bbox 1871 2681 2082 2724; x_wconf 82' lang='lat' dir='ltr'>medicato</span> 
     </span>
     <span class='ocr_line' id='line_1_37' title="bbox 363 2750 2080 2807; baseline 0.001 -15"><span class='ocrx_word' id='word_1_370' title='bbox 363 2757 538 2807; x_wconf 87' lang='lat' dir='ltr'>accepto</span> <span class='ocrx_word' id='word_1_371' title='bbox 579 2752 670 2792; x_wconf 90' lang='lat' dir='ltr'>sive</span> <span class='ocrx_word' id='word_1_372' title='bbox 709 2766 874 2793; x_wconf 92' lang='lat' dir='ltr'>veneno</span> <span class='ocrx_word' id='word_1_373' title='bbox 915 2752 1069 2794; x_wconf 90' lang='lat' dir='ltr'>hausto</span> <span class='ocrx_word' id='word_1_374' title='bbox 1115 2753 1211 2796; x_wconf 81' lang='lat' dir='ltr'>Tac.</span> <span class='ocrx_word' id='word_1_375' title='bbox 1245 2767 1284 2797; x_wconf 89' lang='lat' dir='ltr'>a.</span> <span class='ocrx_word' id='word_1_376' title='bbox 1322 2756 1392 2803; x_wconf 93' lang='grc'>12,</span> <span class='ocrx_word' id='word_1_377' title='bbox 1425 2755 1587 2803; x_wconf 80' lang='grc'><strong><em>66-69,</em></strong></span> <span class='ocrx_word' id='word_1_378' title='bbox 1621 2751 1792 2795; x_wconf 78' lang='lat' dir='ltr'>Sueten.</span> <span class='ocrx_word' id='word_1_379' title='bbox 1829 2750 1896 2793; x_wconf 82' lang='lat' dir='ltr'>Ol.</span> <span class='ocrx_word' id='word_1_380' title='bbox 1928 2752 2080 2805; x_wconf 78' lang='lat'>44-45,</span> 
     </span>
     <span class='ocr_line' id='line_1_38' title="bbox 368 2818 2082 2877; baseline -0.001 -15"><span class='ocrx_word' id='word_1_381' title='bbox 368 2819 472 2862; x_wconf 78' lang='lat' dir='ltr'>Ner.</span> <span class='ocrx_word' id='word_1_382' title='bbox 493 2822 559 2869; x_wconf 84' lang='lat'>33,</span> <span class='ocrx_word' id='word_1_383' title='bbox 581 2818 670 2861; x_wconf 78' lang='lat' dir='ltr'>Dio</span> <span class='ocrx_word' id='word_1_384' title='bbox 690 2822 754 2869; x_wconf 87' lang='lat'>60,</span> <span class='ocrx_word' id='word_1_385' title='bbox 775 2822 828 2862; x_wconf 78' lang='lat'>34</span> <span class='ocrx_word' id='word_1_386' title='bbox 850 2820 1064 2874; x_wconf 77' lang='lat' dir='ltr'>(Zonaras</span> <span class='ocrx_word' id='word_1_387' title='bbox 1083 2824 1148 2871; x_wconf 90' lang='grc'>11,</span> <span class='ocrx_word' id='word_1_388' title='bbox 1170 2823 1253 2877; x_wconf 90' lang='grc'>11),</span> <span class='ocrx_word' id='word_1_389' title='bbox 1277 2820 1398 2866; x_wconf 73' lang='lat' dir='ltr'>Plin.</span> <span class='ocrx_word' id='word_1_390' title='bbox 1418 2834 1458 2863; x_wconf 75' lang='lat' dir='ltr'>n.</span> <span class='ocrx_word' id='word_1_391' title='bbox 1480 2820 1519 2865; x_wconf 80' lang='lat' dir='ltr'>h.</span> <span class='ocrx_word' id='word_1_392' title='bbox 1541 2823 1584 2871; x_wconf 85' lang='grc'>2,</span> <span class='ocrx_word' id='word_1_393' title='bbox 1607 2823 1665 2863; x_wconf 91' lang='grc'><strong><em>92</em></strong></span> <span class='ocrx_word' id='word_1_394' title='bbox 1672 2833 1686 2871; x_wconf 89' lang='grc'><em>;</em></span> <span class='ocrx_word' id='word_1_395' title='bbox 1703 2823 1769 2870; x_wconf 89' lang='grc'>11,</span> <span class='ocrx_word' id='word_1_396' title='bbox 1790 2821 1896 2870; x_wconf 86' lang='grc'>189;</span> <span class='ocrx_word' id='word_1_397' title='bbox 1915 2821 1989 2869; x_wconf 83' lang='grc'>22,</span> <span class='ocrx_word' id='word_1_398' title='bbox 2010 2821 2082 2868; x_wconf 78' lang='lat'>42,</span> 
     </span>
     <span class='ocr_line' id='line_1_39' title="bbox 367 2886 2082 2942; baseline -0.001 -12"><span class='ocrx_word' id='word_1_399' title='bbox 367 2886 567 2930; x_wconf 71' lang='lat' dir='ltr'>Martial.</span> <span class='ocrx_word' id='word_1_400' title='bbox 582 2890 621 2937; x_wconf 88' lang='lat'>1,</span> <span class='ocrx_word' id='word_1_401' title='bbox 638 2890 708 2937; x_wconf 88' lang='grc'>20,</span> <span class='ocrx_word' id='word_1_402' title='bbox 725 2890 764 2937; x_wconf 81' lang='grc'>4,</span> <span class='ocrx_word' id='word_1_403' title='bbox 787 2888 977 2930; x_wconf 76' lang='lat' dir='ltr'>Juvenal.</span> <span class='ocrx_word' id='word_1_404' title='bbox 996 2890 1036 2939; x_wconf 89' lang='lat'>5,</span> <span class='ocrx_word' id='word_1_405' title='bbox 1051 2891 1133 2931; x_wconf 82' lang='grc'>147</span> <span class='ocrx_word' id='word_1_406' title='bbox 1137 2902 1150 2940; x_wconf 90' lang='grc'>,·</span> <span class='ocrx_word' id='word_1_407' title='bbox 1170 2892 1208 2938; x_wconf 91' lang='grc'><strong><em>6,</em></strong></span> <span class='ocrx_word' id='word_1_408' title='bbox 1227 2892 1310 2932; x_wconf 88' lang='grc'>621</span> <span class='ocrx_word' id='word_1_409' title='bbox 1331 2902 1423 2931; x_wconf 85' lang='lat' dir='ltr'>eum</span> <span class='ocrx_word' id='word_1_410' title='bbox 1443 2888 1582 2939; x_wconf 71' lang='lat' dir='ltr'>schol„</span> <span class='ocrx_word' id='word_1_411' title='bbox 1607 2887 1770 2942; x_wconf 75' lang='lat' dir='ltr'>Ioseph.</span> <span class='ocrx_word' id='word_1_412' title='bbox 1793 2890 1880 2930; x_wconf 78' lang='lat' dir='ltr'>aut.</span> <span class='ocrx_word' id='word_1_413' title='bbox 1896 2890 1967 2937; x_wconf 90' lang='grc'>20,</span> <span class='ocrx_word' id='word_1_414' title='bbox 1985 2888 2026 2937; x_wconf 87' lang='grc'>8,</span> <span class='ocrx_word' id='word_1_415' title='bbox 2043 2890 2082 2929; x_wconf 92' lang='grc'>1.</span> 
     </span>
    </p>

    <p class='ocr_par' dir='ltr' id='par_1_6' title="bbox 367 2954 2088 3420">
     <span class='ocr_line' id='line_1_40' title="bbox 454 2954 2084 3011; baseline 0 -14"><span class='ocrx_word' id='word_1_416' title='bbox 454 2954 641 3010; x_wconf 86' lang='lat' dir='ltr'>Sponsas</span> <span class='ocrx_word' id='word_1_417' title='bbox 682 2954 912 2997; x_wconf 88' lang='lat' dir='ltr'>admodum</span> <span class='ocrx_word' id='word_1_418' title='bbox 954 2955 1207 2998; x_wconf 86' lang='lat' dir='ltr'>adulescens</span> <span class='ocrx_word' id='word_1_419' title='bbox 1246 2955 1353 2998; x_wconf 87' lang='lat' dir='ltr'>duas</span> <span class='ocrx_word' id='word_1_420' title='bbox 1393 2955 1567 2998; x_wconf 86' lang='lat' dir='ltr'>habuit:</span> <span class='ocrx_word' id='word_1_421' title='bbox 1608 2954 1838 2997; x_wconf 87' lang='lat' dir='ltr'>Aemiliam</span> <span class='ocrx_word' id='word_1_422' title='bbox 1873 2954 2084 3011; x_wconf 82' lang='lat' dir='ltr'>Lepidam</span> 
     </span>
     <span class='ocr_line' id='line_1_41' title="bbox 367 3014 2083 3080; baseline 0 -16"><span class='ocrx_word' id='word_1_423' title='bbox 367 3022 554 3076; x_wconf 89' lang='lat' dir='ltr'>Augusti</span> <span class='ocrx_word' id='word_1_424' title='bbox 584 3029 847 3078; x_wconf 89' lang='lat' dir='ltr'>proneptem,</span> <span class='ocrx_word' id='word_1_425' title='bbox 883 3038 1013 3079; x_wconf 90' lang='lat' dir='ltr'>quam</span> <span class='ocrx_word' id='word_1_426' title='bbox 1033 3025 1246 3079; x_wconf 86' lang='lat' dir='ltr'>virginem</span> <span class='ocrx_word' id='word_1_427' title='bbox 1276 3014 1418 3066; x_wconf 84' lang='lat' dir='ltr'>adhuc</span> <span class='ocrx_word' id='word_1_428' title='bbox 1447 3023 1706 3080; x_wconf 88' lang='lat' dir='ltr'>repudiavit,</span> <span class='ocrx_word' id='word_1_429' title='bbox 1738 3022 1854 3079; x_wconf 91' lang='lat' dir='ltr'>quod</span> <span class='ocrx_word' id='word_1_430' title='bbox 1883 3028 2083 3079; x_wconf 87' lang='lat' dir='ltr'>parentes</span> 
     </span>
     <span class='ocr_line' id='line_1_42' title="bbox 369 3089 2088 3146; baseline 0.001 -14"><span class='ocrx_word' id='word_1_431' title='bbox 369 3091 458 3132; x_wconf 90' lang='lat' dir='ltr'>eius</span> <span class='ocrx_word' id='word_1_432' title='bbox 480 3089 652 3144; x_wconf 75' lang='lat' dir='ltr'>(scilieet</span> <span class='ocrx_word' id='word_1_433' title='bbox 671 3090 721 3131; x_wconf 92' lang='lat' dir='ltr'>L.</span> <span class='ocrx_word' id='word_1_434' title='bbox 743 3090 951 3133; x_wconf 70' lang='lat' dir='ltr'>Aemilius</span> <span class='ocrx_word' id='word_1_435' title='bbox 971 3091 1155 3134; x_wconf 75' lang='lat' dir='ltr'>Paullus</span> <span class='ocrx_word' id='word_1_436' title='bbox 1183 3105 1264 3135; x_wconf 84' lang='lat' dir='ltr'>eos.</span> <span class='ocrx_word' id='word_1_437' title='bbox 1286 3106 1325 3134; x_wconf 89' lang='lat' dir='ltr'>a.</span> <span class='ocrx_word' id='word_1_438' title='bbox 1349 3095 1375 3134; x_wconf 95' lang='lat'><strong><em>1</em></strong></span> <span class='ocrx_word' id='word_1_439' title='bbox 1394 3106 1442 3146; x_wconf 79' lang='lat' dir='ltr'>p.</span> <span class='ocrx_word' id='word_1_440' title='bbox 1464 3090 1508 3135; x_wconf 83' lang='grc' dir='ltr'>Ο.</span> <span class='ocrx_word' id='word_1_441' title='bbox 1540 3094 1579 3133; x_wconf 81' lang='lat' dir='ltr'>et</span> <span class='ocrx_word' id='word_1_442' title='bbox 1598 3091 1718 3133; x_wconf 78' lang='lat' dir='ltr'>Iulia</span> <span class='ocrx_word' id='word_1_443' title='bbox 1746 3091 1881 3145; x_wconf 75' lang='lat' dir='ltr'>neptis</span> <span class='ocrx_word' id='word_1_444' title='bbox 1899 3090 2088 3146; x_wconf 74' lang='lat' dir='ltr'>Auyusti</span> 
     </span>
     <span class='ocr_line' id='line_1_43' title="bbox 369 3156 2087 3215; baseline 0.002 -16"><span class='ocrx_word' id='word_1_445' title='bbox 369 3158 424 3211; x_wconf 79' lang='lat' dir='ltr'>ef.</span> <span class='ocrx_word' id='word_1_446' title='bbox 458 3157 502 3198; x_wconf 87' lang='lat' dir='ltr'>A</span> <span class='ocrx_word' id='word_1_447' title='bbox 535 3157 635 3211; x_wconf 85' lang='grc'><strong><em>295)</em></strong></span> <span class='ocrx_word' id='word_1_448' title='bbox 676 3156 923 3212; x_wconf 88' lang='lat' dir='ltr'>Augustum</span> <span class='ocrx_word' id='word_1_449' title='bbox 964 3159 1253 3215; x_wconf 88' lang='lat' dir='ltr'>offenderant,</span> <span class='ocrx_word' id='word_1_450' title='bbox 1300 3166 1343 3202; x_wconf 94' lang='lat' dir='ltr'>et</span> <span class='ocrx_word' id='word_1_451' title='bbox 1380 3160 1550 3209; x_wconf 84' lang='lat' dir='ltr'>Liviam</span> <span class='ocrx_word' id='word_1_452' title='bbox 1588 3158 1892 3213; x_wconf 88' lang='lat' dir='ltr'>Medullinam,</span> <span class='ocrx_word' id='word_1_453' title='bbox 1933 3159 2003 3201; x_wconf 88' lang='grc' dir='ltr'>011ἰ</span> <span class='ocrx_word' id='word_1_454' title='bbox 2043 3164 2087 3202; x_wconf 83' lang='lat' dir='ltr'>et</span> 
     </span>
     <span class='ocr_line' id='line_1_44' title="bbox 371 3224 2083 3284; baseline 0.002 -19"><span class='ocrx_word' id='word_1_455' title='bbox 371 3239 607 3279; x_wconf 89' lang='lat' dir='ltr'>cognomen</span> <span class='ocrx_word' id='word_1_456' title='bbox 638 3224 846 3267; x_wconf 83' lang='lat' dir='ltr'>Camillae</span> <span class='ocrx_word' id='word_1_457' title='bbox 877 3234 978 3281; x_wconf 91' lang='lat' dir='ltr'>erat,</span> <span class='ocrx_word' id='word_1_458' title='bbox 1021 3243 1149 3283; x_wconf 92' lang='lat' dir='ltr'>quam</span> <span class='ocrx_word' id='word_1_459' title='bbox 1180 3229 1271 3284; x_wconf 91' lang='lat' dir='ltr'>ipso</span> <span class='ocrx_word' id='word_1_460' title='bbox 1303 3227 1383 3282; x_wconf 91' lang='lat' dir='ltr'>die,</span> <span class='ocrx_word' id='word_1_461' title='bbox 1417 3229 1490 3284; x_wconf 93' lang='lat' dir='ltr'>qui</span> <span class='ocrx_word' id='word_1_462' title='bbox 1523 3233 1614 3270; x_wconf 87' lang='lat' dir='ltr'>erat</span> <span class='ocrx_word' id='word_1_463' title='bbox 1642 3227 1805 3283; x_wconf 90' lang='lat' dir='ltr'>nuptiis</span> <span class='ocrx_word' id='word_1_464' title='bbox 1835 3226 2083 3282; x_wconf 87' lang='lat' dir='ltr'>destinatus,</span> 
     </span>
     <span class='ocr_line' id='line_1_45' title="bbox 371 3291 2082 3350; baseline 0.002 -17"><span class='ocrx_word' id='word_1_465' title='bbox 371 3308 427 3334; x_wconf 85' lang='lat' dir='ltr'>ex</span> <span class='ocrx_word' id='word_1_466' title='bbox 453 3291 702 3334; x_wconf 88' lang='lat' dir='ltr'>valetudine</span> <span class='ocrx_word' id='word_1_467' title='bbox 733 3294 875 3336; x_wconf 89' lang='lat' dir='ltr'>amisit</span> <span class='ocrx_word' id='word_1_468' title='bbox 905 3293 975 3348; x_wconf 82' lang='lat' dir='ltr'>(ef.</span> <span class='ocrx_word' id='word_1_469' title='bbox 1009 3296 1070 3338; x_wconf 74' lang='lat' dir='ltr'>tit.</span> <span class='ocrx_word' id='word_1_470' title='bbox 1101 3295 1374 3350; x_wconf 75' lang='lat' dir='ltr'>sepulcralem</span> <span class='ocrx_word' id='word_1_471' title='bbox 1404 3295 1491 3337; x_wconf 82' lang='lat' dir='ltr'>eius</span> <span class='ocrx_word' id='word_1_472' title='bbox 1517 3295 1566 3337; x_wconf 92' lang='lat' dir='ltr'><strong>X</strong></span> <span class='ocrx_word' id='word_1_473' title='bbox 1582 3293 1894 3350; x_wconf 36' lang='lat' dir='ltr'>6561).Sueton.</span> <span class='ocrx_word' id='word_1_474' title='bbox 1924 3293 1991 3337; x_wconf 83' lang='lat' dir='ltr'>Ol.</span> <span class='ocrx_word' id='word_1_475' title='bbox 2011 3296 2082 3337; x_wconf 89' lang='grc'><strong><em>26.</em></strong></span> 
     </span>
     <span class='ocr_line' id='line_1_46' title="bbox 373 3360 2085 3420; baseline -0.001 -15"><span class='ocrx_word' id='word_1_476' title='bbox 373 3361 542 3405; x_wconf 84' lang='lat' dir='ltr'>onres</span> <span class='ocrx_word' id='word_1_477' title='bbox 573 3360 729 3402; x_wconf 89' lang='lat' dir='ltr'>deinde</span> <span class='ocrx_word' id='word_1_478' title='bbox 749 3361 875 3403; x_wconf 88' lang='lat' dir='ltr'>duxit</span> <span class='ocrx_word' id='word_1_479' title='bbox 899 3364 1082 3418; x_wconf 88' lang='lat' dir='ltr'>primam</span> <span class='ocrx_word' id='word_1_480' title='bbox 1103 3363 1318 3406; x_wconf 88' lang='lat' dir='ltr'>Plautiam</span> <span class='ocrx_word' id='word_1_481' title='bbox 1337 3362 1655 3418; x_wconf 87' lang='lat' dir='ltr'>Vrgulanillam</span> <span class='ocrx_word' id='word_1_482' title='bbox 1685 3361 1933 3420; x_wconf 88' lang='lat' dir='ltr'>triumphali</span> <span class='ocrx_word' id='word_1_483' title='bbox 1961 3367 2085 3420; x_wconf 84' lang='lat' dir='ltr'>patre</span> 
     </span>
    </p>
   </div>
  </div>
 </body>
</html>
