2202 3730
313 295 556 334 CLAVDIVS
1170 285 1253 326 352
1863 290 2108 327 CLAVDIVS

481 425 670 467 Dubium
700 425 772 471 est,
810 424 953 462 utrum
994 419 1052 461 ad
1080 423 1252 474 patrem
1291 434 1348 461 an
1379 419 1437 461 ad
1463 419 1599 475 filium
1629 420 1875 474 pertineant
1902 419 1949 461 hi
1977 420 2112 462 tituli:

397 493 494 536 CIA
529 492 617 534 III
637 493 720 533 485
760 489 990 531 Hadriano
1022 488 1190 542 positus
1229 487 1292 530 ἐπὶ
1334 488 1473 544 ἱερέως
1507 488 1564 532 Tc.
1596 486 1659 530 Κλ
1677 520 1886 539 ........
1917 487 2000 531 ibd.
2032 490 2111 531 675

396 564 421 617 ἡ
454 562 575 618 βουλὴ
607 560 669 600 καὶ
699 559 719 599 ὁ
752 557 891 612 [δῆμος
919 557 984 598 τὸν
1016 555 1436 613 ὑπατι]κὸν·’1ἰβέρι[ον
1467 555 1680 610 Κλαύδιον]
1713 553 1875 599 Ἀττικὸν
1907 555 2109 614 “Ηρώ[ὃην

395 628 663 684 Μαραθώνιον
693 626 758 667 τὸν
790 622 1043 680 [εὐεργέτην],
1079 623 1288 677 Ephesius
1320 622 1427 666 CIG
1456 626 1572 667 2978
1602 656 1611 665 .
1729 621 1894 667 Ἀττικὸν
1925 622 2110 681 Ἡρώδην

397 728 573 745 .......
622 693 785 736 Troade
823 695 1013 746 repertus
1051 692 1236 734 incertae
1276 691 1465 734 lectionis
1496 689 1604 734 CIG
1631 694 1738 734 3579
1770 725 1807 735 ..
1840 691 1898 735 Τι.
1930 690 1968 734 Κ
1985 725 1994 734 .
2013 724 2023 734 .
2043 725 2052 734 .
2072 724 2081 734 .
2100 724 2109 734 .

394 780 496 807 τικον
531 794 649 812 .....
692 761 768 803 ubi
802 774 903 802 num
944 761 1110 801 omnino
1152 759 1260 801 alter
1296 763 1391 802 uter
1427 763 1682 802 memoratus
1718 760 1796 814 sit,
1830 773 2010 814 prorsus
2047 760 2110 801 in-

396 835 551 873 eertum
581 833 651 873 est.

480 900 546 942 Ti.
589 897 795 940 Claudius
835 895 1006 938 Atticus
1044 896 1238 937 Herodes
1279 895 1435 938 dicitur
1473 896 1536 939 vel
1575 895 1794 939 dicebatur
1832 899 1860 938 t.
1901 899 2002 947 1-8,
2043 895 2109 939 Ti.

398 967 605 1011 Claudius
636 965 805 1007 Atticus
835 968 873 1006 9.
904 968 974 1007 12.
1006 967 1070 1014 14,
1104 963 1312 1006 Claudius
1342 963 1513 1006 Atticus
1543 968 1607 1006 10.
1638 967 1703 1007 11.
1733 967 1798 1006 13.
1830 967 1884 1006 15
1894 977 1908 1016 ,·
1938 963 2112 1017 Atticus

392 1036 558 1091 passim
587 1035 632 1076 in
663 1034 718 1074 iis
748 1032 883 1074 titulis
911 1033 1004 1086 filii,
1036 1032 1113 1074 ubi
1140 1032 1207 1074 hic
1235 1035 1507 1086 nuncupatur
1527 1031 1712 1090 Ἡρώδης
1732 1031 1897 1075 Ἀττικοῦ
1924 1046 1961 1075 υ.
1992 1033 2111 1086 infra

396 1105 470 1146 sub
501 1103 603 1158 filio,
663 1100 795 1155 Apud
821 1101 1045 1154 scriptores
1073 1099 1256 1142 Atticus.

481 1171 617 1213 Filius
639 1170 724 1223 (Ti.
748 1169 935 1221 Claudii)
961 1168 1199 1224 Hipparchi
1215 1168 1468 1213 Philostrat.
1488 1170 1559 1212 vit.
1581 1168 1697 1223 soph.
1713 1172 1757 1219 2,
1777 1172 1813 1223 1,
1830 1172 1870 1220 3,
1883 1183 2112 1223 perperam

397 1238 616 1283 Plutarchi
650 1237 810 1280 Suidas
844 1250 877 1278 s.
907 1250 943 1278 v.
977 1235 1172 1294 Ἡρώδης.
1234 1238 1504 1293 Μαραθώνιος
1543 1240 1567 1278 t.
1602 1241 1640 1280 1.
1670 1240 1775 1280 2-6.
1810 1241 1846 1281 7.
1877 1240 1916 1280 8.
1947 1241 2016 1281 12.
2046 1240 2110 1290 15,

395 1309 440 1350 id
469 1311 528 1350 est
558 1322 578 1348 e
609 1306 724 1348 demo
755 1305 1075 1346 Atheniensium
1106 1304 1385 1346 Marathonio
1418 1305 1634 1347 oriundus.
1686 1304 1797 1347 Cum
1823 1304 1947 1347 bonis
1977 1306 2111 1362 patris

394 1375 620 1433 publicatis
649 1389 814 1430 pauper
844 1373 982 1414 faetus
1010 1379 1133 1427 esset,
1167 1374 1420 1414 immensum
1454 1373 1701 1415 thesaurum
1732 1374 1909 1428 invenit,
1942 1374 1995 1415 de
2025 1388 2111 1430 quo

394 1445 448 1487 ad
470 1445 658 1486 Nervam
681 1444 984 1498 imperatorem
1006 1442 1199 1497 scripsit-3
1232 1441 1332 1483 inde
1352 1441 1477 1483 homo
1505 1442 1731 1497 praedives
1753 1441 2008 1485 Philostrat.
2029 1442 2061 1484 l.
2084 1442 2110 1486 l.

393 1513 599 1555 Fortasse
634 1511 701 1553 hic
739 1510 1037 1563 intelleqendus
1076 1513 1136 1551 est
1171 1509 1360 1552 Juvenal.
1391 1513 1470 1551 sat.
1501 1513 1565 1559 11,
1598 1514 1622 1552 1
1657 1509 1855 1565 ‘Atticus,
1889 1511 2045 1552 eximie
2076 1511 2110 1552 si

339 1626 347 1633 ,
394 1588 540 1630 cenat,
582 1580 721 1621 lautus
762 1578 965 1620 videtin-³.
1032 1577 1243 1631 Quomodo
1284 1578 1450 1630 queindo
1484 1578 1615 1620 latum
1647 1578 1808 1620 clavum
1840 1578 2014 1633 adeptus
2042 1578 2110 1628 sit,

392 1649 500 1691 nihil
531 1648 728 1696 traditur,
760 1646 840 1688 sed
870 1645 1156 1699 probabiliter
1178 1646 1356 1699 ponitur
1389 1660 1480 1687 cum
1510 1646 1562 1687 ab
1594 1647 1846 1700 imperatore
1878 1647 2022 1688 Nerva
2050 1646 2113 1688 ‘cel

398 1718 585 1759 Traiano
605 1717 651 1757 in
673 1713 975 1768 amplissimum
997 1713 1181 1755 ordinem
1205 1714 1411 1755 adlectum
1433 1727 1530 1755 csse.
1559 1713 1719 1756 Consul
1742 1717 1769 1756 t.
1787 1718 1840 1757 10
1862 1715 1916 1768 cf.
1935 1715 2110 1768 Sopatr.

389 1785 554 1839 proloy.
578 1783 758 1825 Aristid.
781 1783 868 1824 III
882 1796 930 1836 p.
953 1785 1028 1823 739
1054 1781 1114 1823 ed.
1137 1781 1334 1835 Dindorf
1357 1780 1576 1838 (Ἡρώδης)
1609 1784 1686 1824 ἀπὸ
1719 1785 1878 1826 ὑπάτων
1907 1786 2112 1840 κατήγετο,

392 1852 590 1904 suffectus
631 1865 742 1892 anno
782 1851 937 1892 incerto
985 1850 1062 1891 sub
1109 1850 1296 1891 Traiano
1336 1853 1382 1891 ut
1418 1850 1604 1901 videtum
1646 1852 1665 1893 ὃ
1709 1853 1894 1907 σοφιστὴς
1927 1850 2113 1908 Ἡρώδης

396 1922 520 1964 ἐτέλει
552 1921 620 1976 μὲν
654 1921 697 1962 ἐν.
728 1918 909 1974 πατέρων
943 1920 983 1964 ἐς
1012 1920 1101 1964 τοὺς
1132 1920 1359 1964 ὂιςυπάτους
1380 1918 1584 1962 Philostr.
1613 1918 1638 1962 l.
1672 1919 1696 1962 l.
1728 1923 1771 1969 2,
1802 1923 1839 1969 1,
1871 1923 1909 1969 1,
1941 1921 1962 1963 ὁ
1994 1921 2112 1962 αὐτοῦ

397 1990 468 2042 (Ξ
501 1988 700 2043 Herodis)
732 1989 856 2043 πατὴρ
893 1990 972 2033 τοῖς
1013 1989 1228 2033 ὂιςυπάτοις
1269 1987 1569 2043 συγκατελέχθη
1608 1987 1767 2029 Suidas
1800 1988 1825 2029 l.
1869 1988 1894 2032 l.
1961 1988 2113 2041 Quam-

395 2072 521 2112 quam
560 2056 640 2098 tali
681 2057 728 2097 in
770 2069 816 2097 re
855 2055 1103 2097 auctoritati
1138 2056 1356 2097 verborum
1382 2055 1681 2111 perplexorum
1712 2055 1972 2098 Philostrati
1998 2055 2116 2108 haud

395 2128 458 2168 ita
496 2125 671 2167 multum
712 2124 954 2173 tribuerim,
992 2123 1100 2165 nihil
1139 2123 1323 2173 Suidae,
1354 2137 1496 2164 verum
1527 2136 1611 2165 esse
1631 2126 1773 2177 potest
1800 2124 1989 2166 Atticum
2019 2120 2113 2174 con-

395 2194 525 2237 sult-'m
554 2194 706 2235 iterum
736 2191 953 2243 suffectum
990 2205 1073 2233 csse
1112 2192 1187 2233 sub
1226 2192 1466 2234 Hadriano.
1528 2191 1765 2233 Proconsul
1795 2191 1925 2234 Asiae
1955 2192 2114 2235 Suidas

397 2263 423 2304 l.
454 2262 505 2312 l.;
536 2265 581 2303 at
610 2274 700 2302 cum
721 2263 950 2314 praeterea
978 2259 1142 2313 reliqua
1172 2274 1278 2313 quae
1306 2263 1415 2302 recte
1443 2259 1491 2302 dc
1517 2260 1642 2302 rebus
1661 2260 1911 2314 familiaque
1930 2260 2115 2303 Herodis

397 2344 442 2372 eo
483 2330 619 2382 capite
650 2327 812 2371 Suidae
852 2327 1092 2378 traduntur,
1136 2328 1301 2370 omnino
1342 2342 1362 2369 e
1400 2329 1488 2370 rita
1517 2327 1773 2369 Philostrati
1800 2328 1990 2370 derivata
2016 2330 2113 2379 sint,

397 2398 469 2451 qui
499 2400 537 2438 et
565 2397 814 2439 nominatim
846 2396 1059 2446 laudatur,
1091 2396 1171 2438 illa
1212 2399 1349 2438 autem
1378 2410 1483 2449 quae
1512 2410 1539 2438 a
1566 2396 1830 2438 Philostrato
1862 2397 2112 2451 discrepant,

395 2479 479 2507 non
519 2468 606 2506 tam
647 2478 697 2506 ecc
734 2463 819 2505 alio
860 2464 974 2517 fonte
1003 2463 1158 2505 hausta
1186 2477 1313 2517 quam
1342 2478 1393 2506 cx-
1420 2464 1669 2506 narratione
1698 2463 1955 2506 Philostrati
1980 2464 2114 2519 neyle-

393 2536 536 2586 yenter
567 2532 762 2574 adhibita
790 2535 828 2573 et
858 2535 1058 2586 corrupta
1076 2546 1160 2586 per
1190 2532 1369 2575 Suidam
1399 2532 1462 2574 rel
1486 2533 1633 2586 potius
1654 2547 1737 2586 per
1766 2536 1977 2575 auctorem
2005 2533 2116 2576 unde

394 2600 560 2655 pendet,
596 2603 690 2642 orta
721 2613 804 2642 esse
834 2600 1068 2650 rideantur,
1090 2600 1420 2654 proconsulatus
1439 2600 1510 2642 ille
1532 2600 1681 2651 Attici,
1713 2601 1786 2654 qui
1808 2602 1934 2644 unius
1955 2601 2116 2645 Suidae

399 2669 628 2711 testimonio
659 2669 808 2721 fertur,
840 2669 946 2710 satis
976 2669 1158 2723 infirmo,
1194 2682 1349 2719 vereor,
1380 2668 1652 2722 fundamento
1681 2669 1846 2711 nititur.
1905 2669 1987 2712 Est
2013 2683 2116 2713 sane

398 2751 472 2778 cur
491 2737 748 2790 suspicemur
767 2736 1114 2790 proconsulatum
1133 2736 1272 2778 Attici
1289 2737 1335 2778 in
1358 2736 1479 2778 nulla
1499 2736 1655 2783 aliare
1675 2737 1865 2790 positum
1885 2750 1970 2780 esse
1989 2751 2116 2791 quam

397 2806 442 2846 in
481 2804 590 2845 male
627 2804 836 2846 intellecta
878 2818 1022 2846 earum
1061 2818 1202 2846 rerum
1240 2805 1532 2855 enarratione,
1575 2819 1681 2858 quae
1711 2819 1739 2846 a
1768 2804 2033 2847 Philostrato
2067 2805 2116 2847 de

399 2875 639 2914 correctura
664 2873 894 2913 civitatium
914 2872 1059 2923 Asiae,
1090 2886 1176 2926 qua
1196 2872 1384 2915 Herodes
1414 2872 1529 2927 filius
1558 2873 1728 2926 functus
1758 2876 1828 2922 est,
1861 2874 1907 2915 in
1934 2873 2115 2916 medium

394 2939 593 2994 prolatae
628 2943 737 2983 sunt.
799 2938 1015 2996 Ἀρχιερεὺς
1055 2945 1134 2983 τῶν
1175 2941 1388 2998 Σεβαστῶν
1429 2943 1457 2982 t.
1488 2943 1592 2983 2-6.
1623 2942 1662 2984 8.
1693 2943 1760 2985 10.
1791 2944 1860 2983 12.
1890 2943 1943 2983 15
1974 2942 2116 2998 (ἱερεύς

400 3009 532 3061 t.13)‚
567 3007 627 3050 διὰ
657 3007 860 3063 προγόνων
894 3011 921 3050 t.
954 3012 1018 3058 15,
1053 3009 1114 3051 διὰ
1146 3010 1228 3065 βίου
1260 3011 1287 3052 t.
1317 3010 1356 3058 8,
1397 3015 1493 3064 post
1524 3023 1684 3050 annum
1717 3009 1796 3051 128
1828 3011 1856 3051 t.
1887 3012 1952 3052 13.
2013 3010 2115 3052 Fuit

401 3075 443 3115 in
474 3075 607 3128 vivis,
650 3090 747 3117 eum
779 3076 975 3117 Herodes
1014 3076 1128 3118 filius
1170 3082 1385 3118 corrector
1423 3076 1660 3118 civitatium
1699 3075 1929 3118 liberarum
1969 3075 2112 3132 Asiae,

400 3142 556 3184 Arrius
579 3142 822 3184 Antoninus
854 3145 943 3199 (qui
978 3150 1126 3200 postea
1146 3145 1248 3186 Pius
1271 3144 1511 3198 Augustus)
1542 3143 1773 3200 proconsul
1804 3143 1993 3186 eiusdem
2020 3160 2113 3201 pro-

400 3211 567 3251 vinciae
589 3217 699 3252 esset
720 3211 782 3265 (id
800 3215 859 3253 est
885 3212 999 3253 circa
1020 3226 1059 3253 a.
1079 3214 1158 3254 135
1179 3212 1233 3265 cf.
1254 3225 1387 3266 supra
1402 3211 1444 3253 A
1466 3212 1593 3266 1257)
1613 3211 1818 3255 Philostr.
1843 3212 1869 3254 l.
1889 3212 1915 3255 l.
1936 3212 1968 3267 ἕ
1982 3216 2026 3256 4.
2047 3217 2114 3256 17.

402 3277 503 3319 Oeam
526 3278 713 3319 Herodes
742 3279 857 3333 filius
887 3280 1165 3321 sacerdotium
1192 3281 1284 3321 iure
1313 3280 1569 3322 hereditario
1598 3281 1745 3322 inisset
1771 3281 1862 3322 vivo
1886 3280 2115 3323 Hadriano

400 3345 567 3399 efiolA
583 3346 670 3388 III
677 3349 769 3396 478,
780 3348 966 3400 sequitur
976 3348 1165 3389 Atticum
1183 3348 1290 3390 diem
1307 3349 1458 3390 obiisse
1471 3348 1547 3390 sub
1563 3348 1688 3403 finem
1703 3349 1873 3402 imperii
1881 3348 2112 3391 Hadriani.
