2202 3730
142 283 405 320 ANTISTIVS
1024 276 1079 320 85
1688 281 1952 318 ANTISTIVS

144 416 227 459 587
256 421 520 458 ANTISTIVS
550 421 840 469 ADVENTVS,
872 414 1041 470 legatus
1070 413 1261 470 Augusti
1290 429 1356 471 pr.
1387 429 1452 470 pr.
1484 413 1773 469 (Britanniae)
1803 427 1954 457 memo-

229 487 355 527 ratur
383 485 430 527 in
456 487 484 526 t.
515 483 774 526 Britannico
805 484 901 527 VII
922 488 1004 527 940
1029 483 1190 526 saeculi
1217 483 1284 526 II.

146 553 229 596 588
260 560 303 604 Q.
335 559 599 595 ANTISTIVS
629 553 952 608 ADV[ENTVS],
989 552 1158 608 legatus
1187 551 1485 607 Augustorum
1518 549 1688 608 (Marci
1715 556 1755 595 et
1785 551 1884 595 Veri
1909 556 1958 594 ut

227 622 407 678 videtur)
439 637 502 678 pr.
531 637 595 678 pr.
628 621 875 677 (Arabiae),
908 621 1062 664 consul
1092 621 1344 676 designatus
1374 621 1464 663 III
1486 624 1545 664 92
1569 641 1625 656 =
1644 621 1955 665 Lebas-Wad-

230 690 404 745 dinyton
433 693 542 733 1944
571 694 598 732 t.
630 690 883 733 Bostranus.
942 690 1000 732 In
1039 689 1180 744 lapide
1220 693 1364 732 extare
1404 689 1591 732 traditur
1631 696 1676 732 Ο.
1706 694 1953 742 ANTISTIO,

227 758 338 800 unde
367 758 655 813 Waddinyton
684 759 875 812 primam
914 771 1064 800 nomen
1093 758 1278 812 periisse
1318 758 1516 812 opinatus
1545 757 1754 813 „eoeempli
1778 758 1953 813 qratia“

226 828 455 882 proposuit
484 826 549 882 [C.
580 826 721 881 Aeli]o
752 826 941 869 Antistio
973 830 1061 877 etc„
1094 826 1166 868 vix
1194 829 1303 869 recte
1323 829 1446 880 puto.

143 895 227 939 589
258 903 302 947 Q.
322 902 584 938 ANTISTIVS
605 902 873 937 ADVENTVS
894 901 1173 938 POSTVMIVS
1199 901 1483 946 AQVILINVS.
1522 895 1674 938 Tituli:
1701 896 1740 938 T
1739 895 1958 938 bibilitcmi

228 965 371 1007 Revue
392 964 708 1018 arche'oloyique
727 964 853 1006 XXI
866 963 1006 1019 (1893)
1029 979 1078 1018 p.
1094 967 1176 1006 396
1197 961 1271 1018 (1),
1292 964 1366 1017 qui
1386 977 1553 1006 cursam
1579 964 1786 1006 honorum
1811 964 1957 1022 ordine

230 1035 392 1075 inverso
418 1032 594 1083 exhibet,
623 1032 746 1075 VIII
755 1033 802 1076 S.
813 1035 951 1075 18893
967 1031 1030 1085 (2)
1048 1046 1161 1074 anno
1182 1035 1263 1074 164
1274 1033 1455 1086 positas,
1479 1035 1615 1075 18893
1635 1032 1867 1088 (3).18906
1883 1031 1956 1087 (4),

227 1102 410 1155 fortasse
426 1100 484 1143 ad
496 1100 606 1142 hunc
619 1101 837 1154 pertinent
850 1100 1062 1154 frustatae
1078 1104 1106 1142 t.
1125 1100 1382 1142 Thi'bditani
1398 1100 1521 1143 VIII
1528 1100 1575 1143 S.
1588 1103 1726 1143 18899
1732 1115 1746 1152 ;
1760 1101 1956 1144 Batavus

229 1168 488 1219 Brambach„
520 1169 815 1223 inscriptiones
843 1168 1079 1211 Rhenanae
1107 1182 1150 1210 n.
1170 1171 1224 1211 55
1253 1168 1326 1223 (5),
1357 1169 1434 1210 ubi
1463 1183 1555 1211 cum
1577 1183 1840 1223 praenomen
1869 1169 1960 1212 Gai

230 1238 472 1280 dubitanter
487 1237 622 1279 editor
636 1237 907 1292 supplevisset
923 1238 976 1290 cf.
982 1252 1030 1291 p.
1043 1237 1138 1279 XX
1146 1236 1246 1287 VII,
1265 1237 1531 1279 scribendum
1547 1251 1632 1280 esse
1648 1237 1700 1291 Q.
1715 1237 1857 1280 docuit
1877 1240 1906 1280 t.
1917 1240 1956 1281 1.

343 1306 485 1349 Plena
520 1306 693 1348 nomina
724 1305 888 1348 exhibet
930 1309 958 1349 t.
989 1309 1032 1355 2,
1066 1339 1076 1348 .
1095 1338 1104 1347 .
1123 1338 1132 1347 .
1152 1339 1161 1347 .
1181 1338 1190 1347 .
1208 1339 1217 1348 .
1251 1306 1471 1348 Postumio
1503 1305 1604 1359 (sic,
1637 1320 1731 1348 cum
1762 1309 1790 1348 t.
1822 1306 1854 1349 2
1883 1306 1958 1348 ad-

229 1376 371 1417 mittat
409 1375 538 1417 etiam
577 1374 826 1428 Postumus)
866 1373 1106 1430 Aq[u]ilin0
1145 1377 1369 1428 supersunt
1408 1375 1454 1415 in
1492 1377 1520 1416 t.
1549 1378 1597 1424 1,
1651 1373 1705 1427 Q.
1744 1374 1960 1417 Antistius

230 1443 458 1486 Adventus
488 1444 623 1485 Postu
640 1476 803 1485 ......
820 1442 935 1484 linus
967 1443 1012 1484 in
1043 1446 1070 1484 t.
1097 1446 1136 1492 4,
1170 1442 1254 1497 [Q]
1283 1442 1498 1485 Antistius
1518 1442 1748 1485 Adventus
1779 1447 1806 1485 t.
1832 1446 1871 1486 5.
1902 1469 1959 1473 —

230 1512 284 1565 Q.
316 1511 345 1554 f.
377 1515 405 1556 t.
436 1514 475 1554 1.
505 1515 553 1562 4,
584 1510 777 1553 Antonia
808 1511 958 1553 Prisca
985 1517 1122 1553 mater
1153 1514 1181 1553 t.
1211 1515 1254 1561 2,
1288 1510 1405 1552 tribu
1436 1510 1623 1563 Quirina
1651 1515 1679 1555 t.
1711 1515 1750 1555 1.
1800 1512 1960 1554 IHIvir

228 1581 398 1622 viarum
438 1579 730 1622 curandarum
769 1583 798 1622 t.
829 1583 867 1623 1.
897 1583 944 1630 4,
986 1579 1184 1622 tribunus
1225 1578 1411 1621 militum
1452 1578 1635 1634 legionis
1665 1580 1688 1622 I
1716 1580 1960 1621 Minerviae

230 1651 329 1706 piae
357 1648 518 1704 fidelis,
556 1654 760 1705 quaestor
788 1664 853 1705 pr.
887 1663 952 1704 pr.
986 1649 1236 1705 provinciae
1266 1647 1568 1702 Macedoniae,
1611 1645 1727 1691 sevir
1766 1649 1960 1705 equitum

230 1720 543 1773 Romanorum,
586 1717 788 1760 tribunus
832 1716 991 1774 plebis,
1041 1717 1211 1772 legatus
1255 1732 1320 1773 pr.
1366 1732 1430 1773 pr.
1476 1718 1728 1774 provinciae
1772 1717 1960 1772 Africae,

230 1793 424 1843 praetor,
467 1786 634 1840 legatus
668 1786 782 1841 Aug.
825 1785 1006 1841 legionis
1041 1786 1106 1828 VI
1145 1786 1353 1828 Ferratae
1391 1792 1434 1828 et
1472 1786 1687 1828 secundae
1724 1786 1960 1828 Adiutricis

230 1854 462 1897 translatus
492 1856 537 1896 in
568 1870 662 1897 eam
693 1854 967 1911 expeditione
989 1853 1193 1897 Parthica
1222 1854 1510 1908 (imperato-ris
1541 1854 1655 1909 Veri)
1687 1858 1714 1897 t.
1737 1858 1762 1897 1
1791 1854 1959 1909 legatus

188 1962 198 1963 -
230 1923 412 1979 legionis
452 1924 497 1966 Π
535 1923 778 1966 Adiutricis
822 1938 860 1967 a.
904 1923 987 1966 164
1027 1926 1055 1965 t.
1086 1927 1139 1973 2,
1186 1938 1275 1979 qua
1318 1923 1631 1979 (expeditione)
1672 1922 1858 1966 donatus
1898 1930 1962 1965 est

230 1992 354 2034 donis
393 1991 652 2034 militaribus
696 2006 856 2034 corona
893 1990 1049 2034 murali
1087 1990 1241 2033 vallari
1285 2006 1418 2034 aurea
1461 1991 1596 2034 hastis
1641 1992 1762 2047 puris
1806 1991 1957 2044 tribus,

230 2067 404 2103 curator
432 2075 611 2117 operum
640 2060 918 2115 locorumque
947 2059 1233 2116 publicorum,
1264 2059 1430 2114 legatus
1460 2059 1647 2114 Augusti
1678 2059 1734 2102 ad
1765 2066 1959 2116 praeten-

234 2135 375 2171 turam
405 2128 556 2171 Italiae
587 2135 629 2171 et
655 2128 832 2185 Alpium
862 2128 1138 2184 expeditione
1168 2129 1432 2172 Gemanica
1461 2127 1749 2182 (ifnmeratoris
1780 2127 1957 2182 Marci),

230 2197 381 2239 consul
423 2197 640 2253 (suffectus
686 2212 726 2240 a.
770 2198 926 2240 incerto
966 2197 1043 2239 sub
1090 2197 1269 2247 Marco,
1316 2197 1500 2250 fortasse
1540 2198 1628 2238 iam
1672 2200 1769 2238 ante
1813 2211 1960 2239 curam

232 2279 403 2320 operum
432 2265 719 2320 publicorum)
761 2269 789 2309 t.
830 2269 877 2316 1,
922 2265 1089 2319 legatus
1129 2264 1318 2319 Augusti
1356 2279 1420 2320 pr.
1456 2280 1521 2321 pr.
1563 2265 1812 2320 provinciae
1852 2265 1958 2308 Ger-

230 2335 401 2376 maniae
429 2334 643 2376 inferioris
674 2337 702 2376 t.
724 2337 762 2376 1.
791 2336 831 2376 5.
855 2358 907 2364 —
941 2333 1153 2376 Sacerdos
1181 2332 1360 2375 Fetialis
1391 2336 1420 2374 t.
1449 2337 1487 2375 1.
1508 2357 1565 2362 ——
1584 2332 1729 2374 Novia
1758 2331 1960 2388 Crispina

229 2417 342 2445 uxor
372 2403 464 2444 eius
495 2405 524 2445 t.
544 2406 588 2452 2,
619 2402 670 2446 L.
693 2402 908 2444 Antistius
932 2401 1181 2444 Mundicius
1201 2401 1369 2443 Burrus
1398 2401 1538 2455 frater
1565 2400 1629 2443 vel
1657 2401 1774 2455 filius
1804 2404 1832 2443 t.
1854 2405 1897 2445 2.
1916 2405 1956 2444 3.

146 2471 230 2513 590
261 2470 554 2514 Ο.“Αῃῒ.ἰειίηε
585 2470 778 2527 Auspex,
815 2476 1072 2526 procurator
1103 2469 1217 2524 Aug.
1247 2470 1337 2512 III
1357 2472 1466 2513 5173
1496 2473 1524 2512 t.
1553 2469 1751 2511 Noricus.

145 2539 224 2582 591
261 2546 306 2582 L.
327 2546 589 2582 ANTISTIVS
620 2545 829 2594 BVRRVS,
862 2537 1011 2581 consul
1038 2554 1076 2580 a.
1100 2538 1178 2580 181
1214 2553 1311 2580 cum
1341 2539 1599 2595 imperatore
1620 2537 1857 2581 Commodo
1877 2539 1958 2583 III.

231 2610 288 2651 In
326 2609 568 2651 consulatu:
608 2609 658 2651 L.
694 2607 911 2650 Antistius
950 2607 1118 2649 Burrus
1160 2606 1228 2649 VI
1251 2610 1349 2650 213.
1390 2610 1486 2651 725.
1527 2610 1648 2657 1979,
1686 2606 1862 2660 Ephem.
1895 2623 1956 2662 cp.

230 2680 269 2727 5,
289 2680 370 2720 465
390 2697 446 2712 z
466 2676 592 2719 VIII
605 2676 651 2719 S.
675 2678 826 2726 14428,
858 2675 1074 2717 Antistius
1105 2675 1272 2717 Burrus
1302 2675 1371 2718 VI
1381 2678 1463 2717 861
1483 2695 1539 2709 =-—
1559 2675 1607 2716 X
1624 2678 1745 2726 1791,
1778 2675 1820 2717 V
1835 2679 1956 2726 7907,

231 2746 311 2788 ΙΧ
325 2749 447 2796 4697,
479 2745 735 2800 Latyschew,
758 2744 1052 2798 inscriptiones
1075 2744 1196 2798 reyni
1214 2743 1462 2798 Bosporani
1480 2743 1541 2786 II
1552 2747 1636 2794 20,·
1666 2743 1773 2785 alibi
1792 2743 1958 2785 Burrus

231 2814 350 2868 fasti.
409 2814 529 2857 Idem
563 2813 728 2855 videtur
757 2812 974 2855 Antistius
1005 2812 1194 2867 Burrus,
1232 2826 1361 2868 quem
1390 2812 1600 2855 Pertinax
1630 2811 1771 2853 dictus
1802 2818 1867 2853 est
1896 2812 1958 2853 in-

233 2882 454 2925 simulasse
479 2882 594 2939 apud
614 2881 898 2925 Commodum
923 2881 1109 2923 affectati
1131 2881 1301 2936 imperii
1330 2881 1402 2922 vit.
1423 2880 1586 2922 Pertin.
1607 2883 1646 2930 3,
1668 2883 1708 2930 7,
1731 2883 1770 2922 et
1789 2880 1957 2921 Burrus

231 2953 391 2994 sororis
408 2950 633 2994 Commodi
654 2951 853 3006 (fortasse
868 2949 1073 2992 Aureliae
1094 2948 1243 2991 Vibiae
1263 2947 1469 3003 Sabinae)
1491 2949 1570 3003 vir,
1593 2963 1723 3004 quem
1744 2947 1960 2990 Cleander
1977 2976 1980 2977 ν

234 3020 279 3061 in
310 3020 599 3076 suspicionem
629 3019 752 3074 regni
787 3019 974 3061 affectati
1009 3018 1143 3060 traxit
1172 3024 1215 3059 et
1243 3016 1400 3059 occidit
1430 3016 1574 3059 multis
1604 3016 1711 3071 aliis,
1746 3017 1819 3072 qui
1850 3016 1957 3058 Bur-

233 3103 329 3130 rum
350 3087 652 3143 defendebant,
676 3088 839 3144 pariter
859 3087 1125 3142 interemptis
1145 3086 1217 3129 vit.
1246 3085 1464 3128 Commodi
1481 3089 1519 3136 6,
1546 3089 1611 3129 11.
1636 3110 1686 3114 -
1706 3084 1772 3138 Cf.
1794 3099 1836 3126 n.
1858 3087 1956 3127 592.

148 3157 232 3200 592
261 3164 305 3201 L.
335 3163 598 3199 ANTISTIVS
639 3162 835 3199 BVRRVS
862 3161 1153 3209 ADVENTVS,
1197 3153 1327 3196 salius
1364 3153 1588 3196 Palatinus
1627 3153 1766 3195 factus
1806 3168 1843 3194 a.
1877 3152 1957 3195 178

235 3225 304 3268 VI
325 3228 458 3277 1979;
491 3226 697 3268 incertum
737 3227 798 3267 est
834 3238 934 3266 num
965 3223 1074 3265 idem
1102 3223 1159 3264 sit
1189 3225 1312 3277 atque
1340 3222 1392 3264 L.
1423 3221 1639 3265 Antistius
1668 3222 1834 3264 Burrus
1863 3235 1957 3263 con-

235 3293 301 3336 sid
332 3307 372 3337 a.
393 3296 488 3336 181.

134 3361 233 3405 593
262 3360 476 3405 Antistius
508 3358 696 3420 Capella,
728 3361 942 3404 litterator
968 3360 1130 3404 latinus
1160 3358 1386 3403 Commodi
1415 3361 1487 3404 vit.
1516 3359 1734 3404 Commodi
1756 3362 1796 3411 1,
1818 3361 1856 3403 6.
