2202 3730
311 302 686 339 ANTIOCHIANVS
1183 294 1239 337 82
1834 300 2117 338 ANTIOCHVS
2157 331 2159 333 ,

397 433 634 488 Hadriani,
676 434 805 489 periit
843 447 940 474 cum
971 432 1230 487 imperatore
1260 432 1305 473 in
1335 430 1434 473 Nilo
1464 432 1677 487 navigans
1706 447 1744 474 a.
1769 433 1873 486 1303
1914 431 2121 475 cecidisse

398 517 496 544 eum
535 503 580 544 in
618 500 767 543 Nilum
805 499 1058 542 Hadrianus
1102 500 1194 555 ipse
1235 499 1430 555 scripsit,
1474 514 1571 542 cum
1615 500 1883 543 immolatum
1927 514 2021 542 csse
2064 500 2120 542 ab

396 570 620 614 Hadriano
659 568 730 610 vel
771 569 912 624 ipsum
952 582 998 610 se
1037 567 1280 609 immolasse
1320 582 1395 623 pro
1432 567 1657 610 Hadriano
1696 568 1771 611 alii
1811 569 2121 611 contenderent
2183 616 2188 621 ‚

394 639 466 680 vit.
498 637 637 679 Hadr.
671 640 734 687 14,
764 639 804 687 5,
835 635 924 678 Dio
954 636 981 678 l.
1014 636 1054 686 l.,
1093 636 1197 678 Vict.
1226 635 1347 678 Caes.
1379 639 1444 686 14,
1478 639 1514 686 7,
1545 636 1756 679 fflsebius
1784 637 1960 682 Armen.
1992 637 2050 680 acl
2078 652 2118 682 a.

395 707 503 748 Abr.
534 708 647 749 2143
686 725 740 739 =
771 708 874 755 127,
905 705 1189 759 Hieronymus
1229 704 1288 746 ad
1325 719 1364 746 a.
1396 704 1504 747 Abr.
1535 707 1636 749 2l45
1665 725 1721 740 =
1745 709 1858 758 Ὗ129;
1898 719 2010 748 anno
2039 709 2120 748 130

396 775 673 817 Hadrianum
700 774 782 816 iter
809 773 1118 828 Aeyyptiacum
1151 773 1299 827 fecisse
1327 776 1595 815 monumenta
1625 773 1771 816 docent
1799 774 1854 828 cf.
1885 773 2021 825 Durr,
2052 774 2120 817 die

395 843 551 885 Reisen
581 842 651 884 des
682 841 866 883 Kaisers
896 841 1122 883 Hadrians
1154 855 1201 895 p.
1231 844 1297 883 64.
1362 841 1415 883 In
1444 841 1652 884 honorem
1681 843 1837 884 mortui
1867 842 2119 885 Hadrianus

396 911 546 953 urbem
575 909 901 966 Antinoopolim
931 909 1046 965 apud
1076 908 1225 951 Nilum
1255 908 1450 951 condidit
1478 923 1528 951 eo
1559 908 1675 964 1000,
1717 925 1803 966 quo
1843 910 1916 952 ille
1953 910 2121 953 obierat

393 978 483 1020 Dio
516 978 542 1020 l.
575 978 616 1029 l„
647 978 895 1020 Pausanias
922 980 963 1028 8,
995 980 1034 1027 9,
1067 980 1104 1027 7,
1147 977 1251 1022 Vict.
1280 976 1400 1019 Caes.
1434 980 1499 1027 14,
1532 980 1569 1028 6,
1601 977 1857 1020 Ammianus
1883 981 1958 1029 22,
1986 981 2052 1030 16,
2074 982 2117 1029 2,

396 1046 681 1100 Hieronymus
712 1045 737 1088 l.
770 1045 808 1100 l.,
842 1045 1106 1100 Heyesippus
1133 1045 1253 1099 apud
1277 1045 1509 1087 Eusebium
1537 1045 1633 1088 hist.
1665 1046 1759 1088 eccl.
1781 1049 1820 1096 4,
1842 1049 1882 1097 8,
1920 1045 2117 1089 Chronic.

397 1114 550 1159 Pasch.
572 1129 620 1169 p.
641 1117 723 1157 475
763 1114 855 1169 (ubi
882 1113 995 1167 falso
1027 1113 1276 1156 Hadrianus
1317 1113 1470 1156 urbem
1509 1114 1754 1156 condidisse
1793 1114 1954 1156 dicitur
1991 1114 2032 1158 d.
2064 1115 2120 1157 30
2172 1148 2174 1150 ψ

396 1184 555 1225 mensis
585 1182 788 1226 Octobris
826 1181 985 1224 Aviola
1023 1188 1066 1223 et
1102 1182 1245 1224 Pansa
1284 1181 1533 1225 consulibus
1561 1202 1616 1217 =
1648 1197 1688 1225 a.
1719 1182 1836 1237 122),
1879 1182 2119 1226 Antinoum

394 1254 508 1294 inter
551 1251 655 1293 deos
704 1250 870 1293 rettulit
917 1257 960 1292 et
1013 1249 1171 1305 templa
1215 1249 1533 1307 simulacraque
1582 1251 1807 1293 constituit
1851 1251 1906 1305 cf.
1945 1255 2120 1306 praeter

395 1321 620 1374 scri10tores
648 1319 770 1362 modo
802 1318 998 1361 laudatos
1025 1332 1215 1361 nummos
1246 1319 1362 1373 apud
1380 1318 1540 1362 Eckhel
1561 1319 1587 1364 l.
1611 1319 1652 1370 l.,
1684 1320 1827 1362 titulos
1851 1319 1978 1362 XIV
1988 1323 2116 1371 2112,

395 1388 506 1432 IGI
539 1391 631 1430 960.
674 1391 753 1430 961
790 1408 843 1422 z
878 1386 989 1429 GIG
1019 1390 1141 1437 6007,
1183 1387 1294 1429 IGI
1327 1387 1424 1429 adol.
1466 1390 1588 1430 978α
1617 1403 1665 1442 p.
1694 1391 1787 1431 695.
1859 1387 2121 1430 Nominatur

397 1457 512 1512 repud
531 1457 736 1499 Photium
768 1456 866 1498 bibl.
889 1456 951 1498 II
962 1471 1009 1510 p.
1031 1458 1124 1506 535,
1162 1455 1410 1498 Tertullian.
1434 1455 1598 1510 apotoy.
1620 1459 1684 1506 13,
1718 1456 1777 1499 ad
1803 1457 1964 1501 nation.
1985 1459 2029 1507 2,
2051 1460 2118 1507 10,

396 1526 445 1568 ole
475 1539 631 1568 corona
661 1529 726 1575 13,
758 1524 959 1566 adversus
990 1524 1133 1567 Marc.
1155 1528 1193 1575 1,
1221 1527 1288 1569 18.

311 1595 394 1638 575
424 1594 760 1647 Antiochianus,
808 1608 920 1635 unus
965 1607 1020 1634 ex
1060 1593 1289 1649 praefectis
1329 1594 1545 1649 praetorio
1585 1593 1813 1648 Elagabali
1853 1609 1892 1637 a.
1924 1597 2004 1638 221
2045 1595 2118 1637 vit.

395 1663 586 1717 Elayab.
617 1666 682 1712 14,
708 1664 748 1703 8.
808 1661 927 1703 Idem
959 1664 1099 1715 potest
1129 1674 1214 1704 esse
1243 1660 1581 1716 Antiochianus,
1623 1661 1678 1703 ad
1709 1676 1839 1718 quem
1868 1661 2121 1705 Alexander

395 1747 433 1774 a.
450 1733 533 1774 222
555 1730 778 1786 rescripsit
798 1729 887 1771 cod.
907 1730 1063 1772 Iustin.
1085 1733 1122 1780 6,
1144 1732 1209 1780 35,
1230 1732 1269 1772 3.
1285 1755 1343 1760 —
1364 1730 1534 1785 (Aelius
1553 1730 1880 1786 Antiochianus,
1903 1731 2120 1773 Antonius

394 1798 709 1841 Antiochianus
738 1798 993 1840 decuriones
1023 1797 1161 1840 alares
1191 1804 1424 1840 veteranae
1455 1798 1648 1842 Gallicae
1678 1814 1717 1843 a.
1750 1799 1831 1841 199
1861 1799 1950 1842 ΙΙΙ
1970 1799 2055 1855 14).

311 1868 394 1910 576
425 1867 753 1921 Antiochianus,
786 1881 931 1908 rerum
956 1867 1140 1922 scriptor
1163 1866 1323 1909 librum
1345 1867 1400 1908 dc
1420 1866 1533 1909 bello
1561 1867 1763 1909 Parthico
1784 1868 1890 1910 Veri
1921 1867 2118 1923 confecit,

392 1940 522 1992 q'uem
561 1936 782 1992 inscripsit
813 1934 1082 1992 Ἀντιοχιανοῦ
1121 1940 1190 1978 τοῦ
1223 1934 1477 1982 ’Λπόλλωνος
1512 1937 1702 1993 ἱερονίκου
1738 1940 1816 1979 τῶν
1852 1937 1893 1979 ἐν
1925 1935 2119 1994 Ἀρμηνίᾳ

395 2006 460 2047 καὶ
489 2004 779 2061 Μεσοποταμίᾳ
808 2005 873 2046 καὶ
904 2005 945 2046 ἐν
976 2003 1113 2061 Μηδία
1143 2008 1208 2047 νῦν
1239 2003 1451 2061 Ῥωμαίοις
1480 2005 1740 2062 πραχθέντων
1770 2006 1951 2049 [facian.
1983 2019 2118 2060 quom.

395 2074 492 2115 hist.
525 2086 683 2115 conscr.
713 2075 781 2114 30.
2064 2075 2066 2077 ’

321 2165 379 2169 —
421 2147 634 2182 FLAVIVS
664 2146 1052 2184 ANTIOCHIANVS.

309 2209 391 2251 577
424 2208 662 2250 Antiochus
679 2209 772 2263 (II),
796 2223 851 2250 ex
870 2222 1029 2263 genere
1051 2221 1202 2263 regum
1217 2208 1541 2264 Commagenes,
1564 2209 1698 2251 frater
1712 2208 1978 2251 Mithridatis
1995 2209 2118 2263 (111);

395 2277 619 2332 Augustus
650 2291 748 2318 eum
779 2292 817 2319 a.
841 2277 923 2319 725
953 2297 1008 2311 =
1038 2277 1094 2319 29
1124 2277 1304 2319 Romam
1333 2278 1494 2320 accivit
1521 2283 1575 2333 et,
1608 2277 1726 2334 quod
1754 2277 1900 2319 fratris
1928 2277 2119 2332 legatum

395 2346 575 2387 Romam
606 2347 785 2387 missum
816 2345 1043 2400 occiderat,
1076 2345 1300 2388 damnavit
1329 2345 1631 2402 interfecitque
1661 2345 1749 2388 Dio
1777 2349 1848 2396 52,
1878 2349 1945 2388 43.
2013 2344 2119 2388 Cum

395 2415 483 2458 Dio
512 2419 577 2466 54,
619 2419 645 2458 9
683 2416 758 2457 sub
800 2430 840 2460 a.
873 2418 951 2457 734
984 2435 1038 2450 =
1067 2418 1126 2459 20
1169 2415 1333 2469 referat
1376 2416 1636 2473 (Αὔγουστος)
1676 2415 1900 2473 Μιθριδάτῃ
1939 2416 2010 2458 τινὶ
2048 2416 2118 2472 τὴν

395 2482 680 2542 Κομμαγηνήν,
717 2486 854 2541 ἐπειδὴ
884 2486 950 2527 τὸν
980 2485 1132 2541 πατέρα
1161 2485 1281 2528 αὐτοῦ
1311 2486 1332 2527 ὁ
1361 2485 1542 2542 βασιλεὺς
1572 2485 1692 2541 αὐτῆς
1722 2484 1948 2535 ἀπεκτόνει,
1977 2484 2117 2541 καίπερ

395 2554 588 2610 παιδίσκῳ
621 2552 676 2595 ἔτ’
708 2551 786 2595 ὄντι
814 2553 1021 2610 ἐπέτρεψε,
1061 2552 1163 2595 haec
1199 2567 1292 2595 cum
1318 2553 1468 2607 priore
1496 2552 1655 2595 Dionis
1681 2552 1888 2594 relatione
1916 2552 1982 2594 ita
2010 2565 2118 2594 com-

393 2621 504 2672 poni
541 2620 675 2662 solent
714 2634 764 2662 ac
791 2624 990 2675 possunt,
1027 2624 1075 2662 ut
1103 2621 1358 2663 Antiochum
1398 2624 1438 2662 et
1476 2621 1657 2674 leyatum
1686 2621 1841 2674 fratris
1870 2623 1910 2662 et
1938 2620 2120 2674 fratrem

392 2688 531 2740 ipsum
560 2689 820 2742 interfecisse
849 2692 1078 2739 statuatur,
1107 2689 1354 2731 damnatum
1384 2692 1523 2731 autem
1552 2702 1639 2731 esse
1670 2703 1697 2730 a
1715 2689 1924 2731 Romanis
1945 2687 2120 2742 potissi-

396 2769 509 2797 mum
541 2757 589 2798 ob
621 2757 689 2798 ius
708 2756 951 2799 Romanum
983 2757 1119 2811 leyato
1139 2757 1322 2799 Romam
1349 2758 1474 2799 misso
1504 2757 1724 2811 interfecto
1751 2757 1966 2799 violatum.
2014 2754 2120 2798 Cum

395 2824 535 2877 frater
560 2824 835 2867 Mithridatis
864 2829 979 2875 essct,
1008 2826 1093 2879 fuit
1122 2826 1238 2880 filius
1257 2825 1461 2868 Antiochi
1480 2825 1531 2880 (I
1522 2825 1547 2879 )
1577 2825 1821 2880 Epiphanis
1851 2829 1890 2867 et
1913 2824 2120 2867 Laodices

396 2893 449 2945 cf.
482 2893 947 2948 Lebas-Waoldinyton
977 2897 1058 2936 136
1068 2894 1097 2935 cl
1126 2897 1166 2935 et
1193 2894 1313 2948 infra
1339 2908 1381 2936 n.
1403 2896 1498 2936 578.
1995 2886 2000 2890 ’

310 2961 393 3003 578
424 2960 667 3002 Antiochus
699 2961 815 3016 (III),
848 2976 928 3003 rex
948 2961 1338 3016 Commagenorum
1368 2961 1596 3003 defunctus
1626 2976 1664 3005 a.
1689 2961 1753 3015 17,
1785 2962 1908 3003 cuius
1937 2974 2119 3015 regnum

397 3029 576 3084 imperio
615 3029 808 3071 Romano
844 3030 1026 3071 accessit
1060 3030 1158 3072 Tac.
1191 3044 1230 3071 a.
1258 3033 1301 3080 2,
1327 3033 1386 3074 42
1415 3030 1469 3083 cf.
1498 3033 1541 3080 2,
1569 3032 1635 3080 56,
1668 3029 1832 3072 Strabo
1861 3032 1914 3071 16
1941 3043 1992 3084 p.
2023 3031 2116 3071 749.

394 3096 469 3138 Ad
497 3110 589 3138 eum
617 3097 883 3150 referendum
913 3111 1000 3140 esse
1028 3098 1312 3152 fraymentum
1344 3097 1459 3139 tituli
1481 3097 1619 3139 Attici
1644 3096 1750 3139 GIA
1779 3097 1868 3139 III
1887 3100 1969 3140 554
1998 3097 2118 3155 [βασι-

396 3164 483 3219 λέα]
518 3163 721 3221 Ἀντίοχον
762 3165 988 3222 [βασι]λε’ως
1026 3167 1271 3223 Μιθριδάτου
1316 3166 1412 3220 [υἱόν
1452 3198 1463 3208 .
1481 3164 1564 3220 ...]
1609 3179 1660 3207 eoe
1699 3164 1938 3207 litterarum
1976 3166 2118 3219 forma

397 3232 561 3275 Kohler
582 3232 724 3286 lapide
743 3233 875 3275 denuo
895 3235 1137 3276 examinato
1158 3234 1443 3288 comprobavit
1462 3233 1716 3276 Athenische
1737 3233 2067 3288 Mittheilunyen
2085 3235 2117 3276 Ι

397 3300 538 3355 (1876)
558 3315 608 3355 p.
628 3303 688 3344 28
718 3301 815 3345 aoln.
863 3301 1025 3344 Contra
1055 3303 1223 3345 titulum
1250 3302 1481 3357 Ephesium
1510 3302 1674 3344 Lebas-
1686 3301 1971 3356 Waddinyton
1999 3302 2120 3345 1360!

394 3383 480 3411 non
499 3370 716 3423 pertinere
747 3369 804 3411 ad
831 3369 1087 3423 Antiochum
1116 3371 1219 3422 III,
1253 3370 1311 3412 acl
1338 3384 1456 3423 quem
1484 3369 1735 3412 rettulerant
1764 3369 2050 3425 Waddinqton
2078 3372 2119 3412 et
