2202 3730
290 270 488 318 ATILivs
1155 263 1236 317 176
1891 266 2091 315 A'rimv's

376 410 484 465 Ayr.
504 413 570 460 40,
602 411 790 451 mortuus
819 408 952 463 iyitur
983 409 1144 465 leyatus
1166 410 1332 465 Syriae.
1389 408 1545 453 Consul
1572 407 1773 461 suffectus
1798 422 1910 452 anno
1935 408 2093 452 incerto

378 477 627 532 Vespasiani
653 480 702 518 ut
729 477 905 520 videtur.

295 547 402 589 1085
433 552 476 587 T.
508 551 705 587 ATILIVS
737 551 898 587 RVFVS
928 551 1176 601 TITIANVS,
1210 545 1357 588 consul
1389 561 1427 588 a.
1451 546 1530 588 127
1563 560 1661 605 eum
1681 545 1741 588 M.
1763 546 1904 589 Gavio
1927 544 2095 601 Squilla

376 612 614 656 Gallicano.
647 613 702 655 In
722 613 964 656 consulatu:
980 614 1109 668 plena
1128 614 1304 657 nomina
1324 616 1469 657 extant
1482 613 1946 668 Lebas-Waddinyton
1964 616 2096 665 1619,-

376 683 426 725 T.
459 680 561 725 Atil.
593 680 721 723 Titia.
762 681 864 735 (sive
894 682 998 737 Tit.)
1038 683 1085 724 in
1124 682 1274 736 teyulis
1312 682 1411 725 XV
1431 685 1551 726 1430.
1590 684 1709 724 1431.
1741 684 1874 732 1432,
1917 684 2095 724 ceterum

377 750 574 791 Titianus
608 749 727 802 fasti.
751 775 803 781 —-
830 749 881 791 Τ.
912 749 1070 792 Atilius
1100 750 1239 793 Rufus
1269 750 1470 793 Titianus
1498 750 1545 792 in
1574 749 1721 805 fistula
1741 749 1944 804 plumbea
1968 749 2098 792 Antii

374 821 543 872 reperta
572 817 621 859 X
647 819 767 860 6688.
829 816 896 871 Cf.
927 832 968 862 n.
993 821 1115 861 1091.

294 887 402 929 1086
432 892 475 927 T.
504 891 703 926 ATILIVS
734 891 966 936 SABINVS,
1008 891 1210 942 quaestor
1247 900 1325 942 pro
1362 891 1561 942 praetore
1600 885 1651 929 L.
1689 883 1837 929 Helvii
1873 884 2095 941 Agrippae

375 952 642 1010 proconsulis
674 952 900 996 Sardiniae
927 968 1075 995 mense
1105 954 1262 996 Martio
1292 969 1330 996 a.
1359 955 1414 997 69
1443 954 1495 996 X
1520 956 1631 998 7852
1660 956 1689 996 t.
1721 953 1902 998 Sardus,

319 1046 370 1052 —
402 1029 446 1065 L.
477 1027 660 1063 ARRIVS
690 1027 890 1064 ATILIVS
921 1028 1144 1064 SABINVS.

294 1091 398 1133 1087
431 1089 589 1132 Atilius
620 1089 822 1144 Scaurus,
856 1090 1019 1132 amicus
1049 1089 1180 1132 Plinii
1210 1089 1325 1132 Plz'n.
1344 1090 1471 1145 epist.
1498 1093 1535 1141 6,
1559 1092 1629 1134 25.

292 1159 399 1200 1088
431 1158 590 1201 Atilius
622 1157 833 1200 Serranus
872 1158 1118 1201 nominatur
1155 1159 1202 1201 in
1239 1161 1266 1203 t.
1298 1171 1509 1201 servorum
1538 1158 1616 1217 IX
1640 1161 1786 1201 3319a
1826 1161 1854 1201 t.
1886 1157 2095 1213 Superae-

375 1240 550 1281 quanus‚
582 1226 707 1269 XIV
721 1229 832 1269 2735
863 1229 890 1268 t.
928 1226 1205 1269 Tusculanus.

294 1296 401 1338 1089
431 1301 629 1337 ATILIVS
672 1301 895 1337 SEVERVS
937 1301 979 1336 et
1018 1294 1230 1337 Aemilius
1269 1295 1429 1337 Iuncus
1468 1294 1663 1337 consules
1703 1294 1748 1336 in
1788 1294 1967 1337 exilium
2008 1295 2095 1337 acti

376 1369 477 1405 sunt
498 1363 555 1418 (a.
576 1365 672 1419 183)
694 1363 783 1405 vita
804 1362 1021 1405 Commodi
1048 1365 1091 1413 4,
1118 1366 1195 1414 11‚·
1222 1361 1333 1405 unde
1361 1363 1527 1405 ratione
1556 1361 1706 1405 habita
1736 1365 1775 1405 et
1804 1362 1992 1405 auctoris
2021 1360 2095 1405 ad-

375 1431 542 1474 modum
579 1431 830 1486 neyleqentis
860 1434 899 1474 et
930 1431 1104 1482 aetatis,
1146 1445 1231 1486 qua
1258 1431 1414 1485 viginti
1443 1431 1634 1487 quinque
1663 1431 1860 1473 consules
1887 1432 1933 1472 in
1961 1445 2097 1473 unum

376 1514 536 1542 annum
576 1500 706 1542 creati
747 1505 846 1541 sunt
884 1498 971 1551 (vit.
1002 1497 1220 1542 Commodi
1247 1503 1285 1550 6,
1318 1502 1374 1555 9),
1417 1508 1681 1553 nequaquam
1720 1499 1963 1542 concludere
2002 1499 2097 1541 licet

375 1569 471 1611 illos
500 1568 630 1622 fuisse
652 1571 740 1622 par
779 1567 993 1609 consulum
1025 1566 1317 1619 suffectorum,
1359 1567 1470 1621 quod
1498 1568 1666 1610 omnino
1694 1567 1806 1621 falso
1839 1582 1879 1610 a.
1899 1570 1985 1611 182
2021 1564 2096 1609 ad»

375 1637 576 1692 scriffium
607 1639 678 1686 est,
710 1635 783 1678 sed
803 1635 1000 1679 Severum
1021 1639 1061 1678 et
1080 1637 1257 1678 Iuncum
1280 1635 1542 1678 consulatum
1567 1635 1740 1690 adeptos
1761 1649 1847 1678 esse
1865 1626 1934 1678 vel
1955 1650 1995 1678 a.
2017 1637 2098 1677 183

376 1706 438 1748 vel
467 1708 605 1748 antea.
629 1729 680 1733 —
709 1702 853 1746 Potest
879 1704 990 1746 idem
1020 1718 1105 1747 esse
1134 1705 1208 1758 qui
1235 1705 1435 1758 sequitur.

295 1775 402 1817 1090
432 1781 483 1818 M.
524 1778 723 1815 ATILIVS
766 1778 1012 1826 SEVERVS,
1060 1772 1110 1815 T.
1152 1772 1205 1823 f.,
1247 1787 1332 1815 cos.
1374 1771 1589 1825 (suffectus
1629 1786 1668 1819 a.
1699 1771 1890 1826 incerto),
1931 1770 2099 1815 VIIvir

378 1841 630 1899 epulonum,
672 1837 879 1897 patronus
919 1840 1131 1883 sodalium
1160 1840 1507 1883 Herculanorum
1535 1840 1712 1895 Ephem.
1744 1855 1807 1894 ep.
1841 1844 1869 1882 '7
1888 1855 1935 1895 p.
1956 1843 2039 1882 384
2069 1843 2097 1884 t.

376 1909 655 1953 suburbanus.
715 1908 783 1962 Of.
814 1923 856 1951 n.
884 1911 1007 1951 1089.
1586 1938 1590 1941 «

295 1980 399 2022 1091
432 1984 629 2019 ATILIVS
661 1983 908 2029 TITIANVS,
940 1977 1020 2020 sub
1048 1977 1126 2019 Pio
1156 1977 1347 2019 affectati
1378 1977 1545 2033 imperii
1566 1991 1665 2018 reus
1695 1991 1721 2018 a
1751 1982 1903 2019 senatu
1925 1976 2098 2020 damna-

378 2054 446 2089 tus
479 2052 564 2100 est3
592 2036 728 2087 filium
759 2060 926 2101 semper
955 2045 1126 2088 adiuvit
1155 2046 1260 2088 Pius
1294 2046 1366 2087 vit.
1397 2045 1474 2087 Pii
1503 2048 1540 2095 7,
1563 2047 1611 2087 3.
1669 2044 1814 2087 Potest
1842 2058 1928 2087 esse
1955 2044 2100 2087 consul

378 2130 417 2159 a.
430 2118 516 2157 127
535 2115 589 2168 cf.
609 2128 650 2156 n.
666 2116 786 2156 1085.
813 2113 1004 2155 Dubium
1021 2113 1185 2156 videtur
1203 2117 1345 2156 utrum
1366 2113 1572 2156 erraverit
1593 2112 1849 2168 bioyraphus
1864 2112 2097 2164 Hadriani,

378 2197 470 2225 cum
492 2183 692 2224 scriberet
715 2183 787 2224 vit.
808 2181 949 2224 Hadr.
966 2184 1030 2232 15,
1047 2186 1073 2223 1
1094 2182 1380 2236 (Hadrianus)
1402 2183 1620 2224 Titianum
1648 2187 1697 2223 ut
1716 2182 1933 2223 conscium
1954 2187 2099 2237 tyran-

377 2251 488 2293 nidis
531 2257 572 2292 et
611 2251 733 2304 argui
780 2265 930 2306 passus
973 2256 1037 2292 est
1077 2257 1119 2293 et
1159 2251 1383 2307 proscribi,
1426 2264 1483 2292 an
1521 2249 1598 2292 hoe
1637 2249 1726 2292 loco
1756 2249 1868 2291 alius
1902 2248 2098 2292 Titianus

375 2318 672 2373 intelleyendus
700 2318 768 2360 sit.

297 2388 403 2430 1092
434 2386 594 2429 Atilius
626 2385 833 2442 Vergilio,
862 2385 1115 2429 vexillarius
1146 2386 1332 2428 cohortis
1362 2387 1601 2443 praetoriae
1630 2401 1668 2429 a.
1691 2386 1746 2429 69
1782 2386 1882 2429 Tac.
1907 2384 1948 2428 h.
1969 2389 2008 2436 1,
2028 2389 2095 2437 41,

377 2455 596 2498 Plutarch.
627 2454 772 2497 Galba
801 2458 872 2499 26.
2113 2500 2119 2506 ,

296 2524 402 2566 1093
433 2523 492 2565 Μ.
523 2522 682 2565 Atilius
714 2522 899 2577 Vernus,
935 2522 994 2564 M.
1017 2522 1059 2578 f.‚
1089 2522 1205 2565 tribu
1233 2522 1340 2577 Gal,
1373 2537 1410 2566 a.
1432 2523 1459 2565 6
1490 2537 1531 2578 p.
1554 2521 1601 2565 O.
1633 2527 1839 2578 patronus
1870 2527 2095 2578 cooptatus

375 2607 402 2633 a
431 2592 605 2633 civitate
635 2590 1050 2633 Bocchoritanorum
1081 2606 1136 2633 ex
1165 2590 1308 2633 insula
1336 2590 1558 2633 Baliarum
1587 2591 1750 2633 maiore
1779 2589 1840 2632 II
1860 2591 1980 2632 3695.

295 2661 403 2702 1094
434 2658 592 2701 Atilius
608 2659 761 2714 Verus,
784 2660 949 2715 primus
971 2658 1084 2715 pilus
1105 2659 1286 2714 legionis
1303 2659 1391 2702 VII
1407 2658 1650 2702 Galbianae
1669 2673 1707 2703 a.
1719 2659 1774 2701 69
1796 2658 1893 2701 Tac.
1908 2657 1948 2700 h.
1963 2660 2003 2708 3,
2018 2659 2095 2701 22.
2149 2667 2152 2670 ’

295 2728 402 2770 1095
433 2733 605 2768 ATILIA
635 2733 906 2782 BALBILLA,
939 2728 990 2770 L.
1021 2727 1081 2783 f,
1099 2742 1210 2770 uxor
1237 2727 1297 2770 M.
1325 2726 1556 2769 Accennae
1587 2726 1808 2770 Saturnini
1837 2724 1919 2768 XI
1922 2725 2094 2782 V3585.

319 2820 376 2825 —
404 2802 552 2836 APPIA
583 2801 743 2837 ANNIA
773 2802 994 2838 REGILLA
1023 2803 1195 2838 ATILIA
1226 2802 1464 2838 OAVOIDIA
1491 2801 1770 2837 TERTVLLA.

321 2889 373 2895 —-
403 2870 550 2904 APPIA
570 2869 730 2905 ANNIA
750 2870 923 2906 ATILIA
944 2870 1165 2906 REGILLA
1184 2870 1421 2906 ELPINICE
1442 2869 1713 2905 AGRIPPINA
1733 2868 1887 2904 ATRIA
1917 2868 2093 2907 POLLA.

295 2932 403 2974 1096
433 2938 604 2973 ATILIA
634 2938 837 2983 RVFINA,
869 2932 1107 2975 clarissima
1135 2932 1295 2975 femina
1325 2932 1394 2975 VI
1414 2934 1534 2975 1355.
1561 2934 1680 2974 1363.

297 3000 403 3042 1097
434 2999 660 3055 Atimetus‚
692 3000 911 3043 Domitiae
941 3001 1125 3043 Neronis
1155 3002 1311 3044 amitae
1340 3000 1534 3056 libertus,
1567 3000 1855 3043 accusationis
1884 2998 2018 3041 falsae
2046 3000 2099 3042 in‘

377 3068 662 3124 Agrippinam
693 3083 730 3111 a.
754 3069 807 3111 55
838 3084 998 3124 poenas
1029 3069 1149 3112 dedit
1173 3070 1271 3113 Tac.
1295 3083 1334 3112 a.
1356 3072 1422 3120 13,
1443 3071 1608 3113 19-22.

318 3158 376 3165 *-
405 3142 448 3178 Τ.
479 3142 729 3178 HATERIVS
759 3143 918 3179 NEPOS
948 3143 1131 3180 ATINAS
1162 3143 1352 3180 PROBVS
1383 3143 1641 3179 PVBLIOIVS
1672 3140 2014 3178 MATENIANVS.

294 3205 402 3247 1098
433 3210 476 3247 T.
506 3210 707 3246 ATINIVS
739 3211 989 3260 TYRANVS,
1022 3206 1073 3250 T.
1104 3206 1146 3261 f.,
1180 3205 1333 3261 (tribu)
1365 3204 1521 3259 Fabia,
1554 3204 1673 3247 testis
1703 3209 1877 3246 senatus
1907 3203 2090 3247 consulti

377 3287 414 3314 a.
444 3272 524 3316 715
545 3291 600 3307 =
621 3273 676 3315 39
706 3288 743 3317 a.
777 3272 824 3318 O.
883 3273 1075 3317 Bulletin
1104 3274 1153 3317 de
1184 3272 1541 3328 correspondanee
1570 3271 1818 3326 Hellenique
1846 3271 1926 3314 XI
1947 3271 2090 3328 (1887)

372 3354 421 3395 p.
442 3343 534 3385 227
562 3339 653 3385 80.
683 3340 1014 3386 Panamarense.
