2202 3730
181 289 449 326 COSSONIVS
1043 283 1125 325 475
1824 283 1984 321 COTTA

182 421 291 464 1255
323 427 366 463 L.
390 421 702 476 GOSSO[NIVS],
735 421 873 463 HIvir
900 435 1000 462 aere
1031 421 1224 476 [argento
1254 434 1362 464 auro
1391 418 1537 462 flando
1567 416 1797 472 feriundo],
1828 417 1983 472 pont[i-

263 489 353 544 fex]
384 489 464 532 IX
491 493 609 533 1122
638 493 666 533 t.
697 489 973 532 Aeclanensis
1000 489 1186 532 mutilus.

181 558 291 600 1256
320 564 365 602 L.
389 564 656 600 COSSONIVS
677 564 856 600 EGGIVS
877 564 1160 611 MARVLLVS,
1183 556 1334 599 consul
1354 571 1466 598 anno
1485 556 1568 598 184
1587 569 1685 597 cum
1706 554 1785 599 Cn.
1807 554 1983 610 Papirio

263 626 458 669 Aeliano.
533 627 589 669 In
634 627 877 669 consulatu:
920 627 970 669 L.
1012 626 1247 669 Cossonius
1286 626 1452 680 Eggius
1492 623 1704 667 Marullus
1749 622 1818 665 VI
1848 626 1985 674 2099,-

262 694 313 736 L.
354 695 520 749 Eggius
559 694 770 737 Marullus
811 695 880 737 VI
911 698 995 738 723
1035 693 1297 750 (Maryllus).
1340 697 1463 743 1993,
1504 692 1584 735 IX
1616 694 1758 742 4686,“
1779 691 1828 733 X
1861 693 1980 741 5160,

262 763 370 805 XII
391 766 516 813 1782,
551 763 678 806 XIV
697 766 815 817 3663,
849 766 1028 805 ceterum
1056 762 1268 805 Marullus
1299 763 1414 816 fasti.

348 832 400 873 In
439 831 581 874 locum
619 832 669 874 L.
703 831 900 874 Cossonii
930 831 1060 886 Eggii
1091 830 1288 885 Marulli,
1330 830 1424 872 salii
1461 829 1668 883 Palatini,
1712 829 1786 885 qui
1826 827 1982 870 flamen

263 899 403 941 factus
448 899 628 955 collegio
674 900 861 953 exierat,
915 899 1024 941 alius
1070 905 1297 956 cooptatur
1338 914 1451 941 anno
1498 898 1580 941 170
1623 898 1692 940 VI
1727 900 1836 940 1978
1879 897 1986 951 fasti

260 968 478 1011 saliorum.
824 982 827 984 ·

209 1058 260 1064 —
291 1042 331 1078 C.
362 1043 655 1079 PASSIENIVS
687 1043 954 1079 COSSONIVS
987 1043 1145 1079 SCIPIO
1177 1042 1400 1078 ORFITVS.

202 1128 260 1133 —
290 1103 499 1147 Claudius
527 1104 700 1148 Cossus.

179 1171 286 1215 1257
319 1178 654 1216 COSSVTIANVS
686 1181 876 1229 CAPITO,
908 1174 1076 1228 legatus
1099 1173 1277 1216 Ciliciae
1303 1188 1416 1216 anno
1438 1173 1492 1215 57
1524 1187 1580 1214 ex
1610 1171 1835 1228 provincia
1865 1185 1983 1227 repe·

261 1241 496 1284 tundarum
517 1242 744 1285 damnatus
758 1243 868 1295 ¹Tac.
892 1257 932 1287 a.
953 1247 1020 1293 13,
1042 1246 1123 1294 33,·
1153 1246 1217 1297 16,
1241 1246 1312 1293 21,
1343 1257 1423 1296 quo
1440 1242 1655 1296 pertinent
1672 1253 1814 1282 versus
1837 1247 1983 1296 ‘quam

262 1308 443 1351 fulmine
472 1311 584 1352 iusto
615 1317 658 1352 et
688 1310 842 1367 Capito
874 1317 915 1352 et
944 1311 1146 1352 Numitor
1176 1311 1344 1353 ruerint
1373 1310 1605 1352 damnante
1635 1314 1786 1350 senatu
1816 1309 1983 1363 piratae

261 1377 459 1420 Cilicum³
483 1378 675 1421 Juvenal.
696 1381 736 1424 8.
756 1382 927 1430 92-94,·
956 1378 1093 1421 verba
1122 1378 1334 1434 quaedam
1365 1377 1626 1420 accusatoris
1656 1377 1781 1418 affert
1807 1376 1982 1429 Quintil.

260 1447 357 1488 inst.
389 1450 426 1501 6,
456 1451 496 1499 1,
525 1451 590 1490 14.
653 1448 801 1491 Gener
829 1446 1035 1502 Tigellini
1066 1447 1163 1491 Tae.
1188 1462 1228 1489 a.
1249 1450 1315 1498 14,
1335 1449 1391 1489 48
1400 1460 1414 1498 ,·
1442 1449 1508 1496 16,
1529 1448 1594 1496 17,
1627 1446 1750 1487 cuius
1780 1443 1983 1500 precibus

259 1514 388 1570 paulo
419 1522 516 1571 post
546 1516 864 1558 damnationem
895 1516 1157 1557 senatorium
1190 1515 1385 1557 ordinem
1415 1515 1580 1571 recepit
1610 1521 1654 1556 et
1682 1528 1795 1556 anno
1817 1514 1869 1555 61
1895 1512 1981 1554 An-

259 1583 426 1625 tistium
457 1583 685 1627 Sosianum
727 1585 949 1626 accusavit
976 1583 1063 1628 ibd.
1095 1587 1160 1634 14,
1193 1587 1270 1635 48;
1306 1599 1418 1626 anno
1450 1584 1505 1626 66
1535 1583 1717 1625 Paetum
1746 1581 1982 1623 Thraseam

260 1651 344 1694 ibd.
367 1655 433 1703 16,
454 1655 524 1695 21.
545 1657 621 1696 22.
644 1655 810 1703 27-28,
843 1652 898 1694 ob
928 1652 974 1694 id
1003 1653 1208 1708 praemiis
1238 1652 1422 1694 donatus
1449 1651 1534 1694 ibd.
1561 1655 1626 1701 16,
1647 1654 1712 1693 33.
1737 1676 1788 1682 ——
1820 1650 1982 1693 Memo-

255 1723 382 1762 ratwr
410 1720 495 1763 ibd.
517 1725 580 1776 11,
604 1725 654 1773 6;
682 1725 747 1776 16,
769 1724 839 1765 26.

201 1813 258 1817 -—
286 1795 535 1831 PEDANIVS
569 1795 737 1834 COSTA.

174 1858 284 1899 1258
316 1856 548 1900 Costunius
560 1857 619 1912 (P)
655 1858 839 1901 Rufinus
879 1858 959 1901 sub
997 1858 1218 1900 Antonino
1254 1859 1334 1900 Pio
1370 1858 1575 1913 Pergami
1615 1856 1823 1913 templum
1864 1857 1981 1899 Iovis

257 1925 451 1982 Asclepii
481 1927 676 1969 extruxit
703 1926 892 1970 Galenus
917 1928 979 1970 II
992 1942 1039 1981 p.
1061 1930 1151 1970 224
1172 1927 1232 1970 K.

136 2014 142 2015 ’
199 2018 258 2024 —
288 2001 543 2037 SERVENIA
583 2001 816 2037 GORNVTA
861 2001 1117 2038 CORNELIA
1158 2001 1442 2038 CALPVRNIA
1482 2001 1706 2037 VALERIA
1748 2000 1980 2037 SECVNDA

259 2062 480 2117 coTIA(?)
510 2069 759 2105 PRoclLLA
887 2070 1131 2106 LVCVLLA.

175 2131 284 2173 1259
314 2130 474 2186 Cotiso,
501 2146 580 2174 rex
605 2132 828 2175 Dacorum
851 2132 980 2175 Flor.
1004 2136 1047 2183 2,
1073 2135 1145 2183 28,
1172 2147 1251 2174 rex
1276 2133 1507 2186 Getarum,
1541 2133 1610 2174 cui
1637 2131 1869 2174 Caesarem
1891 2131 1983 2185 (qui

253 2202 407 2254 postea
425 2200 660 2255 Auyustus)
680 2200 836 2243 Iuliam
856 2200 990 2243 filiam
1008 2201 1301 2257 despondisse,
1318 2215 1404 2257 quo
1423 2208 1613 2257 tempore
1633 2200 1714 2243 sibi
1736 2215 1908 2257 quoque
1933 2201 1977 2241 in

257 2269 397 2310 vicem
417 2268 552 2310 filiam
573 2270 689 2324 regis
710 2270 755 2310 in
775 2270 1094 2311 matrimonium
1114 2270 1319 2326 petiisset,
1344 2269 1673 2311 insimulaverat
1686 2269 1745 2311 M.
1761 2268 1979 2311 Antonius

255 2336 425 2379 &Aetam
447 2337 629 2392 Auqust.
650 2341 704 2380 63
712 2351 726 2389 ,·
747 2338 904 2386 occidit
923 2338 1035 2380 Daci
1057 2337 1274 2381 Cotisonis
1295 2351 1451 2392 agmen
1473 2338 1628 2380 Horat.
1651 2352 1781 2380 carm.
1796 2341 1835 2387 3,
1853 2340 1893 2388 8,
1910 2341 1976 2388 18,

254 2405 367 2459 quod
394 2406 567 2460 scripsit
594 2407 641 2448 in
670 2406 755 2449 kal.
788 2406 984 2448 Martias
1014 2421 1054 2449 a.
1076 2409 1160 2449 725
1181 2426 1237 2441 =
1254 2409 1325 2456 29,
1359 2420 1450 2448 cum
1482 2407 1549 2449 M.
1576 2407 1771 2448 Isieinius
1797 2406 1979 2449 Crassus

253 2474 351 2529 (cos.
383 2489 422 2516 a.
447 2474 546 2529 724)
568 2475 800 2530 proconsul
829 2476 875 2516 in
897 2475 1200 2517 Macedoniam
1229 2476 1380 2517 missus
1406 2478 1554 2517 eontra
1578 2475 1765 2517 Thraces
1785 2478 1825 2517 et
1847 2474 1979 2517 Getas

257 2542 412 2585 bellum
437 2546 600 2597 yereret
624 2542 714 2585 Dio
741 2546 806 2594 51,
837 2546 896 2587 23
914 2557 999 2597 sqq.
1056 2543 1122 2598 Cf.
1147 2543 1396 2594 Mommsen,
1422 2543 1508 2586 Res
1525 2547 1668 2598 qestae
1688 2543 1776 2586 divi
1791 2544 1980 2598 Augusti

253 2626 301 2665 p.
334 2614 417 2653 130
429 2611 460 2652 2.

172 2680 283 2721 1260
314 2685 476 2721 COTTA
498 2678 567 2722 VI
578 2682 685 2722 1395
709 2680 991 2734 fraymentum
1016 2681 1132 2722 tituli
1158 2681 1327 2731 urbani,
1358 2680 1471 2734 quod
1496 2681 1606 2723 nihil
1626 2684 1803 2735 praeter
1828 2695 1977 2723 nomen

256 2747 443 2799 exhibet5
471 2762 572 2790 num
601 2751 711 2790 recte
740 2749 851 2790 inter
872 2749 1015 2791 titulos
1039 2749 1253 2791 hominum
1274 2748 1436 2791 ordinis
1463 2750 1670 2792 senatorii
1696 2749 1878 2792 relatum
1908 2750 1973 2799 sit,

253 2830 339 2858 non
367 2816 505 2870 mayis
535 2820 714 2870 apparet
740 2831 867 2871 quam
897 2818 991 2870 quis
1019 2817 1316 2872 intelleyendus
1344 2818 1413 2862 sit.

173 2884 273 2926 126]
313 2883 451 2938 Cotta,
486 2899 616 2939 eques
646 2885 867 2927 Romanus
893 2885 1065 2928 Claudii
1096 2887 1216 2928 iussu
1246 2901 1272 2927 a
1300 2885 1502 2928 Narcisso
1533 2887 1784 2929 interfectus
1816 2887 1976 2930 Seneca

257 2952 417 3006 apocol.
449 2956 518 2995 13.

175 3021 280 3062 1262
313 3019 451 3074 Cotta,
482 3035 612 3077 quem
631 3021 836 3064 Lucanus
857 3029 984 3078 poeta
1009 3022 1236 3065 adlocutus
1267 3029 1331 3065 est
1358 3037 1481 3065 versu
1511 3024 1686 3067 laudato
1714 3040 1742 3067 a
1764 3025 1975 3068 Martiale

254 3091 322 3138 10,
353 3092 418 3139 64,
449 3092 487 3133 6.

176 3157 281 3198 1263
312 3156 450 3212 Cotta,
484 3171 618 3199 senex
645 3158 888 3214 impudicus
918 3159 1118 3201 Martial.
1150 3163 1189 3210 6,
1223 3163 1288 3211 70,
1319 3163 1364 3203 2.

202 3248 256 3253 -
284 3231 534 3267 AVRELIVS
567 3232 742 3270 COTTA.

198 3317 255 3321 -—-
283 3299 336 3335 M.
367 3300 616 3336 AVRELIVS
649 3301 810 3336 COTTA
842 3302 1072 3338 MAXIMVS
1103 3316 1159 3331 =
1188 3303 1242 3340 Μ.
1270 3303 1520 3341 AVRELIVS
1554 3305 1714 3343 COTTA
1740 3307 1972 3344 MAXIMVS

254 3368 584 3406 MESSALINVS.
