2202 3730
102 299 330 336 ANTONIA
972 291 1053 334 107
1680 295 1907 332 ANTONIA

190 429 345 473 Claud.
375 433 414 480 1,
446 429 671 474 Plutarch.
702 428 860 471 Anton.
887 431 956 479 87,
985 428 1151 483 Ioseph.
1182 431 1270 471 ant.
1301 430 1368 478 18,
1391 431 1428 478 6,
1449 431 1487 478 6,
1519 428 1596 484 qui
1627 442 1683 470 ex
1713 443 1764 470 ea
1793 443 1906 470 com-

186 499 333 556 plures
352 498 527 554 quidem
547 497 706 540 liberos
727 497 837 551 tulit,
868 512 1019 540 verum
1040 503 1127 539 tres
1153 498 1326 540 omnino
1356 496 1553 553 reliquit:
1586 497 1905 551 Germanicum,

187 566 404 621 Livillam,
427 566 657 610 Claudium
679 566 851 609 Sueton.
875 565 1030 610 Claud.
1052 569 1089 616 1,
1115 565 1273 608 Marito
1294 571 1463 607 mortuo
1488 565 1545 620 (a.
1569 568 1647 607 745
1662 568 1757 608 =9
1779 579 1818 607 a.
1842 565 1906 619 C.)

187 636 327 678 forma
365 641 408 677 et
446 641 586 677 aetate
614 634 772 676 florens
801 634 937 677 vidua
966 634 1203 691 permansit
1233 633 1371 676 Valer.
1404 633 1528 675 Max.
1556 637 1595 683 4,
1621 636 1660 683 3,
1689 636 1728 684 3,
1761 647 1908 690 quam-

187 719 317 761 quam
337 703 564 758 Augustus
585 703 636 758 ei,
659 709 707 745 ut
734 703 890 745 iterum
909 702 1101 756 nuberet,
1128 703 1420 758 imperaverat
1438 700 1604 755 Ioseph.
1621 704 1709 745 ant.
1728 704 1794 752 18,
1811 705 1850 752 6,
1868 705 1906 744 6.
1978 735 1987 742 ,

188 772 242 815 A.
272 773 328 815 20
367 772 511 814 funeri
548 771 723 828 publico
754 771 1002 814 Germanici
1038 785 1126 812 non
1165 770 1382 823 interfuit,
1419 770 1632 812 incertum
1662 784 1749 825 qua
1776 785 1909 812 causa

193 841 292 884 Tac.
315 855 354 883 a.
374 843 414 891 3,
435 843 484 892 3,·
513 839 664 882 eodem
694 854 806 881 anno
836 845 934 896 post
961 853 1110 881 necem
1131 838 1211 882 Cn.
1233 839 1403 881 Pisonis
1423 837 1627 880 Valerius
1648 838 1907 880 Messalinus

187 910 355 951 censuit
390 914 534 963 grates
565 908 603 949 ei
634 907 826 963 agendas
854 907 908 950 ob
938 907 1175 949 vindictam
1205 906 1456 950 Germanici
1486 905 1571 948 ibd.
1601 909 1641 956 3,
1664 909 1730 949 18.
1779 906 1831 949 Α.
1853 907 1904 949 31

187 993 264 1034 per
285 976 523 1020 Caenidem
542 975 742 1018 libertam
772 982 815 1018 et
843 991 869 1018 a
903 990 1035 1018 manu
1063 976 1134 1031 (ef.
1157 975 1328 1019 Sueton.
1351 974 1595 1029 Vespasian.
1616 977 1660 1029 3)
1682 974 1907 1017 Tiberium

186 1045 242 1088 de
262 1045 559 1087 coniuratione
583 1043 729 1087 Seiani
754 1045 979 1086 certiorem
1010 1043 1113 1086 fecit
1131 1043 1219 1086 Dio
1240 1046 1305 1093 66,
1327 1046 1391 1092 14,
1422 1043 1588 1096 Ioseph.
1611 1046 1697 1085 ant.
1721 1046 1784 1093 18,
1806 1047 1844 1094 6,
1868 1047 1907 1094 6,

186 1114 302 1157 unde
342 1115 387 1156 in
426 1127 585 1168 magno
624 1112 787 1155 honore
825 1113 943 1169 apud
983 1128 1082 1155 eum
1122 1112 1204 1154 fuit
1239 1112 1405 1166 Ioseph.
1444 1111 1531 1154 ibd.
1568 1111 1680 1154 Iulia
1708 1111 1910 1167 Augusta

184 1189 355 1225 mortua
384 1182 442 1238 (a.
471 1181 545 1236 29)
576 1182 734 1225 Graium
765 1187 808 1223 et
835 1180 1038 1223 Livillam
1075 1187 1254 1237 nepotes
1283 1179 1399 1237 apud
1429 1195 1475 1222 se
1503 1179 1707 1222 educavit
1736 1180 1908 1225 Sueton.

188 1250 324 1306 Caliy.
353 1254 418 1293 10.
447 1253 517 1300 24,
549 1251 685 1294 Gaius
723 1249 803 1291 sub
845 1249 1014 1291 initium
1049 1249 1218 1305 imperii
1250 1248 1288 1290 ei
1319 1247 1531 1304 quidquid
1561 1262 1753 1304 unquam
1782 1248 1910 1290 Livia

186 1319 390 1374 Augusta
427 1318 641 1361 honorum
678 1318 882 1374 cepisset,
925 1331 1011 1359 uno
1052 1323 1224 1359 senatus
1265 1316 1461 1359 consulto
1492 1317 1708 1371 congessit
1738 1316 1910 1359 Sueton.

189 1387 327 1442 Galiy.
358 1389 424 1437 15,
454 1386 698 1441 Augustam
728 1386 999 1441 nuncupavit
1028 1391 1071 1427 et
1100 1384 1368 1427 sacerdotem
1398 1383 1586 1439 Augusti
1615 1385 1718 1427 feeit
1749 1399 1913 1426 omnes-

187 1470 271 1513 que
301 1455 543 1499 Vestalium
575 1454 757 1497 honores
788 1453 916 1496 simul
947 1454 985 1496 ei
1017 1454 1170 1496 tribuit
1198 1453 1290 1496 Dio
1306 1455 1372 1503 53,
1391 1456 1431 1495 3.
1490 1452 1684 1495 Antonia
1714 1453 1914 1508 Augusta

186 1525 234 1567 in
254 1523 390 1566 titulis
408 1523 668 1577 numinisque
691 1523 844 1565 aetatis
867 1521 1045 1565 Claudii
1061 1535 1098 1564 v.
1120 1535 1264 1576 supra.
1302 1520 1390 1564 Sed
1408 1520 1519 1575 quod
1536 1521 1668 1575 refert
1686 1521 1914 1564 Suetonius

190 1592 345 1636 Claud.
375 1594 404 1634 8
442 1590 677 1635 Claudium
715 1591 842 1633 matri
887 1590 1117 1633 defunctae
1159 1604 1400 1645 cognomen
1440 1588 1666 1644 Augustae
1709 1590 1764 1632 ab
1810 1591 1914 1632 viva

188 1666 432 1704 recusatum
464 1658 786 1701 decernendum
818 1673 1005 1713 curasse,
1028 1658 1202 1713 publice
1232 1657 1397 1711 quidem
1427 1657 1554 1700 etiam
1583 1658 1659 1700 sub
1687 1658 1800 1701 Gaio
1820 1659 1912 1701 An-

187 1731 347 1773 toniam
374 1728 614 1783 Auyustam
651 1727 914 1770 nominatam
954 1740 1040 1770 esse
1082 1729 1291 1769 testantur
1330 1729 1429 1768 acta
1467 1726 1656 1780 fratrum
1685 1727 1913 1770 Arvalium

188 1801 217 1841 t.
239 1801 277 1849 6,
300 1798 373 1852 qui
396 1812 435 1839 a.
456 1797 511 1839 38
540 1796 596 1839 ob
616 1795 804 1838 natalem
825 1794 1045 1838 Antoniae
1065 1793 1291 1849 Augustae
1311 1793 1654 1836 immolaverunt.
1702 1794 1913 1838 Sacerdos

187 1866 376 1922 Augusti
404 1865 452 1908 in
479 1865 661 1907 nummis
689 1864 765 1907 sub
793 1863 980 1907 Claudio
1010 1864 1122 1906 cusis
1147 1862 1311 1905 Eclchel
1340 1862 1410 1904 VI
1420 1877 1470 1916 p.
1493 1865 1586 1905 179.

274 1933 410 1978 Paulo
427 1940 525 1990 post
540 1934 677 1978 Graius
692 1933 836 1975 aviam
853 1938 1097 1975 monentem
1112 1930 1279 1988 aliquid
1295 1931 1490 1985 graviter
1510 1931 1725 1987 increpuit
1742 1930 1911 1974 Sueton.

190 2003 328 2058 Galiy.
349 2006 407 2046 29
428 2007 472 2044 et
489 2016 568 2059 per
588 2001 869 2057 indignitates
891 2007 934 2043 et
954 1999 1099 2043 taedia
1120 2014 1251 2042 causa
1272 2000 1416 2042 extitit
1437 2000 1601 2054 mortis,
1633 1998 1733 2041 dato
1754 2005 1912 2052 tamen,

191 2079 241 2115 ut
270 2070 446 2129 quidam
475 2076 652 2127 putant,
685 2076 728 2112 et
759 2084 951 2121 veneno·
987 2083 1068 2111 nec
1096 2068 1328 2110 defunctae
1358 2066 1495 2110 ullum
1524 2067 1733 2110 honorem
1762 2067 1914 2109 habuit

190 2141 363 2184 Sueton.
392 2139 479 2183 ibd.
510 2142 580 2189 23,
611 2138 700 2181 Dio
729 2140 797 2189 59,
828 2141 868 2183 3.
929 2136 1111 2181 Claudio
1142 2151 1326 2192 regnum
1355 2135 1513 2192 adepto
1546 2136 1698 2178 summi
1730 2135 1913 2177 honores

189 2209 419 2252 defunctae
457 2207 615 2262 habiti,
656 2213 931 2263 carpentum,
971 2220 1057 2262 quo
1096 2220 1175 2261 per
1204 2205 1368 2246 circum
1398 2204 1650 2258 duceretur,
1693 2204 1914 2246 decretum

191 2278 362 2322 Sueton.
400 2275 556 2319 Claud.
587 2278 663 2326 11,
704 2281 748 2317 et
787 2274 879 2317 dies
914 2273 1069 2316 natalis
1101 2274 1193 2315 eius
1221 2272 1334 2315 ludis
1366 2272 1640 2328 equestribus
1670 2271 1915 2315 celebratus

189 2346 278 2389 Dio
308 2348 375 2395 60,
401 2347 440 2387 5.

277 2412 506 2457 Claudium
545 2411 680 2454 filium
720 2416 967 2468 portentum
1006 2409 1192 2452 hominis
1229 2408 1457 2452 dictitabat
1486 2409 1657 2454 Sueton.
1686 2408 1842 2452 Claud.
1873 2412 1912 2454 1.

192 2482 263 2526 Ab
304 2481 400 2524 aliis
437 2479 618 2522 medicis
657 2493 793 2535 prope
833 2483 1084 2532 excaecata,
1117 2493 1144 2519 a
1171 2477 1301 2519 Floro
1333 2483 1484 2519 curata
1511 2476 1663 2519 Galen.
1689 2477 1797 2520 XII
1819 2481 1913 2521 768.

190 2551 427 2607 Nunquam
457 2549 610 2605 expuit
640 2547 758 2590 Plin.
777 2561 820 2589 n.
841 2547 880 2591 h.
905 2550 941 2597 7,
962 2549 1016 2588 80
1038 2565 1092 2580 =
1114 2545 1249 2589 Solin.
1271 2549 1311 2596 1,
1335 2549 1400 2588 74.
1458 2544 1620 2587 Villam
1649 2545 1764 2602 apud
1785 2546 1915 2588 Baias

191 2617 460 2676 possidebat,
503 2631 617 2674 quae
655 2615 798 2657 fuerat
827 2615 881 2668 Q.
911 2615 1134 2657 Hortensii
1166 2613 1273 2656 Plin
1300 2627 1342 2657 n.
1372 2613 1414 2656 h.
1441 2616 1479 2663 9,
1510 2617 1608 2657 172.
1663 2613 1916 2658 Alexander

190 2685 479 2744 Lysimachus
504 2691 759 2742 procurator
778 2684 868 2726 eius
888 2682 1053 2737 Ioseph.
1073 2685 1160 2725 ant.
1180 2685 1247 2732 19,
1268 2684 1307 2732 5,
1329 2685 1368 2724 1.
1389 2707 1447 2711 -
1469 2681 1730 2724 Nominatur
1751 2683 1849 2725 Tae.
1873 2698 1913 2725 a.

190 2759 256 2807 11,
285 2758 336 2807 3,·
374 2757 441 2805 13,
471 2756 538 2804 18,
571 2753 743 2797 Sueton.
778 2751 934 2795 Claud.
964 2755 1004 2802 4,
1034 2751 1124 2794 Dio
1153 2754 1220 2801 60,
1251 2754 1294 2801 2,
1334 2750 1585 2793 Scribonius
1614 2751 1784 2804 Laryus
1815 2755 1914 2803 271,

191 2823 356 2878 Ioseph.
388 2826 475 2865 ant.
496 2824 563 2872 18,
586 2825 624 2872 6,
650 2825 684 2864 1.
704 2824 743 2863 3.
767 2824 803 2862 7.
826 2823 882 2862 10
929 2819 1004 2861 Ad
1032 2834 1125 2862 eam
1153 2819 1311 2872 referri
1330 2821 1472 2872 potest
1501 2819 1774 2873 epigramma,
1804 2820 1918 2873 quod

189 2891 453 2946 Grinaqoras
468 2893 600 2946 poeta
618 2890 665 2931 in
674 2892 853 2944 partum
868 2888 1084 2931 Antoniae
1102 2887 1275 2941 seripSit
1289 2886 1550 2941 Antholoyia
1567 2886 1711 2930 Palat.
1734 2886 1803 2929 VI
1814 2891 1912 2930 244.

108 2961 190 3004 708
221 2959 768 3015 (CLAVD1A?)ANTON1A,
784 2957 874 2999 filia
894 2963 999 2999 natu
1018 2957 1210 2998 maxima
1226 2954 1399 2998 Claudii
1420 2956 1694 3011 imperatoris
1717 2970 1772 2997 ex
1788 2954 1915 2997 Aelia

191 3029 376 3072 Paetina
405 3028 578 3072 Sueton.
607 3025 761 3070 Claud.
782 3029 852 3076 27,
889 3025 987 3068 Tae.
1020 3039 1060 3067 a.
1091 3027 1162 3075 12,
1182 3026 1254 3075 27,
1286 3023 1452 3078 Ioseph.
1482 3026 1569 3066 ant.
1594 3027 1666 3074 20,
1688 3026 1728 3074 8,
1750 3027 1788 3074 1,
1821 3024 1914 3066 bell.

121 3128 143 3143 .
191 3102 235 3150 2,
256 3102 327 3149 12,
348 3102 387 3141 5.
422 3097 515 3140 Vna
535 3111 628 3139 cum
646 3096 902 3138 Britannico
927 3098 967 3137 et
984 3094 1162 3138 Octavia
1181 3097 1526 3148 repraesentatur
1546 3096 1584 3136 et
1603 3093 1851 3135 nominatur
1870 3093 1916 3134 in

190 3167 373 3209 nummis
402 3165 662 3208 coloniarum
683 3163 845 3207 Eckhel
875 3163 943 3206 VI
955 3178 1004 3218 p.
1025 3166 1122 3206 246.
1181 3161 1356 3204 Dicitur
1383 3162 1537 3215 ubique
1572 3162 1722 3204 omisso
1751 3161 1917 3203 nomine

187 3234 404 3289 gentilicio
426 3234 572 3288 patris
591 3233 783 3275 Antonia
802 3245 930 3285 neque
955 3244 1006 3273 ex
1026 3229 1147 3272 titulo
1169 3229 1346 3271 libertae
1368 3229 1420 3284 (v.
1436 3229 1575 3285 infra)
1598 3228 1790 3283 eolliqere
1822 3229 1916 3270 lieet

191 3317 285 3345 eam
302 3316 489 3356 unquam
511 3300 767 3344 ‘Claudiam
786 3299 1037 3342 Antoniam’
1067 3298 1330 3340 nominatam
1349 3297 1491 3351 fuisse,
1523 3298 1722 3351 quoniam
1746 3297 1917 3339 libertos

189 3371 380 3413 mulieris
407 3383 569 3424 semper
594 3382 744 3411 nomen
770 3367 1031 3423 qentilieium
1054 3367 1199 3421 patris
1213 3369 1428 3420 patronae
1450 3367 1657 3420 accepisse
1677 3368 1820 3407 notum
1842 3368 1913 3406 est.
