2176 3750
279 321 520 357 AEMILIVS
1149 314 1205 356 30

1838 322 2079 357 AEMILIVS

447 452 499 503 Q..
535 451 563 492 f.
604 451 707 504 fasti
743 450 847 503 Cap.
885 449 974 491 Dio
1007 449 1095 493 incl.
1127 449 1153 491 l.
1183 452 1255 499 56,
1297 449 1356 491 M.
1398 465 1439 492 n.
1480 451 1584 503 fusti
1620 451 1724 505 Cap.
1769 451 1886 505 filius
1925 451 2081 494 seilicet

357 523 404 573 (g.
436 519 591 573 Lepidi
619 517 799 560 consulis
831 532 870 561 a.
904 520 982 559 733
1011 537 1066 552 =
1096 521 1165 567 21,
1197 531 1325 571 nepos
1356 517 1421 559 M.
1453 518 1607 572 Lepidi
1636 519 1860 561 triumviri.
1905 519 2080 562 -Consul

361 604 397 629 a.
435 589 480 629 11
517 602 557 642 p.
589 585 637 630 C.
669 587 789 639 fasti.
846 585 973 627 Anno
1005 587 1060 628 20
1091 586 1235 628 Pisoni
1267 601 1339 627 reo
1371 593 1576 642 patronus
1607 587 1747 629 adfuit
1782 588 1879 630 Tae.
1903 603 1942 632 a.
1967 591 2006 638 3,
2028 592 2080 630 11

363 662 405 698 ct
433 656 476 696 in
506 661 657 696 senatu
678 653 887 710 Lepidam
911 668 1100 696 sororem
1122 653 1316 696 defendit
1335 654 1419 696 ibd.
1441 658 1479 704 3,
1502 658 1577 699 22.
1617 654 1669 697 A.
1692 657 1742 697 21
1778 655 2081 711 proconsulatu

362 724 538 765 Africae
567 723 692 764 Iunio
724 721 879 764 Blaeso
921 723 1051 764 cessit
1090 722 1174 764 ibd.
1206 725 1244 771 3,
1275 725 1329 764 35
1366 729 1408 764 et
1447 737 1618 764 causam
1650 722 1832 765 Clutorii
1863 724 2002 766 Prisci
2037 724 2082 766 in

361 797 512 833 senatu
542 790 630 845 egit
657 789 742 832 ibd.
763 793 802 840 3,
825 793 892 832 50.
943 789 994 833 A.
1017 791 1071 832 26
1102 790 1333 846 proconsul
1353 789 1484 831 Asiae
1509 790 1594 832 ibd.
1617 794 1656 840 4,
1677 794 1731 833 56
1755 793 1780 832 t.
1804 794 1843 835 1.
1866 794 1909 834 2.
1950 791 2004 834 Α.
2027 792 2082 834 33
2105 833 2109 837 .

363 859 469 902 obiit
491 858 577 902 ibcl.
600 862 636 908 6,
659 861 729 902 27.
754 883 805 887 —
826 858 983 912 Augur
1004 861 1031 899 t.
1055 862 1097 902 2.
1123 885 1174 889 -
1198 857 1357 900 Gravis
1379 865 1421 900 et
1443 859 1613 914 sapiens
1636 859 1726 913 virt,
1758 873 1855 900 nam
1878 858 2082 915 pleraque

362 927 418 970 ab
444 928 583 969 saevis
604 926 922 968 adulationibus
945 925 1126 968 aliorum
1149 927 1192 967 in
1214 925 1368 968 melius
1387 925 1521 981 flexit,
1549 941 1690 983 neque
1711 934 1853 969 tamen
1875 934 2082 984 tempera-

361 997 495 1038 menti
537 994 712 1050 egebat,
754 1009 851 1036 cum
891 994 1108 1050 aequabili
1149 995 1403 1037 auctoritate
1443 1002 1486 1037 et
1524 996 1665 1049 gratia
1703 995 1819 1052 apud
1860 995 2082 1038 Tiberium

362 1064 551 1118 viguerit
580 1063 665 1106 ibd.
696 1067 734 1113 4,
766 1067 824 1106 20
855 1065 911 1116 ef.
948 1067 984 1113 6,
1018 1067 1089 1106 27.
1150 1063 1374 1117 Augustus
1405 1078 1502 1106 eum
1533 1078 1734 1119 capacem
1775 1065 1964 1120 imperii,
2007 1064 2082 1106 sed

359 1132 617 1174 abnuentem
653 1131 823 1173 dixerat
852 1131 938 1174 ibd.
969 1135 1015 1181 1,
1048 1130 1113 1175 13.
1171 1131 1356 1173 Neronis
1397 1131 1491 1186 (filii
1524 1131 1791 1186 Germanici)
1833 1139 2085 1189 praeceptor

363 1201 522 1245 Seneca
548 1203 677 1242 contr.
699 1203 741 1250 2,
762 1203 802 1250 3,
823 1203 904 1251 23;
934 1201 1132 1254 egregius
1163 1201 1231 1241 vir
1259 1199 1344 1242 ibd.
1368 1203 1394 1242 9
1415 1201 1562 1254 praef.
1582 1203 1622 1243 5.
1646 1225 1699 1231 -·
1729 1200 1890 1253 Liberi,
1923 1200 2084 1243 nubilis

362 1269 451 1311 filia
488 1270 578 1312 sub.
612 1284 650 1312 a.
683 1272 740 1312 21
769 1271 1056 1310 memorantur
1091 1268 1187 1310 Tae.
1221 1283 1260 1310 a.
1292 1271 1330 1318 3,
1359 1271 1425 1311 35.
1469 1293 1521 1298 -
1564 1268 1824 1311 Nmninatur
1859 1271 2081 1322 praeterea

368 1338 466 1380 Tae.
490 1353 529 1379 a.
552 1341 590 1388 6,
615 1340 654 1387 5,
689 1337 850 1380 Seneca
880 1340 1012 1379 contr.
1036 1340 1089 1378 10
1112 1338 1257 1391 praef.
1277 1340 1316 1379 3.

277 1408 359 1449 ‘243
391 1406 461 1460 (M.
490 1406 751 1460 AEMILIVS)
781 1411 993 1447 LEPIDVS
1024 1405 1162 1447 neseio
1190 1405 1282 1459 quis
1311 1408 1568 1447 memoratur
1598 1406 1642 1447 in
1673 1405 1809 1447 titulis
1839 1405 2083 1447 libertorum

364 1475 431 1517 VI
453 1477 578 1517 8602.
609 1476 756 1516 11056.
788 1477 939 1516 11092.

278 1545 361 1586 244
391 1550 442 1584 Μ.
474 1548 716 1583 AEMILIVS
749 1548 974 1595 LEPIDVS,
1015 1547 1220 1597 patronus
1249 1542 1559 1584 anmensium
1592 1542 1651 1583 II
1670 1544 1787 1584 2820
1819 1541 2086 1601 mevaniensis,

364 1613 567 1653 incertum
598 1610 655 1652 ad
685 1611 951 1651 triumvirum
982 1624 1039 1652 an
1068 1609 1126 1651 ad
1145 1611 1424 1664 posteriorem
1455 1609 1521 1651 M.
1554 1609 1760 1663 Lepidum
1782 1610 2008 1663 pertineat.

277 1681 359 1722 245
390 1686 441 1722 M.
474 1679 752 1733 (AEMILIVS)
794 1684 1004 1719 LEPIDVS
1045 1679 1182 1719 neseio
1222 1679 1315 1731 quis
1345 1681 1600 1720 memoratur
1637 1677 1685 1719 X
1710 1681 1817 1720 6774
1847 1691 1897 1719 em
1927 1677 2086 1719 Pontia

365 1747 533 1798 insula,·
574 1746 761 1788 traditur
791 1747 941 1789 Pontio
971 1746 1152 1800 Nigrino
1185 1745 1335 1801 c[os.‘?]
1369 1746 1416 1799 (a
1450 1747 1523 1798 37)
1561 1746 1619 1788 Μ.
1662 1745 1874 1802 Lepidus,
1918 1746 2086 1788 omnino

362 1816 566 1857 incertum
592 1818 663 1864 est,
696 1829 795 1856 num
826 1815 871 1856 in
902 1814 1045 1856 eadem
1075 1815 1348 1868 inscriptione
1370 1814 1450 1856 duo
1471 1814 1657 1856 hanzines
1676 1815 1886 1856 nominati-
1911 1814 2083 1868 fuerint.

277 1884 359 1926 246
390 1890 442 1925 M.
483 1890 724 1925 AEM1L1vs
765 1889 999 1938 LEPIDVS,
1041 1882 1100 1924 M.
1132 1882 1161 1924 f.
1193 1882 1246 1935 Q.
1285 1898 1349 1936 n.,
1392 1897 1477 1926 eos.
1509 1883 1530 1924 Ι
1560 1898 1598 1924 a.
1630 1882 1711 1925 708
1742 1902 1798 1917 =
1828 1883 1896 1936 46,
1924 1897 2007 1924 cos.
2039 1882 2083 1924 ΙΙ

364 1967 400 1993 a.
425 1952 506 1994 712
528 1970 579 1986 =
605 1953 669 2001 42,
692 1952 830 1993 IIIvir
862 1951 922 1992 rei
955 1950 1156 2007 publicae
1177 1950 1504 1992 constituendae
1527 1966 1564 1992 a.
1583 1951 1749 1993 711—7
1756 1951 1807 1993 18
1828 1971 1883 1985 -—-
1902 1951 2084 2004 43-36,

363 2037 400 2064 a.
424 2021 505 2063 718
528 2040 583 2054 =
602 2020 656 2062 36
679 2036 704 2062 a
726 2019 911 2062 Caesare
939 2020 1193 2074 magistratu
1215 2026 1370 2061 exutus
1391 2019 1526 2061 vitam
1557 2026 1599 2061 ct
1627 2018 1923 2075 pontificatum
1951 2019 2085 2061 maxi-

364 2102 481 2129 mum
531 2089 709 2130 retinuit
749 2089 805 2141 ef}
844 2087 1074 2130 Drumann
1113 2087 1147 2129 I
1169 2101 1217 2141 p.
1249 2090 1306 2130 12
1335 2101 1418 2141 sqq.
1494 2087 1690 2129 Mortuus
1732 2094 1795 2128 est
1834 2086 1914 2128 sub
1955 2087 2084 2131 finem

364 2172 402 2198 a.
435 2157 511 2199 741
547 2176 601 2191 =
635 2157 688 2198 13
719 2155 807 2198 Dio
836 2159 902 2206 54,
933 2159 995 2198 27
1032 2155 1101 2197 vel
1141 2156 1317 2197 ineunte
1357 2171 1394 2197 a.
1425 2155 1506 2198 742
1546 2156 1600 2209 ef.
1635 2155 1895 2198 Monument.
1926 2154 2084 2210 Aneyr.

363 2230 405 2274 2,
437 2228 495 2267 23
525 2227 564 2266 et
594 2224 691 2268 adn.
725 2224 979 2266 Mommseni
1000 2239 1047 2277 p.
1069 2227 1133 2266 45.

455 2292 630 2335 Constat
658 2307 749 2335 eum
777 2307 949 2334 uxorem
977 2292 1173 2334 habuisse
1202 2291 1299 2334 inde
1322 2292 1375 2334 ab
1405 2305 1515 2334 anno
1546 2293 1634 2346 fere
1655 2295 1734 2334 704
1754 2311 1808 2325 z
1827 2294 1882 2334 50
1911 2291 2087 2334 Iuniam

366 2362 432 2404 M.
462 2361 598 2403 Bruti
632 2374 818 2403 sororem
858 2360 1035 2403 Velleius
1072 2364 1123 2410 2,
1154 2363 1232 2410 88,
1273 2360 1463 2414 Appian.
1497 2361 1534 2402 b.
1566 2374 1599 2404 e.
1630 2364 1676 2410 4,
1707 2362 1762 2402 50
1804 2362 1858 2413 ef.
1897 2359 1984 2402 Cic.
2027 2357 2086 2401 acl

364 2430 452 2471 Att.
485 2433 522 2480 6,
554 2433 592 2480 1,
623 2432 704 2480 25,·
743 2433 807 2479 14,
840 2432 879 2479 8,
912 2433 960 2480 1,·
998 2444 1099 2471 nam
1130 2429 1195 2472 M.
1227 2428 1414 2482 Lepidus
1444 2428 1601 2483 Lepidi
1629 2443 1679 2471 ew
1707 2429 1840 2471 Iunia
1868 2428 1983 2483 fillius
2013 2427 2086 2481 qui

365 2513 404 2540 a.
429 2501 510 2541 724
531 2518 585 2532 =
610 2501 670 2548 Ὃ,
698 2498 856 2539 occisus
876 2501 947 2547 est,
983 2499 1182 2539 ‘iuvenis'
1213 2497 1373 2539 interiit
1402 2499 1536 2539 neatre
1565 2497 1800 2550 superstite.
1849 2495 2088 2538 Dubitatur

366 2566 414 2607 de
441 2566 650 2616 Cornelia,
672 2580 798 2619 quain
827 2580 1001 2608 uxorein
1031 2567 1121 2608 eius
1151 2581 1190 2607 α.
1215 2569 1299 2608 702
1323 2585 1372 2599 =
1392 2568 1451 2608 52
1479 2566 1612 2619 fuisse
1641 2568 1843 2607 memorat
1865 2565 2019 2607 Asson.
2041 2564 2088 2605 in

366 2634 655 2676 Milonianam
678 2648 725 2687 p.
747 2637 802 2676 38
824 2634 918 2677 KS.
955 2635 1092 2676 ‘cuius
1113 2635 1287 2676 castitas
1318 2648 1396 2689 pro
1421 2633 1618 2689 exemplo
1651 2633 1798 2676 habita
1828 2639 1924 2676 est'.
1973 2630 2087 2674 Vnde

361 2703 547 2755 sequitur
579 2702 780 2744 Marcum
819 2702 977 2756 filium,
1019 2703 1092 2756 qui
1130 2717 1180 2744 ex
1210 2703 1489 2756 praenomine
1518 2705 1622 2744 natu
1650 2702 1860 2744 maximus
1889 2700 2086 2750 ereditur,

364 2784 448 2812 non
488 2774 585 2812 ante
625 2785 664 2812 a.
699 2774 778 2812 704
817 2773 963 2812 natum
994 2784 1079 2813 esse
1101 2771 1302 2824 potuisse,
1335 2771 1398 2811 ita
1426 2773 1474 2811 ut
1503 2784 1543 2814 a.
1577 2773 1658 2811 717
1682 2768 1868 2823 Lepidus
1893 2772 2019 2822 pater
2048 2770 2088 2810 et

362 2838 575 2880 Antonius
629 2838 677 2881 de
728 2839 891 2892 nuptiis
941 2837 1209 2893 conficiendis
1256 2837 1405 2879 Marci
1448 2841 1486 2879 et
1530 2837 1745 2879 Antoniae
1789 2851 1873 2879 non
1914 2839 2088 2890 possent

365 2907 544 2960 ayitare.
601 2907 786 2949 Errasse
822 2910 960 2949 autem
994 2907 1222 2948 Ascanium
1266 2906 1310 2947 in
1346 2906 1512 2948 nomine
1548 2904 1770 2947 Corneliae
1805 2905 1922 2947 haud
1958 2904 2088 2958 facile

367 2975 593 3028 posuerim.
638 2975 771 3017 Lumo
801 2975 890 3017 veri
916 2975 1099 3017 similius
1129 2977 1189 3017 est
1215 2975 1261 3027 Q.
1284 2973 1490 3027 Lepidum
1526 2973 1733 3016 consulem-
1762 2988 1802 3015 u.
1836 2976 1915 3015 733
1942 2992 1997 3007 =
2029 2975 2086 3016 21

364 3042 497 3096 filium
529 3044 730 3085 maiorem
764 3058 813 3085 θα]
840 3043 1036 3086 Cornelia
1066 3043 1251 3097 yem'tum
1281 3042 1434 3095 fuisse,
1466 3041 1594 3084 'veluti
1621 3041 1804 3096 filiorum
1838 3041 1903 3085 M.
1935 3040 2090 3095 Lepidi

367 3110 548 3153 consulis
578 3126 616 3152 a.
639 3114 720 3153 676
739 3131 794 3146 =
817 3113 870 3153 78
898 3111 1036 3152 maior
1068 3114 1173 3153 natu
1203 3124 1286 3152 non
1320 3109 1520 3159 Men-cus,
1552 3109 1626 3152 sed
1663 3110 1714 3151 L.
1747 3109 1927 3151 Paullus
1955 3109 2087 3163 fuisse
2154 3105 2159 3110 ’

365 3178 540 3222 videtur.
603 3180 802 3231 Quintumv
832 3193 928 3232 erqo
956 3180 1103 3233 potius
1133 3193 1258 3232 quam
1289 3178 1491 3220 Marcum
1518 3191 1715 3231 yenerum
1744 3177 1932 3219 Antonio
1963 3176 2086 3219 desti—

364 3249 511 3288 natum
549 3247 810 3289 crediderim.
842 3272 895 3276 —
929 3247 1143 3289 ‘Liberos‘
1178 3245 1332 3300 Lepidi
1361 3260 1401 3287 a..
1434 3249 1512 3287 711
1542 3265 1596 3280 z
1626 3248 1680 3287 43
1708 3247 1912 3288 mem-orat
1938 3243 2084 3288 Cicero

367 3314 560 3368 Philipp.
583 3318 646 3364 13,
669 3318 708 3356 8.

286 3382 366 3425 247
397 3389 449 3426 M.
473 3383 752 3437 (AEMILIVS)
774 3390 998 3437 LEPIDVS,
1030 3382 1185 3439 Lepidi
1216 3383 1319 3435 cius,
1352 3382 1424 3437 qui
1457 3381 1655 3423 triumvir
1685 3380 1826 3422 fuerat
1855 3380 1916 3422 rei
1947 3378 2085 3436 publi-
