2202 3730
129 281 340 318 CAELIVS
989 276 1073 319 259
1720 283 1930 320 CAELIVS

214 413 381 455 sectura
407 412 642 454 summovit
667 412 739 456 vit.
761 413 978 456 Hadrian.
1003 416 1042 464 9,
1063 416 1164 456 3-5.
1221 414 1449 456 Attianum
1479 428 1535 456 ex
1564 413 1782 470 praefecto
1811 428 1933 470 prae-

212 482 311 524 torii
342 480 593 523 Hadrianus
635 482 897 524 ornamentis
938 481 1236 525 consularibus
1276 482 1520 538 praeditum
1559 482 1662 524 fecit
1690 483 1934 524 senatorem

211 549 299 595 ibd.
325 552 366 600 8,
400 553 437 604 7,
468 555 619 606 postea
648 549 835 592 hostium
864 549 958 592 loco
988 549 1141 592 habuit
1166 550 1346 601 ibd.15,
1377 554 1446 594 12.

125 617 179 660 97
211 617 384 660 Caelius
415 617 576 661 Caldus
605 617 784 660 Velleius
812 622 981 673 2,120,
1013 622 1039 661 6
1067 619 1160 661 uide
1188 618 1362 662 Coelius
1392 618 1566 662 Caldus.
1715 656 1718 658 ,

124 685 180 728 98
208 691 420 728 CAELIVS
463 691 732 737 CALVINVS‚
774 685 942 741 legatus
982 686 1171 741 Augusti
1210 702 1288 744 pro
1328 702 1394 743 pr.
1425 702 1537 729 anno
1574 688 1655 731 185
1685 688 1776 730 III
1797 690 1933 739 6052,·

210 768 261 796 ex
310 753 432 796 titulo
478 757 644 808 reperto
691 755 738 797 in
786 755 994 798 Armenia
1041 756 1203 798 maiore
1246 769 1366 809 quem
1398 759 1634 810 posuerunt
1676 755 1932 811 vexill(arii)

211 821 393 877 legionis
432 822 520 865 XV
549 822 833 879 Apollinaris,
874 837 959 866 non
994 824 1101 866 satis
1140 827 1340 878 apparet,
1380 827 1524 866 utrum
1561 823 1763 867 Calvinus
1801 824 1933 878 fuerit

211 890 372 945 leyatus
411 891 588 946 leqionis
626 891 716 934 cius
754 905 811 934 an
844 892 1094 946 provinciae
1131 891 1451 947 ΟαῙῃοαᾶοοὶαε,
1495 893 1614 934 cuius
1645 892 1845 947 praesidi
1886 906 1932 935 eo

210 962 393 1013 tempore
423 973 474 1002 ea
500 959 606 1014 leyio
627 960 828 1014 parebat.

124 1027 179 1070 99
209 1034 257 1071 D.
281 1034 493 1069 CAELIVS
517 1033 763 1069 CALVINVS
784 1034 1033 1070 BALBINVS
1050 1034 1630 1087 :IMPERATORCAESAR
1650 1035 1696 1071 D.
1720 1035 1931 1070 CAELIVS

210 1102 457 1138 CALVINVS
495 1102 744 1138 BALBINVS
791 1102 1061 1139 AVGVSTVS.
1133 1096 1277 1139 Plena
1318 1098 1494 1140 nomina
1539 1097 1654 1139 tituli
1695 1097 1933 1151 nummique

208 1164 481 1219 imperatoris
509 1164 712 1208 indicant.
778 1165 932 1207 Tituli:
965 1179 1055 1207 una
1093 1179 1186 1208 cum
1215 1165 1280 1208 M.
1317 1165 1468 1208 Clodio
1496 1165 1706 1220 Pupienio
1736 1165 1932 1207 Maximo

206 1233 400 1288 Auyusto
445 1236 485 1276 et
528 1233 596 1275 M.
639 1232 829 1275 Antonio
867 1232 1090 1276 Gordiano
1127 1234 1312 1277 Caesare
1354 1234 1601 1276 nominatur
1645 1234 1689 1275 in
1732 1233 1934 1275 miliariis

195 1301 518 1344 ,Mauretaniae
538 1300 662 1343 VIII
673 1304 815 1344 10342
835 1300 908 1356 (1).
930 1304 1067 1344 10343
1088 1301 1164 1357 (2).
1185 1304 1320 1344 10365
1335 1301 1407 1357 63),
1429 1301 1606 1355 Ephem.
1625 1315 1686 1354 ep.
1701 1304 1740 1351 7,
1757 1304 1838 1343 660
1858 1299 1931 1352 (4).

209 1372 290 1413 675
319 1369 401 1425 (5);
427 1370 602 1412 nomina
617 1360 758 1424 *plena
786 1369 990 1412 extabant
1017 1370 1063 1411 in
1092 1369 1158 1412 his
1189 1370 1392 1420 omnibus,
1423 1369 1546 1412 hodie
1575 1369 1757 1411 Balbini
1788 1372 1934 1411 eoetant

209 1442 248 1481 et
278 1442 386 1481 certe
415 1438 626 1492 descripta
654 1441 753 1480 sunt
779 1438 825 1480 in
855 1441 884 1482 t.
914 1441 953 1480 3.
983 1441 1022 1482 4.
1080 1438 1225 1480 Plane
1264 1438 1404 1481 eodem
1442 1438 1564 1480 modo
1601 1438 1776 1480 nomina
1805 1437 1933 1478 trium

205 1508 354 1562 posita
388 1509 510 1549 erant
538 1507 585 1548 in
612 1506 818 1548 miliariis
851 1505 1152 1561 Cappadociae
1178 1507 1269 1549 III
1291 1506 1338 1550 S.
1369 1509 1489 1549 6913.
1519 1509 1643 1549 6934.
1673 1509 1796 1548 6936.
1827 1507 1934 1547 6953

208 1575 320 1618 male
347 1576 532 1630 scriptis,
561 1575 608 1617 in
635 1575 788 1629 quibus
816 1574 942 1630 (certe
972 1575 1020 1617 in
1047 1589 1089 1618 n.
1116 1574 1239 1629 6953)
1267 1575 1443 1618 nomina
1470 1574 1654 1617 Balbini
1682 1577 1720 1616 et
1750 1573 1936 1627 Pupieni

203 1633 356 1699 postea
386 1657 512 1686 erasa
540 1646 639 1686 sunt
676 1657 819 1686 errore
839 1644 1174 1698 provincialium
1203 1644 1258 1698 cf.
1291 1643 1528 1686 Mommsen
1554 1643 1644 1685 III
1665 1642 1710 1686 S.
1734 1657 1782 1696 p.
1804 1644 1932 1684 1252.

209 1713 442 1755 Praeterea
487 1713 662 1755 nomina
701 1712 836 1766 plena
883 1712 1048 1755 exhibet
1094 1714 1194 1755 item
1243 1713 1468 1755 coniuncta
1517 1725 1611 1754 eum
1657 1710 1849 1765 Pupieno
1895 1713 1935 1751 et

210 1781 431 1825 Gordiano
461 1794 660 1836 papyrus
695 1794 846 1835 yraece
885 1782 1047 1836 scripta
1084 1781 1413 1835 Mittheilunyen
1453 1794 1531 1823 aus
1571 1780 1644 1822 der
1684 1778 1934 1832 Sammluny

209 1850 284 1892 der
312 1850 512 1904 Papyrus
540 1849 782 1904 Ewherzoy
811 1849 979 1892 Rainer
1008 1850 1072 1892 II.
1105 1850 1192 1892 III
1204 1864 1253 1904 p.
1274 1852 1345 1893 23.
1368 1874 1422 1879 —
1444 1849 1648 1891 Privatus
1676 1850 1934 1890 memoratur

208 1919 256 1960 in
283 1918 410 1972 fastis
440 1917 660 1961 Saliorum
689 1917 758 1960 VI
774 1920 884 1960 1981
905 1916 964 1976 (6)
995 1919 1052 1963 D.
1085 1917 1259 1960 Caelius
1290 1917 1538 1973 Ba[lbinus]
1570 1920 1609 1959 et
1636 1917 1682 1959 in
1712 1915 1933 1958 consulatu

112 1978 125 1981 ⁷
209 1987 342 2029 altero
373 2001 409 2029 a.
432 1989 538 2030 213:
569 1986 623 2029 D.
646 1985 820 2028 Caelius
839 1986 1049 2029 Balbinus
1082 1986 1261 2029 VI269.
1283 1988 1404 2029 1957.
1426 1989 1552 2036 2001,
1585 1985 1633 2028 Χ
1651 1987 1779 2028 6422.
1803 1985 1930 2034 7225,

209 2055 290 2098 XI
306 2057 430 2106 2633,
462 2058 641 2097 ceterum
656 2054 906 2109 plerumque
934 2054 1147 2098 Balbinus
1177 2055 1294 2108 fasti.

297 2123 495 2166 Nummi:
523 2124 570 2166 in
601 2124 783 2166 nummis
813 2125 1029 2166 commatis
1058 2124 1248 2166 Romani
1272 2137 1436 2178 semper
1465 2123 1622 2165 dicitur
1641 2123 1697 2164 D.
1720 2120 1933 2175 Cael(ius)

209 2192 420 2235 Balbinus
459 2192 621 2235 Echhel
659 2192 755 2235 VII
778 2207 827 2246 p.
856 2195 950 2243 305,
990 2192 1131 2236 Gohen
1161 2192 1223 2235 172
1246 2207 1295 2247 p.
1326 2195 1355 2234 8
1386 2206 1471 2246 sqq.
1513 2192 1637 2247 Δεκμ.
1678 2190 1796 2234 Καιλ.
1828 2190 1932 2234 Καὶ..

212 2260 407 2319 Βαλβινος
448 2262 495 2303 in
538 2274 705 2302 nummo
749 2261 893 2303 Amisi
932 2261 1204 2303 Berolinensi
1246 2262 1300 2314 cf.
1345 2274 1426 2302 von
1471 2259 1628 2309 Sallct,
1672 2259 1818 2302 Datcn
1860 2260 1933 2301 der

209 2328 605 2372 alexandrinischen
622 2328 973 2371 ‘Kaisermilnzen
994 2343 1042 2383 p.
1062 2331 1117 2371 59
1148 2328 1245 2371 adn.
1309 2329 1366 2370 In
1403 2328 1584 2370 nummis
1621 2327 1933 2370 Alexandrinis

209 2399 302 2441 Δεκ.
324 2397 428 2440 Καλ.
450 2395 647 2454 Βαλβινος
666 2394 896 2451 Cataloyue
917 2397 969 2450 of
982 2397 1049 2439 the
1067 2396 1204 2440 Greek
1223 2398 1338 2439 coins
1366 2397 1412 2438 in
1444 2396 1510 2438 the
1528 2395 1698 2438 British
1718 2396 1928 2450 Museum,

208 2466 480 2510 Alexandria
499 2481 548 2521 p.
570 2469 656 2509 239
684 2481 726 2508 n.
748 2469 868 2509 1841.
893 2468 1016 2516 1843,
1047 2466 1140 2508 Δεκ.
1165 2464 1281 2508 Καιλ.
1310 2464 1506 2523 Βαλβινος
1534 2464 1620 2506 ibd.
1648 2467 1771 2508 1840.
1803 2467 1927 2508 1842.

207 2538 470 2578 1844-1846.
523 2534 770 2590 Sinyularis
792 2534 925 2589 plane
955 2537 1016 2577 est
1042 2548 1237 2576 nummus
1265 2533 1588 2576 Alexandrinus
1615 2533 1749 2575 musei
1779 2533 1928 2575 Vindo-

145 2599 149 2601 “
208 2604 399 2646 bonensis
425 2603 587 2645 Echhel
616 2603 711 2646 VII
722 2618 769 2657 p.
790 2606 874 2646 307
900 2603 1130 2657 inscriptus
1162 2601 1209 2644 A.
1233 2601 1282 2644 K.
1304 2602 1397 2645 Δεκ.
1420 2601 1470 2644 Κ.
1493 2600 1566 2644 Αν.
1597 2600 1792 2658 Βαλβινος
1819 2602 1926 2660 Σεβ.,

205 2672 279 2715 sed
315 2673 362 2714 in
398 2671 475 2714 hoc
513 2672 615 2726 quin
651 2672 799 2714 vitium
838 2672 1066 2714 monetarii
1091 2672 1237 2721 subsit,
1264 2674 1493 2725 postquam
1513 2670 1648 2724 plena
1674 2670 1850 2712 nomina
1879 2684 1930 2712 ex

208 2740 344 2783 titulis
357 2751 613 2794 'papyroque
640 2743 749 2782 certe
779 2741 947 2795 coynita
976 2740 1187 2790 habemus,
1218 2739 1329 2781 nihil
1358 2739 1532 2782 dubium
1559 2738 1667 2780 mihi
1693 2738 1869 2781 videtur.

292 2807 423 2864 Apud
453 2809 683 2864 scriptores
713 2808 873 2850 dicitur
893 2807 1107 2851 Caecilius
1138 2809 1215 2862 (sic
1245 2811 1284 2850 et
1315 2808 1359 2849 in
1389 2807 1528 2849 codice
1555 2806 1799 2860 OxonicnsO
1829 2805 1924 2847 Bal-

206 2876 335 2918 binus
375 2876 479 2920 Vict.
512 2876 632 2919 Caes.
660 2880 740 2927 26,
782 2876 959 2919 Clodius
999 2875 1209 2918 Balbinus
1251 2877 1324 2918 vit.
1367 2875 1577 2919 Gordian.
1609 2879 1675 2925 10,
1708 2879 1756 2926 1,·
1792 2878 1867 2925 22,
1901 2879 1926 2916 1

207 2944 398 2999 (dubium
426 2959 529 2987 num
558 2948 599 2987 et
625 2946 696 2987 vit.
730 2945 968 2987 Maximini
995 2948 1067 2994 20,
1088 2947 1144 3001 1),
1177 2947 1356 2986 ceterum
1383 2957 1546 2998 semper
1574 2943 1796 2986 Balbinus.

293 3012 542 3070 Εὐπατρίὸης
561 3013 798 3056 Herodian.
822 3017 858 3064 7,
882 3017 949 3064 10,
970 3017 1020 3064 4,·
1048 3012 1236 3054 familiae
1256 3014 1585 3067 vetustissimae,
1615 3019 1663 3054 ut
1692 3013 1784 3068 ipse
1814 3011 1924 3053 dice-

205 3081 291 3135 bat,
323 3095 350 3122 a
379 3081 515 3123 Balbo
537 3081 736 3125 Cornelio
758 3082 1022 3138 Theophane
1053 3082 1264 3136 originem
1293 3081 1467 3135 ducens,
1500 3082 1575 3138 qui
1601 3096 1679 3137 per
1700 3081 1779 3125 Cn.
1802 3082 1924 3123 Pom-

206 3150 352 3205 peium
371 3150 590 3192 civitatem
616 3157 843 3204 meruerat,
877 3165 975 3192 cum
1005 3156 1117 3191 esset
1145 3164 1249 3192 suae
1278 3151 1443 3205 patriae
1473 3148 1764 3192 nobilissimus
1795 3149 1926 3190 idem-

207 3233 292 3275 que
330 3218 534 3260 historiae
573 3219 758 3274 scriptor
795 3219 867 3260 vit.
910 3217 1101 3260 Maximi
1138 3220 1178 3259 et
1214 3217 1396 3260 Balbini
1425 3221 1463 3268 7,
1492 3221 1520 3259 3
1560 3218 1651 3272 (ubi
1685 3217 1926 3271 conflantur

214 3286 486 3341 Theophanes
515 3289 555 3329 et
582 3286 699 3341 filius
729 3286 949 3340 adoptivus
984 3286 1074 3328 eius
1099 3285 1319 3328 Cornelius
1348 3285 1544 3333 Balbus).
1600 3285 1757 3328 Consul
1781 3286 1815 3327 I
1836 3285 1924 3338 suf-

203 3355 339 3409 fectus
378 3369 489 3398 anno
528 3355 689 3398 incerto
733 3354 894 3397 saeculi
919 3354 982 3397 II
1013 3355 1199 3396 exeuntis
1237 3354 1302 3396 vel
1335 3354 1424 3397 III
1454 3355 1660 3404 ineuntis;
1700 3353 1849 3396 consul
1879 3354 1924 3395 ΙΙ

1579 3421 1650 3456 17*
