2202 3730
308 297 592 334 ARRVNTIVS
1172 290 1190 331 l
1199 289 1254 331 44
1826 296 2113 333 ARRVNTIVS·

393 429 442 474 O.
461 430 630 473 Sosium
652 427 842 468 servavit
868 425 1046 469 Velleius
1064 428 1106 476 2,
1129 428 1195 468 86.
1246 425 1410 468 Consul
1429 440 1468 468 a.
1491 426 1574 469 733
1594 446 1650 461 =
1672 428 1726 470 22
1747 428 1865 481 fasti.
1882 429 2115 472 ——XVvir

394 498 526 539 sacris
556 495 770 537 faciundis
802 497 829 536 t.
851 497 877 536 1
907 508 1018 536 anno
1051 494 1132 537 737
1159 514 1214 529 z
1236 495 1288 537 17
1320 497 1346 536 t.
1369 498 1413 538 2.

448 566 499 607 L.
511 564 758 617 Arruntius,
770 564 839 604 vir
849 576 972 604 rarae
984 561 1243 616 frugilitatis,
1259 564 1332 618 qui
1344 562 1543 605 historias
1553 562 1657 605 belli
1670 552 1823 606 Punici
1836 565 2020 620 scripsit,
2033 565 2116 607 fuit

394 633 680 676 Sallustianus
701 631 863 674 Seneca
883 631 1001 685 epist.
1022 633 1113 681 114,
1136 634 1193 672 17
1209 643 1294 684 sqq.
1345 631 1395 673 L.
1418 631 1650 674 Arruntius
1672 638 1822 674 auctor
1842 632 1974 675 Plinii
1995 632 2113 676 Plin.

389 715 431 743 n.
453 701 492 743 h.
514 700 599 743 ind.
623 700 649 744 l.
671 702 710 741 3.
730 702 769 742 5.
793 702 830 742 6.
846 724 904 729 —
918 699 1080 741 Rerum
1095 699 1276 753 scriptor
1290 702 1433 741 utrum
1447 703 1588 742 noster
1604 714 1661 742 an
1675 699 1791 755 filius
1806 701 1896 756 (qui
1913 700 2115 755 sequitur)

389 767 689 822 intelleyendus
726 767 794 816 sit,
828 766 1043 809 decernere
1083 767 1154 809 vix
1194 767 1331 809 ausim
1366 781 1527 822 parum
1567 768 1750 823 confisus
1787 768 2115 810 ratiocinatione

389 837 572 887 illorum,
608 836 683 889 qui
710 835 838 877 verba
860 835 1043 878 Senecae
1076 842 1216 877 ‘rarae
1243 835 1509 890 frugilitatis'
1545 835 1603 878 ad
1631 839 1833 887 nostrum,
1865 837 2016 891 quippe
2042 837 2118 890 qui

392 920 418 947 a
445 905 596 948 Velleio
616 907 660 955 2,
677 906 743 954 86,
761 907 793 947 2
811 904 878 945 vir
901 904 1056 959 ‘prisca
1077 905 1292 959 gravitate
1314 903 1634 947 celeberrimus’
1660 904 1869 956 laudetur,
1889 904 2115 959 referenda

391 987 476 1032 esse
506 975 767 1015 censuerunt.
1907 975 1912 979 ’

306 1043 388 1085 929
420 1049 463 1084 L.
495 1047 793 1095 ARRVNTIVS,
827 1040 977 1083 consul
1008 1041 1091 1084 759
1112 1061 1167 1099 †—-
1188 1042 1214 1084 6
1244 1056 1284 1098 p.
1309 1041 1357 1084 O.
1398 1056 1494 1083 cum
1522 1041 1582 1084 M.
1614 1041 1799 1084 Aemilio
1830 1041 2011 1098 Lepido.
2057 1042 2114 1084 In

391 1110 631 1154 consulatu:
661 1104 712 1154 L.
734 1108 969 1151 Arruntius
999 1109 1107 1163 fasti
1134 1108 1251 1164 Cap„
1282 1109 1370 1152 Dio
1400 1109 1488 1154 ind.
1519 1109 1545 1154 l.
1567 1113 1621 1152 55
1631 1119 1644 1162 ,⁴
1672 1112 1736 1161 55,
1762 1113 1832 1161 25,
1863 1110 1898 1152 Ι
1921 1113 2014 1154 752.
2036 1113 2116 1153 753

388 1181 449 1222 II
455 1182 563 1222 3695
589 1178 657 1221 VI
663 1180 811 1228 14844,
831 1177 1152 1220 Monumentum
1167 1178 1386 1232 Ancyran.
1410 1178 1483 1220 lat.
1501 1181 1539 1229 3,
1561 1181 1615 1221 35
1631 1199 1686 1214 =
1698 1193 1762 1234 qr.
1785 1182 1825 1230 9,
1846 1182 1911 1230 14,
1935 1182 2114 1221 ceterum

389 1248 638 1303 plerumque
667 1246 904 1288 Arruntius
930 1246 1050 1300 fasti.

472 1317 523 1359 L.
556 1316 598 1370 f.,
631 1316 681 1359 L.
714 1329 755 1358 n.
787 1315 895 1369 fasti
930 1314 1050 1369 Cap„
1081 1315 1132 1357 L.
1155 1315 1183 1358 f.
1213 1314 1300 1358 Dio
1330 1315 1416 1360 incl.
1451 1315 1477 1358 l.
1498 1317 1563 1367 55,
1595 1315 1710 1358 filius
1738 1315 1927 1359 consulis
1957 1331 1995 1358 a.
2030 1316 2113 1359 733

389 1405 444 1419 Ξ
465 1386 532 1428 22.
586 1383 747 1437 Consul
768 1398 807 1429 a.
828 1385 854 1426 6
874 1399 916 1440 p.
940 1383 988 1427 C.
1017 1398 1052 1427 v.
1075 1397 1220 1439 supra,
1251 1385 1295 1426 in
1325 1383 1533 1427 kalendas
1555 1385 1689 1427 Iulias
1712 1385 1820 1439 fasti
1845 1384 1951 1440 Cap.
1980 1384 2034 1429 A.
2059 1385 2113 1427 14

390 1454 434 1495 in
477 1459 629 1495 senatu
668 1453 923 1495 sententiam
963 1452 1075 1494 dixit
1110 1453 1208 1495 Tac.
1231 1467 1270 1497 a.
1292 1456 1330 1503 1,
1351 1456 1391 1495 8.
1442 1453 1644 1496 Tiberius
1685 1469 1782 1496 eum
1822 1453 2000 1496 divitem
2040 1451 2128 1507 (cf.

394 1522 491 1566 Tae.
514 1536 553 1564 a.
575 1524 640 1572 11,
666 1523 719 1577 7),
760 1527 1007 1577 promptum
1038 1521 1204 1564 actibus
1237 1522 1420 1576 egregiis
1462 1528 1504 1563 et
1540 1523 1633 1578 pari
1668 1521 1784 1564 fama
1813 1521 2110 1579 suspectabat3

390 1590 445 1632 ab
470 1589 670 1644 Augusto
703 1590 880 1646 imperio
912 1589 1070 1644 dignus
1100 1589 1274 1633 habitus
1304 1590 1390 1632 ibd.
1416 1594 1454 1641 1,
1476 1593 1542 1633 13.
1591 1590 1645 1633 A.
1669 1591 1722 1633 15
1751 1605 1857 1633 cura
1886 1589 2122 1632 coercendi*

390 1659 560 1701 Tiberis
580 1658 707 1700 Ateio
730 1657 930 1714 Capitoni
962 1665 1004 1699 et
1022 1658 1072 1700 L.
1091 1657 1299 1700 Arruntio
1321 1658 1525 1701 mandata
1546 1665 1610 1701 est
1631 1659 1716 1702 ibd.
1737 1663 1775 1710 1,
1799 1662 1863 1702 76.
1886 1662 1951 1702 79.
1983 1658 2036 1703 Α.
2058 1659 2114 1702 20
2137 1649 2141 1654 ’

387 1743 413 1769 a
444 1727 522 1769 Cn.
555 1727 712 1769 Pisone
747 1733 955 1783 patronus
995 1727 1157 1782 petitus
1194 1742 1238 1768 se
1279 1728 1506 1769 excusavit
1547 1727 1631 1770 ibd.
1652 1731 1691 1778 3,
1713 1731 1778 1770 11.
1827 1727 2114 1770 Accusatores

387 1796 479 1837 eius
511 1795 701 1837 damnati
739 1802 864 1837 erant
902 1794 987 1837 ibd.
1018 1798 1056 1846 6,
1081 1798 1110 1837 7
1136 1795 1270 1850 (intra
1301 1810 1341 1838 a.
1361 1796 1501 1847 29l31,
1534 1810 1618 1850 qua
1649 1796 1698 1838 de
1726 1810 1773 1838 re
1801 1810 1908 1850 quae
1941 1795 2115 1839 Tacitus

387 1864 620 1914 rettulerat,
662 1863 818 1906 lacuna
845 1863 1001 1905 codicis
1028 1863 1281 1919 perierunt).
1341 1864 1596 1921 Hispaniam
1636 1865 1916 1919 (citeriorem)
1958 1863 2112 1906 absens

392 1934 506 1975 rexit
533 1932 588 1974 id.
619 1931 659 1974 lt.
691 1936 734 1982 2,
764 1934 815 1975 65
854 1932 954 1974 inde
990 1932 1045 1974 ab
1077 1948 1115 1974 a.
1148 1934 1202 1975 25
1233 1933 1286 1987 cf.
1317 1933 1376 1976 id.
1399 1947 1438 1977 a.
1459 1937 1499 1984 4,
1519 1936 1595 1984 45,
1627 1934 1768 1975 minus
1797 1935 1995 1975 accurate
2023 1931 2109 1976 ibd.

388 2004 426 2052 6,
448 2004 510 2045 27
518 2001 610 2043 >sul)
642 2015 682 2043 a.
708 2003 763 2042 33
792 2000 895 2043 dicit
926 2015 1023 2043 eum
1058 2001 1272 2043 decimum
1310 2002 1395 2044 iam
1425 2017 1586 2044 annum
1617 2003 1803 2044 attineri.
1855 2000 1908 2044 A.
1936 2001 1990 2044 37
2020 2000 2111 2043 Ma-

385 2084 515 2111 crone
545 2075 720 2111 auctore
752 2068 951 2111 adulterii
973 2068 1218 2112 Albucillae
1239 2069 1407 2112 delatus
1428 2085 1561 2112 venas
1583 2070 1768 2113 exsolvit
1788 2070 1874 2113 ibd.
1896 2073 1934 2120 6,
1951 2071 2109 2120 47-48,

387 2137 475 2180 Dio
503 2140 569 2188 58,
592 2141 663 2180 27.

471 2207 750 2263 Propinquus
780 2207 830 2248 L.
856 2206 1003 2249 Sullae
1038 2207 1137 2250 Tac.
1162 2221 1201 2250 a.
1222 2210 1260 2258 3,
1281 2211 1347 2251 31.
1371 2233 1425 2237 —
1445 2207 1565 2250 Idem
1593 2206 1895 2262 intelleqendus
1926 2209 1986 2249 est
2010 2206 2109 2249 Tac.

386 2289 425 2320 a.
456 2278 519 2325 11,
552 2278 578 2316 6
622 2275 932 2317 ‘meminissent
968 2275 1109 2318 Asinii
1148 2275 1359 2318 Messalae
1403 2291 1453 2318 ac
1497 2277 1784 2318 recentiorum
1825 2275 2023 2318 Arruntii
2069 2280 2112 2317 et

384 2343 645 2398 Aesernini',
684 2344 762 2385 ubi
791 2347 978 2386 oratores
1008 2344 1236 2386 clarissimi
1260 2348 1577 2399 componuntur.
1628 2345 1729 2387 Non
1757 2345 1897 2387 minus
1926 2358 2023 2398 erqo
2053 2343 2112 2385 ad

384 2412 493 2453 hunc
521 2414 683 2465 spectat
700 2412 1030 2455 narratiuncula
1052 2412 1101 2454 dc
1122 2413 1379 2455 contentione
1399 2414 1450 2455 L.
1472 2413 1677 2455 Arruntii
1700 2427 1793 2455 cum
1811 2412 1994 2455 Albucio
2015 2411 2110 2455 Silo

381 2480 428 2522 in
462 2480 620 2522 iudicio
660 2481 956 2523 centumvirali
985 2481 1146 2523 Seneca
1176 2485 1358 2524 controv.
1390 2485 1418 2524 7
1446 2482 1591 2536 praef.
1626 2484 1654 2523 7
1682 2481 1843 2537 (eadem
1868 2480 2109 2523 nominibus

385 2550 436 2591 L.
461 2548 667 2591 Arruntii
695 2549 859 2591 omissis
889 2549 1060 2593 Sueten.
1091 2550 1245 2592 rhetor.
1267 2549 1321 2604 6).
1374 2551 1634 2593 Nominatur
1659 2550 1756 2593 Tac.
1782 2564 1822 2592 a.
1845 2553 1884 2601 6,
1904 2549 1943 2592 5.
1967 2573 2020 2578 -
2040 2547 2109 2591 Dc

385 2618 436 2659 L.
466 2616 675 2659 Arruntio
704 2631 847 2659 rerum
877 2617 1081 2671 scriqitore
1109 2618 1202 2659 vide
1230 2618 1277 2660 in
1296 2621 1440 2672 patre.

467 2685 542 2726 Ad
578 2685 686 2727 hunc
724 2686 969 2739 referendus
1005 2685 1170 2728 videtur
1210 2689 1238 2728 t.
1277 2686 1535 2728 monumenti
1567 2686 1876 2728 Arruntiorum
1912 2685 1981 2728 VI
1998 2687 2107 2727 5931

380 2753 607 2807 Libert(is)
639 2759 681 2795 et
709 2753 898 2796 familiae
927 2754 979 2796 L.
1000 2753 1182 2796 Arrunti
1212 2755 1263 2796 L.
1294 2754 1323 2798 f.
1357 2754 1611 2809 Teretin(a),
1643 2754 1719 2796 ubi
1746 2753 1993 2809 Arruntius,
2023 2752 2106 2796 Ar-

385 2823 540 2876 runtia,
572 2821 636 2863 vel
666 2822 714 2863 L.
745 2821 979 2864 Arruntius
1002 2822 1169 2876 passim
1198 2823 1467 2865 inveniuntur
1497 2822 1566 2866 VI
1585 2824 1849 2866 5932-5946.

299 2890 382 2932 930
412 2897 456 2931 L.
488 2890 805 2944 ARR[VN]T1vs
838 2890 1038 2944 (ARTTIO
1070 2891 1116 2933 in
1146 2891 1318 2946 lapide),
1351 2890 1501 2933 consul
1531 2891 1669 2946 (suff.)
1699 2891 1744 2933 X
1764 2891 1809 2933 k.
1839 2890 2016 2932 Decem.
2045 2887 2104 2941 (a.

383 2958 557 3012 incerto)
589 2973 688 3000 cum
718 2958 768 3000 T.
800 2958 955 3001 Flavio
985 2959 1121 3001 Basso
1152 2959 1201 3002 X
1225 2962 1346 3002 6785.

301 3026 379 3068 931
413 3032 466 3070 Μ.
495 3032 781 3069 ARRVNTIVS
816 3060 937 3070 .....
954 3060 964 3082 ,
998 3027 1147 3069 consul
1179 3028 1313 3083 (suff.)
1344 3043 1382 3070 a.
1404 3029 1459 3070 66
1491 3027 1605 3084 (post
1633 3028 1748 3070 XIII
1777 3026 1866 3070 kal.
1886 3026 1987 3082 Iul.)
2017 3026 2105 3070 VII

385 3094 430 3136 k.
462 3093 556 3138 Oct.
589 3094 656 3137 VI
676 3098 789 3138 2044
829 3099 927 3137 acta
964 3096 1211 3146 Arvalium,
1254 3096 1332 3138 ubi
1370 3096 1551 3151 colleqae
1589 3110 1738 3138 nomen
1766 3096 1913 3150 periit.
1974 3095 2104 3149 Vulyo

386 3162 483 3204 huic
512 3162 697 3216 Aquilae
727 3177 952 3218 coqnomcn
982 3164 1186 3206 tribuitur
1214 3164 1303 3207 sine
1331 3164 1424 3206 ulla
1450 3164 1603 3207 idonea
1633 3177 1775 3206 causa.

300 3231 383 3273 932
413 3237 638 3272 PAVLLVS
651 3231 710 3286 (P)
739 3238 1024 3274 ARRVNTIVS
1057 3232 1225 3291 (Παύλῳ
1250 3230 1451 3291 Ἀρουντίῳ
1476 3232 1597 3286 vulqo
1628 3246 1678 3275 ex
1707 3232 1888 3274 editione
1908 3231 2106 3287 principe

382 3298 605 3340 secundum
632 3300 861 3342 versionem
891 3300 1084 3351 latinam,
1115 3302 1460 3358 ταλαιπωρουντίω
1491 3300 1717 3355 traditur),
1759 3301 1986 3343 comitatus
2024 3300 2104 3342 im-

384 3373 624 3422 peratorem
648 3368 818 3418 Gaium,
847 3383 943 3410 cum
975 3369 1291 3411 interficeretur
1307 3360 1474 3423 Ioseph.
1496 3372 1583 3410 ant.
1605 3372 1671 3419 19,
1693 3372 1730 3419 1,
1752 3372 1817 3411 14.
1859 3368 1923 3423 Of.
1945 3383 1987 3413 n.
2009 3370 2100 3410 945.
