2202 3730
83 253 386 297 ATHENAEV‘S
643 315 649 316 γ
951 243 1032 297 1i3
1638 247 1895 295 ArnENAis

89 392 198 435 1067
229 391 500 446 Athenaeus,
524 390 732 434 'Seleucia
762 390 940 434 Ciliciae
981 390 1215 447 oriundus,
1257 390 1539 447 philosophus
1570 390 1898 448 Peripateticus,

172 459 367 516 aequalis
401 459 626 502 Strabonis
666 465 845 516 propter
884 460 1117 502 amicitiam
1146 459 1377 502 Murenae.
1397 474 1498 502 reus
1537 458 1676 502 factus
1707 460 1900 502 coniura-

170 529 300 571 tionis
331 529 376 570 in
408 527 674 584 Augustum,
717 527 792 570 sed
833 527 1056 572 absolutus
1095 527 1225 584 paulo
1264 533 1363 584 post
1394 526 1452 580 (a.
1476 530 1554 570 731
1584 547 1639 563 =
1669 526 1743 582 23)
1773 528 1904 585 periit

171 596 331 640 Strabo
361 600 426 648 14,
454 599 493 647 5,
525 600 565 641 4.

88 677 197 719 1068
227 675 491 730 Athenaeus,
517 675 708 732 sophista
725 676 980 719 Naucratita
998 675 1100 719 Ath.
1121 679 1207 730 310.
1224 678 1337 728 73α,·
1365 678 1451 730 719.
1471 678 1609 728 3010;
1637 678 1691 718 11
1703 689 1752 730 p.
1766 677 1849 718 480
1861 675 1902 727 cl,

173 744 334 787 Romae
373 744 494 799 degit
532 744 615 787 sub
647 744 884 788 Commodo
915 744 1017 789 Ath.
1038 748 1098 789 12
1118 759 1167 799 p.
1188 747 1272 788 537
1278 745 1311 798 f,
1351 744 1429 787 ubi
1460 758 1567 798 quae
1602 744 1652 787 de
1678 738 1902 787 Commodo

175 807 374 856 Herculis
407 822 640 868 personam
685 816 832 868 aqente
878 813 1096 863 dicuntur,
1136 816 1237 867 post
1280 825 1418 855 necem
1464 813 1554 855 eius
1592 813 1755 867 scripta
1792 814 1902 854 sunt.

177 874 380 940 Ἀθήναιος
419 881 713 939 Ναυκρατίτης,
755 881 1048 938 γραμματικός,
1090 884 1265 939 γεγονὼς
1306 882 1368 923 ἐπὶ
1411 885 1490 924 τῶν
1536 880 1692 937 χρόνων
1737 879 1903 937 Μάρκου

178 950 351 1002 Suiclas‚
381 950 455 993 secl
482 950 584 992 haec
614 952 757 1004 aperte
787 952 957 1003 sumpta
986 952 1084 992 sunt
1113 964 1163 992 ex
1182 949 1403 1004 principio
1433 949 1525 1003 ipso
1550 948 1906 1003 Dipnosophista—

175 1033 290 1070 rum,
340 1032 443 1073 quos
490 1018 734 1061 Athenaeus
787 1017 1062 1071 colloquentes
1110 1018 1236 1072 finqit
1279 1017 1327 1059 in
1375 1030 1496 1068 cena,
1546 1030 1672 1071 quam
1718 1016 1909 1059 exhibuit

178 1087 246 1141 (P.
280 1086 452 1141 Livius)
483 1086 688 1128 Larensis
719 1079 861 1140 (cfi'L
886 1085 989 1140 2079
1018 1086 1307 1142 καθιστάμενος
1343 1082 1406 1127 ἐπὶ
1444 1089 1523 1128 τῶν
1563 1087 1682 1142 ἱερῶν
1713 1086 1811 1128 εἶναι
1840 1086 1906 1127 καὶ

178 1157 325 1199 θυσιῶν
357 1156 431 1210 (=
461 1154 660 1211 pontifex
689 1155 847 1209 minor)
879 1156 955 1197 ὑπὸ
986 1159 1056 1198 τοῦ
1089 1154 1284 1212 βασιλέως
1313 1153 1480 1210 Μάρκου
1510 1153 1612 1196 Ath.
1637 1157 1663 1195 1
1685 1168 1734 1208 p.
1755 1156 1833 1196 20.

262 1223 520 1266 Accuratior
550 1224 748 1278 temporis
777 1223 965 1278 definitio
998 1222 1154 1277 pendet
1186 1237 1214 1265 a
1241 1222 1380 1265 verbis
1409 1221 1622 1264 Athenaei
1650 1224 1702 1264 15
1724 1236 1772 1276 p.
1793 1224 1874 1264 686
1885 1235 1905 1263 c

180 1292 229 1335 dc
258 1292 446 1347 leiano
473 1292 624 1347 Tyrio:
653 1294 717 1335 καὶ
748 1290 835 1348 μετ’
857 1292 901 1333 οὐ
927 1291 1079 1338 πολλὰς
1108 1291 1261 1348 ἡμέρας
1290 1292 1422 1348 ὥσπερ
1455 1291 1574 1337 αὐτὸς
1604 1292 1723 1334 αὑτοῦ
1754 1291 1905 1347 σιωπὴν

179 1362 604 1418 καταμαντευσάμενος
625 1361 827 1404 ἀπέθανεν
851 1361 1040 1416 εὐτυχῶς,
1074 1360 1219 1403 οὐδένα
1238 1361 1374 1417 καιρὸν
1397 1359 1501 1415 νόσῳ
1531 1359 1744 1416 παραδούς,
1777 1357 1907 1401 πολλὰ

179 1431 222 1472 δὲ
253 1432 433 1488 λυπήσας
461 1432 568 1486 ἡμᾶς
595 1430 686 1476 τοὺς
716 1430 905 1486 ἑταίρους.
959 1429 1076 1482 Quae
1096 1429 1226 1471 verba
1246 1427 1410 1470 Kaibel
1420 1427 1565 1481 praef.
1581 1427 1684 1469 Ath.
1702 1441 1750 1482 p.
1773 1427 1906 1481 Vsqq.

177 1499 344 1541 ratione
387 1501 496 1541 recte
540 1498 752 1552 eoeposita,
798 1511 883 1552 qua
927 1498 1094 1540 omnino
1130 1497 1376 1539 Athenaeus
1414 1497 1462 1538 in
1495 1497 1694 1550 personis
1731 1495 1910 1538 convivii

178 1567 386 1621 finqenclis
423 1580 524 1609 usus
564 1570 636 1617 est,
670 1569 771 1621 post
810 1566 991 1620 leiani
1026 1566 1120 1608 iure
1161 1565 1342 1608 consulti
1378 1567 1553 1607 mortem
1583 1565 1716 1620 (cirea
1747 1578 1787 1608 a.
1817 1566 1909 1606 228

182 1634 323 1690 occisi)
358 1636 522 1690 scriffia
562 1648 648 1678 esse
686 1635 779 1677 iure
813 1635 976 1677 statuit.
1033 1633 1155 1688 Quod
1193 1637 1332 1676 autem
1362 1636 1464 1688 post
1500 1632 1608 1675 alios
1637 1631 1806 1674 Dessau
1836 1632 1906 1686 (ef.

179 1702 226 1744 D
254 1705 348 1760 145)
379 1707 560 1758 propter
599 1706 830 1758 temporum
868 1703 1058 1746 rationes
1088 1702 1263 1757 'putavit
1302 1701 1534 1756 leianum
1572 1700 1784 1743 Athenaei
1824 1714 1909 1742 non

177 1784 304 1825 posse
330 1785 415 1813 non
441 1771 648 1814 diversum
677 1784 763 1814 esse
794 1785 820 1813 a
848 1771 942 1814 iure
970 1770 1171 1821 consulto,
1202 1770 1386 1824 fortasse
1406 1772 1591 1824 patrem,
1622 1769 1729 1811 mihi
1756 1769 1802 1811 in
1828 1769 1909 1810 hac

181 1853 339 1894 quoque
367 1854 414 1882 re
437 1840 680 1882 Athenaeus
711 1842 821 1897 ζήλῳ
852 1839 1102 1898 Πλατωνικῷ
1123 1838 1323 1881 Platonis
1351 1838 1529 1892 vestiqia
1558 1837 1704 1892 leqisse
1732 1837 1907 1879 videtur.

181 1908 280 1962 Ipse
300 1909 408 1950 enim
428 1908 595 1963 (Athen.
613 1910 699 1962 51).
716 1907 849 1962 217e)
875 1921 961 1950 non
987 1908 1137 1950 nesciit
1157 1907 1382 1950 Platonem
1406 1920 1492 1949 non
1517 1905 1643 1948 semel
1661 1905 1734 1960 (ef.
1756 1905 1908 1955 Zeller,

132 1972 143 1974 ³
187 1975 318 2019 Ueber
357 1976 424 2019 clie
451 1976 818 2019 Anachronismen
856 1977 903 2019 in
942 1976 1021 2019 den
1052 1975 1349 2030 platonischen
1380 1974 1672 2030 Gesprachen,
1704 1974 1910 2016 Abhand-

183 2043 335 2099 lunqen
364 2040 438 2088 cler
465 2045 666 2088 Berliner
684 2045 920 2088 Ahademie
951 2045 1204 2088 Phil.-Hist.
1228 2045 1280 2086 K
1284 2044 1310 2087 l.
1331 2047 1442 2087 1873
1463 2059 1510 2099 p.
1534 2047 1586 2086 79
1606 2042 1710 2097 sqq.)
1732 2057 1911 2098 peccare

184 2113 291 2170 παρὰ
319 2115 408 2161 τοὺς
432 2114 600 2172 χρόνους
620 2139 676 2144 -
695 2138 752 2144 -
772 2116 874 2157 πάνυ
894 2114 1151 2170 ἐσκεμμένως
1181 2115 1304 2166 atque
1331 2113 1415 2168 eqit
1445 2112 1494 2154 ole
1515 2111 1732 2166 Symposii
1757 2115 1910 2165 tempo-

183 2180 313 2232 ribus,
345 2182 456 2235 quod
474 2183 746 2237 potissimum
768 2182 984 2237 eaeemplar
1004 2183 1088 2224 sibi
1107 2182 1300 2235 eleqerat.
1353 2181 1499 2234 Neque
1520 2180 1727 2222 audacior
1745 2179 1911 2222 videtur

184 2247 396 2303 leianus
425 2251 471 2293 in
505 2264 650 2293 cenam
683 2253 821 2292 aetate
849 2250 1121 2305 imperatoris
1153 2250 1219 2292 M.
1248 2249 1422 2291 Aurelii
1450 2248 1681 2291 exhibitam
1714 2248 1910 2291 inductus

184 2331 311 2371 quam
333 2319 575 2361 notissimus
603 2318 676 2361 ille
708 2318 916 2376 διῳκισμός
938 2318 1290 2360 Mantinaeorum
1320 2316 1438 2371 apud
1463 2316 1688 2359 Platonem
1717 2316 1909 2371 Sympos.

181 2400 230 2440 p,
260 2389 344 2429 193
354 2401 394 2430 a.

272 2455 524 2498 Athenaeus
564 2461 796 2512 antequam
833 2454 1199 2511 Dipnosophistas
1238 2453 1407 2509 ederet,
1448 2453 1682 2509 scripserat
1713 2455 1800 2511 περὶ
1830 2458 1908 2497 τῶν

187 2523 229 2566 ἐν
261 2524 383 2581 Συρία
415 2526 730 2583 βασιλευσάντων
750 2523 853 2566 Ath.
874 2526 902 2566 5
926 2538 970 2577 p.
991 2526 1117 2566 211a
1147 2529 1190 2565 et
1218 2523 1306 2579 περὶ
1335 2520 1510 2580 θρᾴττας
1537 2524 1563 2563 7
1582 2535 1631 2575 p.
1653 2524 1738 2565 329
1750 2535 1783 2564 c.
1841 2521 1909 2576 Cf.

191 2590 350 2643 Christ,
381 2592 627 2635 Geschichte
659 2592 733 2635 der
757 2591 1044 2647 qriechisehen
1074 2591 1315 2633 Litteratur
1342 2590 1374 2646 ἕ
1403 2593 1493 2634 482
1502 2590 1536 2632 2.

105 2671 215 2713 1069
245 2671 517 2727 Athenaeus,
559 2671 786 2716 Gallienus
818 2686 916 2714 eum
955 2677 997 2714 et
1026 2670 1306 2714 Cleodamum
1343 2671 1579 2726 Byzantios
1619 2670 1911 2712 instaurandis

176 2731 369 2783 ‘urbibus
397 2741 729 2798 muniendisque
760 2746 910 2782 contra
940 2739 1124 2796 Scythas
1159 2739 1368 2796 praefecit
1395 2739 1468 2781 vit.
1499 2737 1692 2781 Gallieni
1718 2741 1783 2789 13,
1814 2741 1853 2780 6.

131 2831 188 2837 —
219 2815 494 2853 CARMINIVS
523 2815 908 2852 ATHENAGORAS.

131 2900 189 2906 —
218 2877 397 2920 Flavius
426 2878 740 2933 Athenagoras.

131 2968 190 2975 —-
217 2946 456 3002 MAR(ch)
485 2947 737 3001 FL(Av1vs)
770 2950 1045 2988 CARMINIVS
1075 2950 1447 2987 ATHENAGORAS
1478 2948 1728 2987 LIVIANVS.

107 3026 218 3070 1070
246 3026 469 3083 Athenais,
501 3028 642 3070 amica
662 3033 705 3069 et
728 3027 852 3069 heres
872 3025 1070 3068 Arruntii
1101 3025 1271 3080 medici,
1303 3025 1373 3066 cui
1404 3024 1602 3066 sestertia
1620 3024 1704 3069 (TC—c
1723 3022 1908 3079 reliquit.

189 3094 306 3140 Plin.
336 3109 378 3139 n.
409 3095 450 3138 h.
480 3100 553 3147 29,
581 3099 622 3138 8.

134 3188 190 3195 -
218 3163 406 3207 Claudia
434 3163 657 3207 Athenais.

133 3254 191 3262 —
218 3239 413 3276 MARCIA
443 3238 663 3276 CLAVDIA
691 3238 844 3274 ALCIA
872 3236 1127 3272 ATHENAIS
1159 3236 1367 3274 GAVIDIA
1397 3234 1644 3271 LATIARIS.

133 3324 192 3332 ·--
220 3301 445 3358 [Vibullia]
475 3300 700 3345 Athenais.
