2176 3750
82 333 324 369 AEMILIVS
956 326 1008 368 31
1649 332 1892 367 AEMILIVS

98 467 103 470 ’
169 480 244 506 eae
283 463 623 518 constituendae,
662 463 775 506 filius
805 464 932 506 Iunia
962 463 1086 505 Bruti
1129 478 1275 505 sorore
1314 469 1441 504 natus
1482 462 1663 504 Velleius
1690 466 1734 512 2,
1755 465 1823 513 88,
1846 466 1895 513 1,-

167 549 205 575 a.
228 533 312 575 724
332 552 388 567 =
408 533 462 574 30
493 533 661 574 iuvenis
692 538 841 574 contra
867 531 1097 574 Caesarem
1129 532 1372 573 coniuravit
1396 545 1445 572 eo
1478 530 1668 584 consilio,
1702 538 1750 572 ut
1780 545 1890 585 cum,

169 616 266 644 cum
306 602 350 642 in
392 601 543 643 urbem
584 602 853 655 revertisset,
895 600 1177 651 interficeret,
1221 599 1297 641 sed
1326 615 1352 641 a
1382 599 1633 641 Maecenate
1664 614 1894 655 oppressus

168 669 342 712 Aetium
373 670 527 711 missus
557 668 703 725 ibique
735 669 985 711 interfectus
1016 675 1080 709 est
1111 668 1290 710 Velleius
1320 668 1346 710 l.
1381 668 1430 717 l.,
1464 668 1557 709 Lis.
1579 667 1768 721 perioeli.
1800 671 1892 717 133,

168 738 357 793 Appian.
398 738 435 780 b.
473 751 506 779 e.
535 741 586 787 4,
616 741 694 787 50,
742 737 828 778 Dio
866 739 942 786 59,
974 739 1038 778 15.
1111 735 1449 779 Coniurationem
1483 737 1640 789 paucis
1680 737 1894 789 attinqunl

170 807 330 849 Seneca
360 806 410 848 de
440 806 624 847 clement.
654 809 692 855 1,
725 809 762 854 9,
795 808 842 854 6,
886 805 1029 848 brevit.
1060 805 1132 848 vit.
1163 808 1202 854 4,
1232 808 1272 854 5,
1305 804 1422 847 Suet.
1454 803 1565 858 Auy.
1598 795 1678 854 19,
1703 804 1895 846 Rutilius

169 875 420 917 Numatian.
447 878 484 924 1,
515 876 609 916 303.
644 899 695 905 —-
728 873 912 915 Servilia
944 887 1054 914 uxor
1085 872 1263 915 Velleius
1294 873 1320 916 l.
1354 872 1379 914 l.

254 943 308 985 A.
340 943 422 985 710
453 963 508 977 Ξ
538 944 593 984 44
623 942 681 986 M.
714 941 930 984 Antonius
970 941 1100 982 filiam
1143 940 1231 983 filio
1262 941 1320 982 M.
1352 941 1509 997 Lepidi
1549 941 1779 997 despondit
1807 941 1895 982 Dio

168 1016 233 1062 44,
256 1014 310 1054 53
320 1025 333 1062 ;
362 1026 401 1053 a.
426 1010 506 1053 717
531 1030 584 1044 Ξ
606 1011 658 1052 37
683 1009 898 1052 Antonius
924 1009 977 1051 ad
1000 1009 1216 1065 Lepidum
1248 1009 1456 1064 collegam
1479 1009 1663 1052 Calliam
1693 1009 1894 1052 libertum

170 1080 286 1122 misit
325 1079 378 1121 de
417 1080 579 1135 nuptiis
619 1078 896 1120 conficiendis
929 1085 1126 1120 acturum
1155 1078 1344 1132 Appiau.
1379 1079 1416 1121 b.
1449 1093 1481 1121 c.
1511 1082 1550 1128 5,
1583 1081 1648 1128 93,
1684 1078 1795 1119 unde
1825 1093 1896 1119 eas

169 1150 341 1203 nuptias
382 1163 426 1190 re
468 1162 570 1190 vera
615 1149 826 1201 confectas
871 1161 956 1189 esse
1001 1161 1265 1201 nequaquam
1310 1147 1404 1189 lieet
1446 1146 1701 1189 concludere.
1776 1147 1896 1188 Haec·

167 1232 276 1271 quae
310 1217 476 1259 nomine
515 1216 599 1270 filii
638 1217 788 1258 omisso
827 1216 1077 1265 traduntur,
1118 1216 1274 1269 referri
1312 1215 1446 1257 solent
1486 1215 1544 1256 acl
1581 1215 1646 1256 M.
1687 1215 1892 1269 Lepidum

170 1301 210 1328 a.
233 1289 288 1328 30
319 1286 520 1328 occisum:
551 1288 596 1326 at
625 1284 718 1327 vide
750 1285 796 1326 in·
816 1287 960 1338 patre.

83 1355 166 1397 248
197 1362 248 1398 Μ.
281 1359 521 1395 AEMILIVS
553 1359 778 1405 LEPIDVS,
811 1352 962 1394 consul
995 1368 1032 1393 a.
1056 1354 1081 1394 6
1113 1368 1153 1408 p.
1182 1351 1232 1395 O.
1263 1367 1361 1394 cum
1391 1353 1442 1394 L.
1476 1352 1697 1394 Arruntio.
1760 1351 1895 1393 Num-

170 1438 259 1465 mus
295 1422 463 1465 Coliaei
501 1421 719 1476 Phryyiae
758 1422 804 1463 in
839 1425 969 1475 parte
1011 1421 1188 1463 adversa
1234 1435 1324 1462 oum
1366 1422 1504 1475 eapite
1548 1421 1709 1463 Tiberii
1749 1424 1788 1462 el
1832 1421 1895 1462 iu-

167 1492 395 1546 scriptione
434 1490 611 1547 Τιβέριος
650 1489 873 1546 Σεβαστός,
921 1490 967 1530 in
1000 1492 1130 1543 parte
1176 1502 1325 1530 aversa
1371 1490 1434 1531 ἐπὶ
1475 1488 1688 1545 Μάρκ(ου)
1726 1490 1895 1531 Λεπίδου

161 1559 403 1614 ’[Κοτια]έων
425 1558 710 1612 Waddinyton
724 1557 879 1600 Fastes
891 1572 939 1611 p.
952 1561 1060 1607 112;
1081 1557 1260 1599 alterum
1280 1557 1510 1611 exemplum
1530 1558 1669 1599 minus
1688 1558 1896 1610 intem-um

169 1627 295 1683 (quod
321 1641 432 1669 nuno
458 1630 518 1669 est
537 1627 584 1668 in
608 1639 748 1668 museo
768 1625 1054 1680 Berolinensi)
1077 1625 1297 1680 descripsit
1320 1626 1516 1668 Mionnet
1536 1626 1569 1667 Ι
1575 1625 1616 1667 V
1627 1629 1711 1668 271
1738 1639 1780 1667 n.
1802 1628 1892 1668 441.

172 1696 379 1738 Nimimus
407 1696 608 1745 novicius,
639 1709 755 1748 quem
786 1694 917 1736 edidit
937 1694 1148 1748 Boryliesi
1176 1709 1270 1748 opp.
1293 1695 1354 1736 II
1363 1698 1462 1743 327,
1494 1694 1574 1736 hue
1603 1708 1688 1736 non
1710 1694 1896 1748 pertine!

169 1766 224 1819 ef.
255 1764 542 1818 Waddmyton
572 1763 599 1805 l.
631 1763 658 1805 l.
692 1789 742 1792 —
776 1762 1047 1805 Memoratur
1076 1763 1121 1804 in
1152 1762 1274 1804 titulo
1306 1763 1449 1805 liberti
1477 1763 1545 1804 VI
1565 1766 1685 1805 9449.

253 1833 308 1875 In
328 1832 569 1874 consulatu:
599 1831 658 1873 M.
678 1830 888 1874 Aemilius
910 1831 1103 1887 Lepidus
1133 1831 1233 1884 fast.
1259 1831 1363 1885 Cap.
1387 1832 1458 1886 (ef.
1482 1831 1594 1885 Epio.
1616 1846 1677 1885 el).
1698 1834 1726 1872 3
1747 1846 1795 1884 1¹·
1813 1831 1895 1879 11),

169 1903 269 1955 fast.
312 1902 412 1944 min.
451 1901 586 1942 XIII
619 1900 713 1954 (ubi
751 1899 992 1954 Aimilius)‚
1034 1900 1095 1941 II
1126 1903 1256 1942 3695.
1299 1899 1387 1941 Dio
1425 1899 1513 1941 ind.
1553 1899 1578 1941 l.
1609 1902 1685 1950 55,·
1723 1902 1788 1948 55,
1817 1902 1897 1941 25.·

170 1970 228 2014 Μ.
256 1968 448 2025 Lepidus
478 1969 578 2022 fast.
610 1968 711 2009 min.
742 1968 862 2018 XII,
907 1968 1170 2012 Monument.
1202 1968 1421 2022 Ancyram.
1452 1972 1491 2018 3,
1524 1971 1593 2017 25,
1629 1968 1661 2009 Ι
1686 1970 1780 2011 752.
1804 1970 1895 2009 753.

171 2041 260 2081 754.
294 2040 384 2088 755,
422 2036 490 2079 VI
511 2039 645 2078 14844
687 2035 956 2088 Oclssiodm·.‚·
992 2040 1171 2079 ceterum
1212 2036 1404 2092 Lepidus
1444 2037 1562 2089 fasti.
1593 2061 1651 2066 ——
1682 2035 1895 2078 Aemilius

169 2106 361 2162 Lepidus
397 2106 494 2149 Tae.
528 2119 567 2147 a.
598 2109 641 2155 2,
663 2107 729 2154 48,
762 2105 821 2148 Μ.
853 2104 1047 2162 Lepidus
1078 2105 1162 2149 v'bd.
1193 2109 1232 2155 3,
1253 2107 1335 2155 32,·
1364 2108 1403 2154 3,
1428 2108 1496 2154 72,
1540 2104 1718 2146 Velleius
1736 2108 1779 2154 2,
1803 2107 1893 2153 114,

170 2174 258 2217 Dio
276 2177 342 2225 56,
364 2178 434 2223 12,
466 2173 657 2230 Lepidus
680 2174 800 2215 alibi.
825 2199 875 2204 —
900 2173 967 2216 De
989 2174 1091 2216 loeis
1116 2174 1298 2216 Taeiteis
1324 2174 1434 2215 inter
1462 2173 1571 2214 leuno
1601 2176 1638 2214 et
1661 2173 1747 2214 Μ’.
1771 2173 1896 2226 Lepi-

170 2243 268 2285 ‹lum
289 2242 590 2285 distribuendis
615 2242 709 2284 viole
739 2243 786 2284 in
807 2242 964 2284 Manio
991 2256 1033 2284 n.
1056 2245 1157 2286 242.
1205 2242 1369 2284 Nomen
1401 2243 1490 2283 eius
1510 2241 1751 2295 probaliter
1783 2240 1898 2294 apud

173 2311 369 2353 Velleium
395 2315 446 2360 2,
489 2313 593 2361 125,
637 2314 664 2353 5
702 2311 880 2353 inser-uit
922 2310 1121 2364 Madviy,
1164 2311 1238 2352 ubi
1274 2324 1423 2352 nomen
1465 2310 1619 2352 laeana
1651 2309 1798 2363 periit.
1844 2333 1894 2337 —

170 2380 229 2421 M.
259 2378 453 2435 Lepidus
482 2392 687 2429 num-mus,
720 2379 878 2422 titulus.

256 2446 395 2489 Paulli
426 2447 456 2490 f.
487 2447 538 2489 L.
569 2462 610 2488 n.
641 2447 742 2500 fast.
771 2446 899 2500 Cap„
935 2447 986 2490 L.
1017 2446 1046 2488 f.
1078 2446 1166 2488 Dio
1195 2447 1281 2490 incl.
1317 2448 1343 2489 l.
1373 2450 1449 2498 55,·
1478 2447 1593 2501 filius
1623 2460 1720 2500 erqo
1749 2445 1899 2487 Paulli

170 2515 348 2558 Aemilii
366 2515 520 2569 Lepidi
537 2516 623 2557 sive
643 2516 692 2556 L.
716 2514 894 2557 Aemilii
914 2514 1063 2556 Paulli
1083 2514 1267 2557 consulis
1295 2529 1334 2556 a.
1359 2518 1442 2558 720
1462 2535 1518 2549 =
1535 2518 1589 2557 34
1610 2518 1648 2556 et
1672 2513 1896 2557 Comuliae

170 2604 226 2618 Σ
244 2583 453 2639 ‘Lepidus
482 2582 611 2624 filius‘
641 2583 834 2638 Propert.
860 2587 899 2633 5,
930 2587 996 2632 11,
1023 2586 1085 2636 63,
1117 2597 1245 2637 nepos
1269 2584 1320 2625 L.
1348 2583 1525 2626 Aemilii
1543 2582 1694 2625 Paulli
1714 2581 1896 2624 consulis

171 2667 210 2694 a.
236 2655 315 2693 704
338 2670 394 2686 =
418 2654 484 2694 50.
509 2676 561 2680 —
593 2650 755 2693 Consul
788 2666 826 2692 a.
859 2652 886 2692 6
919 2666 958 2706 p.
991 2650 1038 2693 C·
1065 2651 1182 2704 fasti.
1224 2651 1446 2693 Autumno
1468 2666 1506 2693 a.
1524 2652 1549 2694 8
1574 2666 1673 2693 cum
1693 2649 1896 2692 Tiberius

172 2720 407 2762 Pannoniis
438 2719 629 2762 subactis
661 2720 897 2761 exercitum
927 2721 972 2761 in
1001 2719 1182 2762 hiberna
1216 2719 1483 2774 reduxisset,
1527 2719 1725 2762 omnibus
1763 2719 1897 2774 copiis

170 2804 197 2830 a
226 2788 412 2831 Caesare
445 2788 688 2844 praefectus
719 2794 784 2830 est
814 2787 993 2830 Velleius
1016 2792 1059 2838 2,
1090 2791 1181 2838 114,
1213 2791 1240 2830 5
1249 2802 1262 2839 ;
1300 2794 1476 2844 propter
1513 2803 1581 2830 res
1612 2795 1763 2830 contra
1792 2785 1897 2828 Dal-

171 2863 308 2898 matas
338 2872 377 2899 a.
399 2857 425 2898 9
452 2863 596 2912 gestas
628 2862 880 2898 ornamenta
910 2855 1190 2911 triumphalia
1218 2857 1373 2898 meruit
1401 2856 1458 2898 id.
1492 2859 1583 2907 115,
1614 2855 1702 2898 Dio
1728 2858 1793 2905 56,
1826 2858 1895 2897 12.

174 2925 227 2967 A.
257 2925 311 2967 14
340 2940 439 2967 cum
469 2926 703 2981 Hispanias
735 2925 1061 2980 exercitumque
1091 2925 1135 2965 in
1166 2925 1216 2966 iis
1247 2939 1346 2966 cum
1374 2925 1554 2980 imperio
1581 2924 1814 2974 obtineret,
1854 2925 1896 2965 in

171 3008 337 3035 summa
362 3009 468 3049 pace
490 3000 531 3035 et
551 2994 695 3049 quiete
717 2994 929 3035 continuit
950 2992 1128 3034 Velleius
1146 2996 1188 3043 2,
1211 2996 1307 3043 125,
1329 2996 1368 3037 5.
1407 2994 1458 3037 A.
1479 2994 1530 3035 17
1556 2993 1670 3035 bona
1684 2992 1897 3035 Aemiliae

172 3061 324 3103 Musae
342 3063 508 3118 accepit
535 3062 633 3103 Tae.
658 3075 697 3105 a.
719 3065 761 3111 2,
784 3064 850 3105 48.
892 3061 944 3104 A.
967 3063 1016 3103 21
1052 3061 1283 3116 proconsul
1308 3063 1350 3103 in
1381 3061 1531 3103 Asiam
1552 3062 1707 3103 missus
1734 3061 1831 3103 Tac.
1856 3076 1895 3102 a.

170 3133 209 3179 3,
230 3133 301 3180 32,
332 3143 537 3172 nummus.
587 3129 641 3172 A.
663 3131 718 3172 22
744 3129 967 3172 basilicam
991 3129 1141 3182 Paulli,
1165 3130 1330 3171 avitum
1351 3130 1496 3183 decus,
1523 3131 1710 3172 restituit
1736 3130 1775 3172 Τ
1771 3143 1832 3171 ae.
1857 3144 1895 3172 a.

171 3201 210 3247 3,
234 3201 302 3240 72.
350 3197 405 3240 Α.
426 3201 481 3240 36
508 3198 573 3240 vel
593 3197 729 3252 paulo
761 3201 858 3240 ante
887 3201 1096 3239 mortuum
1127 3211 1212 3240 esse
1241 3199 1428 3252 sequitur
1449 3213 1498 3240 ex
1525 3198 1623 3240 Tac.
1647 3213 1687 3240 a.
1710 3202 1746 3248 6,
1763 3202 1829 3241 40.
1847 3223 1895 3226 —

172 3265 357 3308 Aemilia
386 3266 554 3322 Lepida
583 3266 672 3309 filia
700 3267 786 3309 ibd.

92 3333 175 3375 249
205 3340 258 3376 Μ.
288 3341 530 3377 AEMILIVS
559 3341 772 3377 LEPIDVS
804 3333 1034 3388 (Aemilius
1063 3334 1257 3391 Lepidus
1284 3336 1399 3380 Suet.
1429 3335 1564 3390 Caliy.
1586 3340 1656 3386 24,
1688 3335 1747 3377 M.
1771 3335 1896 3390 Lepi-

171 3401 252 3443 dus
280 3403 365 3444 sive
388 3402 579 3459 Lepidus
609 3403 733 3458 alibi)
765 3403 1012 3459 imperatori
1036 3403 1146 3447 Gaio
1177 3404 1433 3446 commercio
1464 3405 1601 3446 mutui
1633 3404 1768 3459 stupri
1800 3418 1897 3444 con-

310 3603 334 3622 δ
