2202 3730
104 283 356 320 ANTONIVS
986 279 1039 321 97
1661 286 1914 322 ANTONIVS

189 430 275 459 non
305 419 498 471 possunt,
536 416 697 459 Eckhcl
727 416 823 459 VII
835 431 884 471 p.
905 419 987 459 301
1006 431 1107 471 sqq„
1146 416 1288 460 Cohen
1316 417 1377 460 V2
1399 433 1449 472 p.
1471 421 1497 459 1
1517 431 1616 471 sqq„
1649 418 1699 460 dc
1729 418 1918 461 Alexan-

189 484 326 527 drinis
365 498 445 527 von
475 484 632 535 Sallct,
673 484 819 528 Daten
858 485 932 527 der
971 485 1366 529 aleoeandre'nischen
1406 487 1744 529 Kaiscrmi'inecn
1771 502 1820 542 p.
1850 492 1916 532 56.

273 558 478 601 Privatus
489 558 738 613 plerumque
753 559 812 601 M.
830 559 1047 601 Antonius
1064 559 1311 602 Gordianus
1331 561 1573 603 nominatus
1588 561 1719 615 fuisse
1740 562 1914 612 videtur,

136 646 140 648 ·
189 641 282 669 cum
323 628 490 670 omnino
528 628 574 669 in
612 628 794 670 nummis
832 629 1050 670 commatis
1079 629 1269 671 Romani
1306 632 1346 671 et
1374 630 1421 672 in
1451 630 1586 672 titulis
1614 631 1777 684 nepotis
1809 628 1916 682 (cide

186 695 325 750 infra)
355 697 419 738 ita
446 699 732 750 nuncupetur,·
759 711 860 738 num
882 697 1083 751 privatus
1113 699 1353 752 coynominc
1384 698 1686 754 Semproniani
1716 712 1816 741 usus
1846 700 1913 749 sit,

187 764 233 806 in
252 764 387 806 medio
406 764 723 818 relinquendum
743 768 814 807 est.
855 766 1003 820 Inepte
1024 765 1073 808 de
1091 767 1331 808 nominibus
1354 766 1671 809 Gordianorum
1691 768 1916 822 scriptores

185 833 260 887 qui
278 832 476 875 dicuntur
501 832 704 875 historiae
723 833 944 888 Auqustae
962 833 1234 876 hariolantur
1254 835 1375 877 modo
1394 850 1542 878 nomen
1563 835 1771 878 Antonini
1793 836 1914 878 modo

186 900 366 943 Antonii
386 901 442 943 iis
462 901 690 944 tribuentes
707 902 798 944 vita
819 902 1017 944 Macrini
1031 905 1071 953 3,
1092 905 1131 954 5,
1158 903 1363 946 Diadum.
1385 907 1423 954 6,
1444 907 1484 954 3,
1515 904 1562 946 Ε
1567 904 1759 958 laqabali
1776 908 1842 955 18,
1866 908 1914 955 1;

184 973 250 1020 34,
273 973 311 1020 6,
340 969 658 1013 Gordianorum
687 974 727 1023 4,
751 974 779 1013 7
784 984 798 1022 ,·
828 975 867 1021 9,
889 972 917 1014 5
925 985 939 1022 ;
970 975 1036 1022 17,
1058 975 1097 1014 1.
1119 977 1157 1015 5.
1180 998 1237 1002 -—
1256 972 1473 1015 Antonius
1495 973 1741 1017 Gordianus
1764 973 1913 1016 Philo-

183 1041 346 1081 stratus
356 1039 503 1093 praef.
522 1038 593 1081 vit.
615 1038 801 1092 sophist„
829 1038 971 1082 Victor
992 1039 1112 1082 Caes.
1131 1044 1202 1091 26,
1225 1045 1261 1095 1,
1286 1041 1362 1083 ubi
1381 1040 1627 1083 Anthonius
1650 1041 1778 1084 codex
1796 1041 1911 1083 Bod-

186 1106 350 1149 leianus
379 1106 554 1161 exhibet,
587 1109 767 1149 ceterum
797 1107 1044 1151 Gordianus
1075 1108 1192 1163 apud
1218 1110 1456 1163 scriptores.

270 1180 410 1223 Natus
441 1187 506 1222 est
534 1194 648 1222 anno
679 1179 771 1222 fere
804 1181 897 1234 159,
940 1195 1032 1223 cum
1067 1196 1107 1224 a.
1138 1185 1226 1225 238
1253 1184 1295 1230 ἐς
1326 1183 1413 1230 ἔτος
1440 1184 1516 1240 ἤδη
1548 1185 1640 1240 περί
1665 1199 1740 1225 που
1771 1185 1907 1240 ὀγδοη-

185 1250 324 1292 κοστὸν
358 1250 568 1306 ἐληλακώς
597 1248 766 1291 dicatur
794 1248 1032 1293 Herodian.
1066 1253 1104 1300 7,
1133 1253 1170 1303 5,
1201 1254 1234 1293 2
1263 1249 1336 1304 (cf.
1368 1250 1528 1293 Zonar.
1560 1254 1629 1301 12,
1662 1255 1715 1293 17
1744 1253 1910 1309 ἑβδομή-

185 1334 304 1360 κοντα
332 1318 409 1374 γὰρ
440 1318 505 1360 καὶ
535 1317 649 1360 ἐννέα
679 1318 775 1375 ἐβίω
806 1318 1037 1371 ἐνιαυτούς),
1067 1325 1191 1374 patre
1210 1318 1377 1361 Maecio
1399 1318 1598 1374 Marullo,
1620 1326 1757 1361 matre
1778 1319 1910 1375 leia

182 1385 428 1440 Gordianat,
473 1386 684 1441 originem
723 1393 949 1442 paternam
989 1401 1045 1428 ex
1085 1386 1383 1430 Gracchorum
1412 1401 1571 1442 genere
1601 1388 1754 1430 habuit
1783 1389 1909 1443 (unde

181 1454 484 1510 Semproniani
524 1467 748 1508 coqnomen
785 1454 993 1509 sumpsit),
1030 1462 1270 1497 maternam
1310 1471 1366 1498 ex
1403 1457 1580 1498 Traiani
1623 1457 1906 1513 imperatoris,

183 1528 307 1578 patre
345 1535 428 1564 avo
470 1535 634 1578 proavo
675 1521 926 1565 consulibus
960 1524 1032 1567 vit.
1075 1523 1208 1567 Gord.
1239 1527 1283 1575 2,
1315 1528 1358 1568 2.
1418 1525 1708 1578 Quaesturam
1746 1527 1908 1580 magni-

179 1590 502 1633 ficentissimam
522 1590 668 1644 gessit,
689 1589 922 1633 aedilitatis
944 1606 1047 1634 suae
1068 1599 1260 1649 tempore
1280 1592 1510 1635 duodecim
1530 1593 1689 1650 populo
1711 1595 1906 1637 Romano

178 1673 360 1702 munera
388 1657 588 1701 exhibuit
614 1659 705 1701 vita
732 1662 772 1710 3,
800 1662 841 1710 5,
882 1667 1131 1717 praeturam
1159 1661 1349 1703 nobilem
1377 1663 1512 1717 gessit
1540 1663 1629 1704 vita
1657 1666 1696 1713 4,
1728 1666 1777 1714 1,-
1808 1678 1905 1704 con-

178 1727 365 1771 sulatum
386 1741 483 1770 sero
504 1727 672 1784 accepit
691 1728 782 1770 vita
801 1731 868 1779 18,
888 1731 928 1779 5,
959 1730 1148 1785 primum
1178 1731 1275 1772 iniit
1301 1745 1399 1773 cum
1419 1730 1639 1773 Antonino
1667 1730 1903 1787 Caracalla,

178 1795 415 1839 secundum
445 1810 543 1838 cum
572 1795 824 1839 Alexandro
854 1798 945 1840 vita
972 1801 1012 1849 4,
1041 1802 1081 1841 1.
1134 1798 1320 1841 Errasse
1361 1799 1663 1854 bioqraphum,
1704 1800 1778 1854 qui
1809 1814 1904 1843 con-

176 1865 361 1908 sulatum
398 1864 625 1907 secundum
663 1879 714 1908 ex
752 1866 973 1909 consulatu
1001 1867 1087 1922 filii
1115 1867 1301 1920 effecisse
1329 1868 1505 1919 videtur,
1549 1868 1694 1911 docent
1729 1871 1902 1920 nummi,

175 1934 223 1976 in
251 1933 402 1988 quibus
431 1933 588 1976 dicitur
624 1934 769 1977 consul
797 1935 888 1978 sinc
918 1936 1158 1980 iterationis
1184 1940 1300 1980 nota.
1356 1936 1514 1980 Consul
1542 1936 1743 1989 suffectus
1773 1938 1904 1992 igitur

176 2016 288 2045 anno
325 2002 485 2044 incerto
521 2001 791 2047 Caracallae.
852 2003 944 2047 Sub
974 2004 1226 2048 Alexandro
1263 2006 1424 2049 Severo
1464 2005 1697 2062 proconsul
1727 2006 1902 2048 Africae

175 2069 314 2113 faetus
349 2077 414 2112 est
441 2070 530 2112 vita
559 2075 598 2121 5,
628 2074 666 2122 1,
702 2071 998 2115 Philostratus
1027 2074 1186 2128 praefi,
1227 2075 1301 2128 qui
1338 2075 1378 2116 ei
1410 2074 1657 2128 proconsuli
1695 2074 1904 2117 dedicavit

175 2139 308 2182 libros
336 2138 386 2181 de
414 2139 512 2181 vitis
540 2139 850 2194 sephistarurru
879 2145 1039 2185 πολλῶν
1070 2143 1258 2200 πρότερον
1289 2144 1407 2200 ἄρξας
1438 2145 1565 2186 ἐθνῶν
1597 2143 1638 2186 ἔν
1668 2160 1711 2186 τε
1741 2144 1902 2199 πράξεσι

175 2208 374 2264 μεγίσταις
406 2208 629 2255 ἐξετασθείς
658 2208 895 2252 Herodian.
924 2213 962 2261 7,
991 2213 1032 2261 5,
1062 2214 1106 2262 2,
1139 2212 1209 2253 cui
1235 2225 1336 2253 num
1365 2211 1470 2266 sides
1498 2211 1694 2254 habenda
1723 2213 1779 2253 sit
1807 2212 1900 2253 iure

174 2274 407 2318 dubitatur.

260 2342 389 2386 Anno
410 2344 494 2386 238
525 2345 701 2387 ineunte
722 2346 769 2387 in
788 2346 946 2402 oppido
967 2346 1169 2389 Thusdro
1200 2348 1433 2404 imperator
1453 2347 1696 2404 appellatus
1719 2348 1897 2391 Cartha-

171 2411 316 2466 ginem
347 2426 393 2454 se
422 2411 623 2467 contulit,
665 2412 740 2455 ubi
781 2420 824 2456 et
860 2414 975 2457 filius
1004 2414 1173 2470 legatus
1201 2417 1337 2472 patris
1366 2415 1593 2471 Augustus
1624 2423 1899 2473 nuncupatur

171 2479 408 2523 Herodian.
431 2483 469 2531 7,
490 2483 530 2531 5,
551 2484 698 2532 2-6,
719 2485 763 2533 2,
794 2483 883 2525 vita
905 2486 1004 2534 7-9,
1037 2484 1179 2526 Victor
1205 2484 1325 2527 Caes.
1347 2488 1416 2529 26.
1457 2485 1696 2539 Legatione
1716 2486 1897 2528 Romam

170 2549 303 2591 missa
324 2554 499 2591 senatus
523 2549 797 2606 populusque
817 2551 1060 2595 Gordianos
1090 2553 1370 2609 imperatores
1395 2554 1584 2608 agnovit,
1607 2553 1897 2595 Maximinum

169 2616 498 2673 Maximumque
527 2617 671 2660 hostes
701 2618 912 2662 iudicavit
937 2620 1173 2663 Herodian.
1207 2624 1243 2671 7,
1274 2625 1312 2672 6,
1343 2622 1433 2664 vita
1464 2625 1500 2672 7,
1521 2625 1550 2664 8
1568 2636 1668 2676 sqq„
1701 2622 1897 2665 Zosimus

169 2688 207 2736 1,
228 2688 295 2727 14.
346 2685 461 2740 (Huc
488 2689 679 2740 spectare
706 2687 768 2730 tit.
798 2687 1034 2742 Africanos
1063 2693 1249 2744 repertos
1283 2704 1329 2732 eo
1371 2690 1481 2740 loco,
1522 2691 1598 2733 ubi
1635 2691 1721 2744 fuit
1758 2691 1894 2732 muni-

169 2753 326 2808 cipium
354 2753 623 2805 Althiburus,
655 2754 779 2798 VIII
800 2759 918 2799 1822
946 2757 1167 2800 Victoriae
1197 2757 1312 2813 Aug.
1346 2762 1385 2801 et
1413 2761 1526 2803 1823
1554 2759 1773 2802 Victoriae
1803 2774 1892 2802 sen.

167 2821 293 2864 Rom.
314 2822 490 2864 coniecit
509 2821 778 2881 Wlmanns.)
824 2824 1111 2879 Imperatores
1129 2826 1240 2880 facti
1259 2830 1388 2881 pater
1409 2830 1449 2870 et
1472 2827 1590 2883 filius
1599 2827 1733 2882 plane
1754 2828 1893 2871 codem

167 2889 289 2932 modo
320 2889 593 2944 appellantur
620 2891 729 2949 Imp.
760 2887 920 2935 Caesar
943 2893 1003 2936 M.
1025 2893 1242 2937 Antonius
1273 2895 1521 2940 Gordianus
1552 2896 1891 2953 Sempronianus

167 2957 388 3001 Romanus
403 2957 635 3002 Africanus
658 2963 686 3002 t.
702 2964 740 3003 1.
757 2964 801 3004 2.
816 2964 844 3004 3
862 2962 1024 3003 nummi
1042 2962 1080 3004 I.
1097 2962 1163 3014 II,
1184 2964 1269 3006 sive
1288 2965 1397 3020 Imp.
1414 2964 1576 3007 Caesar
1596 2965 1656 3007 M.
1672 2965 1891 3007 Antonius

168 3025 417 3070 Gordianus
446 3025 681 3070 Africanus
719 3028 766 3071 in
804 3029 985 3072 nummis
1014 3029 1225 3074 Romanis
1258 3035 1298 3074 ct
1325 3031 1657 3084 Alemandriniffi
1693 3033 1890 3075 Africani

166 3097 478 3148 coynomentum
505 3099 740 3139 memorant
759 3100 986 3152 practerea
1015 3098 1249 3142 Herodian.
1279 3103 1316 3151 7,
1338 3103 1378 3151 5,
1402 3103 1443 3152 8,
1464 3102 1554 3143 vita
1574 3105 1613 3152 9,
1634 3105 1673 3144 3.
1723 3103 1889 3156 P(onti-

165 3160 258 3216 fex)
287 3161 552 3218 m(aximus),
584 3164 853 3220 tr(ibunicia)
884 3166 1145 3222 p(otestate),
1178 3183 1281 3224 eos„
1313 3169 1474 3225 p(ater)
1502 3170 1703 3226 p(atriae)
1733 3170 1890 3212 dicitur

167 3229 414 3273 Gordianus
434 3234 566 3286 pater
593 3246 707 3275 num.
737 3232 877 3276 Cohen
905 3249 947 3278 n.
968 3238 1000 3278 2
1029 3235 1084 3288 cf.
1116 3238 1145 3278 t.
1174 3239 1202 3278 3
1211 3249 1225 3288 ;
1244 3238 1466 3292 pontificis
1495 3239 1674 3281 maximi
1702 3238 1889 3293 dignitas

164 3301 330 3341 tantum
349 3299 476 3353 patri
501 3300 665 3344 tributa
691 3315 776 3345 esse
805 3302 981 3347 videtur.

145 3381 427 3419 Prosopographia
452 3382 536 3419 Imp.
554 3384 646 3414 Rom.
682 3385 712 3414 Ι.
1591 3386 1611 3420 7
