2202 3730
293 278 600 317 CALPVRNIVS
1147 268 1231 313 282
1775 278 2084 316 CALPVRNIVS

376 412 410 452 si
450 424 565 451 mors
606 408 850 451 Germanici
890 407 1059 462 Syriam
1097 407 1336 462 aperuisset
1371 407 1468 449 Tac.
1501 407 1527 450 l.
1560 408 1586 452 l.
1647 407 1757 450 Cum
1797 408 1913 465 apud
1954 408 2091 452 Coum

377 478 558 519 insulam
580 477 884 519 Germanicum
915 475 1148 516 decessisse
1171 473 1258 528 (die
1283 475 1335 517 10
1356 489 1410 518 m.
1434 474 1654 529 Octobris)
1684 477 1964 532 cognovisset,
1998 492 2092 533 pro-

376 546 563 586 vinciam
594 559 670 599 per
700 544 789 584 vim
819 550 1013 598 repetere
1043 542 1205 584 frustra
1236 543 1485 599 temptavit3
1518 545 1562 586 in
1592 544 1766 586 castello
1798 544 1986 600 Ciliciae,
2020 546 2090 588 cui

379 628 533 654 nomen
565 611 825 665 Celenderis,
857 626 882 652 a
913 610 990 653 Cn.
1013 611 1160 653 Sentio
1190 610 1332 665 legato
1355 612 1597 654 Germanici
1629 612 1826 654 obsessus
1855 619 2092 669 captusque

376 682 416 721 in
445 680 592 722 urbem
614 679 756 720 redire
777 680 947 733 cogitur
972 679 1011 720 T
1007 692 1069 722 ac.
1094 693 1132 722 a.
1155 682 1197 729 2,
1222 681 1374 721 75-81.
1423 679 1508 721 Per
1532 679 1767 735 Illyricum,
1799 679 1873 722 ubi
1895 681 2089 722 Drusum

376 749 535 789 frustra
565 747 692 800 adiit,
732 748 909 789 Romam
942 762 979 788 a.
1012 748 1067 789 20
1096 748 1216 788 venit
1245 747 1330 788 ibd.
1360 750 1399 797 3,
1431 750 1459 788 8
1488 762 1773 804 reversusque
1804 749 1946 790 statim
1976 747 2091 804 apud

377 822 569 857 senatum
598 830 624 856 a
653 813 829 856 Vitellio
859 814 1048 855 Veranio
1087 813 1269 869 aliisque
1300 815 1547 858 Germanici
1587 817 1735 857 amicis
1771 822 1997 858 accusatus
2028 822 2092 857 est

373 891 414 926 et
447 883 749 926 Germanicum
784 883 1014 938 peremisse
1046 888 1088 923 et
1119 883 1369 937 provinciae
1399 882 1559 925 bellum
1596 883 1813 938 intulisse,
1854 898 1954 926 reus
1994 898 2089 926 cum

374 951 536 994 nullam
568 965 686 1006 spem
714 949 862 991 salutis
894 949 1070 1002 videret,
1102 948 1246 1004 gladio
1278 965 1323 991 se
1354 951 1569 993 transfixit
1588 951 1673 994 ibel.
1694 955 1733 1002 3,
1755 954 1909 994 10-16,
1963 952 2089 993 Dam-

376 1021 590 1061 nationem
613 1019 769 1059 mortui
792 1018 993 1059 Tiberius
1023 1019 1238 1072 mitigavit
1262 1019 1508 1075 statuitque,
1534 1034 1588 1060 nc
1610 1035 1760 1061 nomen
1783 1020 1951 1061 Pisonis
1973 1018 2091 1075 fastis

377 1088 636 1129 eximeretur
657 1086 742 1128 ibel.
765 1090 804 1136 3,
827 1088 981 1127 17-18.
1014 1086 1297 1141 (Quamquam
1316 1088 1489 1129 nomina
1510 1089 1599 1130 eius
1619 1088 1799 1131 consulis
1818 1088 1864 1130 in
1883 1090 1911 1130 t.
1927 1088 2092 1130 urbano

380 1156 447 1198 VI
468 1157 548 1198 385
578 1155 632 1208 cf.
662 1154 837 1208 Ephem.
861 1168 923 1208 ep.
944 1158 971 1196 4
999 1168 1039 1195 n.
1064 1157 1142 1196 740
1168 1168 1293 1196 erasa
1322 1158 1449 1210 sunt.)

459 1223 582 1266 onr
612 1222 844 1276 (Munatia)
879 1221 1111 1276 Plancina,
1150 1221 1227 1263 filii
1261 1221 1340 1267 Cn.
1372 1223 1485 1277 Piso,
1528 1224 1601 1279 qui
1642 1231 1738 1279 post
1774 1224 2089 1266 damnationem

375 1291 508 1347 patris
538 1291 588 1332 L.
622 1291 732 1344 Piso,
767 1296 809 1331 et
838 1290 897 1334 M.
930 1290 1029 1332 Piso
1067 1290 1164 1332 Tac.
1188 1305 1228 1332 a.
1250 1294 1290 1341 3,
1313 1294 1378 1335 16.
1400 1294 1465 1334 17.
1488 1294 1553 1336 18.
1600 1292 1776 1346 Ingenio
1811 1291 2022 1334 violentus
2050 1299 2092 1334 ct

377 1359 571 1415 obsequii
604 1359 779 1413 ignarus
811 1359 938 1400 insita
969 1358 1131 1400 ferocia
1160 1374 1186 1401 a
1215 1365 1349 1415 patre,
1382 1359 1457 1401 sed
1482 1366 1652 1415 praeter
1681 1367 1883 1416 paternos
1914 1361 2091 1417 spiritus

377 1428 506 1470 etiam
538 1426 773 1468 Plancinae
804 1427 951 1468 uxoris
983 1427 1208 1469 nobilitate
1240 1434 1282 1469 et
1311 1427 1464 1483 opibus
1496 1427 1811 1470 accendebatur
1839 1428 1925 1472 ibd.
1956 1432 1998 1479 2,
2024 1432 2091 1470 43.

377 1496 458 1538 Vir
488 1510 513 1536 a
544 1494 687 1537 multis
719 1495 833 1536 vitiis
863 1496 1041 1548 integer,
1075 1494 1150 1536 sed
1181 1509 1340 1550 pravus
1371 1503 1413 1537 et
1444 1496 1511 1537 cui
1534 1495 1734 1551 placebat
1754 1511 1831 1552 pro
1853 1497 2092 1539 constantia

377 1565 494 1617 rigor
515 1562 676 1605 Seneca
697 1561 800 1604 dial.
821 1565 859 1612 3,
882 1565 948 1613 18,
969 1566 1008 1612 3,
1040 1563 1115 1604 ubi
1135 1563 1423 1616 foedissimum
1452 1563 1716 1606 crudelitatis
1746 1565 1834 1607 eius
1863 1564 2092 1619 exemplum

374 1634 594 1674 narratur.
626 1655 679 1660 —
711 1630 889 1671 Amicus
917 1630 1105 1685 Augusti
1136 1638 1177 1672 et
1207 1630 1371 1672 Tiberii
1403 1631 1500 1674 Tac.
1526 1646 1566 1675 a.
1587 1635 1626 1682 3,
1649 1636 1720 1676 12.
1741 1635 1807 1674 16.

460 1698 697 1740 Damnatio
737 1698 826 1739 eius
866 1698 1043 1739 breviter
1082 1694 1337 1740 memoratur
1373 1699 1541 1743 Sueton.
1571 1699 1710 1753 Caliy.
1739 1703 1783 1750 2,
1824 1699 1912 1742 Dio
1940 1703 2006 1750 57,
2037 1701 2093 1741 18

378 1767 591 1822 (Zonaras
611 1769 675 1816 11,
700 1765 771 1820 2);
803 1766 1110 1809 Germanicum
1139 1781 1306 1808 veneno
1337 1769 1570 1823 peremisse
1603 1768 1876 1810 insimulatur
1902 1771 1940 1809 et
1971 1767 2090 1809 Plin.

342 1834 346 1837 “
374 1849 415 1878 n.
438 1835 477 1877 h.
498 1839 562 1885 11,
586 1837 668 1877 187
696 1838 735 1876 ct
764 1834 929 1888 Ioseph.
961 1838 1047 1876 ant.
1081 1838 1146 1885 18,
1168 1839 1210 1885 2,
1232 1838 1270 1877 5.
1324 1835 1583 1878 Nominatur
1614 1836 1712 1878 Vell.
1734 1840 1778 1887 2,
1800 1840 1892 1886 130,
1931 1836 2028 1878 Tac.
2051 1850 2090 1879 a.

375 1907 413 1953 1,
437 1906 512 1954 13,·
540 1906 583 1952 2,
605 1899 689 1953 82:
714 1905 753 1952 3,
774 1906 854 1953 24,·
884 1906 921 1952 6,
945 1906 1013 1952 26,
1046 1902 1134 1944 Dio
1157 1907 1222 1952 57,
1245 1906 1316 1946 20.

290 1972 366 2013 231
405 1978 481 2013 CN.
515 1976 823 2012 CALPVRNIVS
855 1976 984 2024 PISO,
1027 1970 1140 2012 filius
1172 1972 1306 2012 maior
1336 1971 1414 2014 Cn.
1449 1971 1671 2027 Calpurnii
1705 1972 1874 2014 Pisonis
1904 1971 2092 2013 consulis

375 2054 412 2081 a.
445 2039 523 2081 747
556 2057 612 2072 =
642 2039 665 2080 7
695 2053 732 2080 a.
766 2038 813 2082 C.
856 2045 898 2080 et
938 2038 1189 2092 Plancinae,
1233 2046 1328 2095 post
1368 2039 1683 2082 damnationem
1724 2041 1858 2096 patris
1900 2041 1949 2082 L.
1993 2038 2089 2082 Cal-

377 2107 556 2162 purnius
588 2107 687 2148 Piso
719 2106 860 2148 dictus
891 2114 956 2148 est
990 2107 1088 2151 Tac.
1121 2121 1161 2149 a.
1191 2111 1230 2158 3,
1258 2111 1314 2150 17
1342 2110 1394 2162 ef.
1426 2108 1547 2161 infra
1577 2122 1618 2150 n.
1640 2112 1735 2152 237.
2028 2102 2030 2104 ’

290 2176 372 2217 232
405 2180 480 2216 ΟΝ.
514 2180 824 2216 CALPVRNIVS
862 2181 967 2216 PISO
1009 2175 1179 2229 publice
1219 2174 1449 2218 honoratus
1489 2179 1517 2218 t.
1558 2176 1702 2218 Attico
1739 2176 1845 2219 CIA
1884 2177 1971 2219 III
1992 2179 2089 2226 602,

374 2242 467 2284 vide
495 2242 570 2284 sub
603 2240 646 2285 G.
679 2240 908 2296 Calpurnio
939 2242 1094 2285 Pisone
1123 2243 1274 2298 Fruyi.
2124 2299 2130 2305 ⁶

290 2311 372 2362 233
403 2316 447 2351 L.
481 2315 790 2351 CALPVRNIVS
831 2316 936 2351 PISO
979 2325 1138 2365 augur,
1183 2311 1330 2354 consul
1369 2327 1406 2357 a.
1440 2313 1521 2355 753
1545 2314 1644 2355 Ξ1
1679 2328 1716 2356 a.
1748 2312 1796 2356 C.
1829 2328 1924 2355 cum
1957 2312 2090 2355 Cosso

375 2377 575 2420 Cornelio
606 2377 803 2422 Lentulo.
863 2379 918 2420 In
949 2380 1191 2422 consulatu:
1230 2381 1279 2422 L.
1312 2379 1574 2437 Calpurnius
1606 2382 1705 2423 Piso
1733 2381 1822 2423 Dio
1850 2381 1937 2424 ind.
1970 2381 1995 2423 l.
2023 2384 2089 2431 55,

376 2445 483 2487 OIG
512 2448 645 2495 2943,
686 2447 736 2488 L.
770 2447 867 2488 Piso
899 2448 1006 2499 fasti
1033 2449 1215 2490 minores
1242 2449 1355 2493 XII.
1385 2449 1519 2491 XIII
1543 2448 1641 2492 CIL
1665 2449 1720 2491 12
1744 2464 1790 2503 p.
1822 2453 1888 2492 69.
1920 2453 1987 2500 70,
2029 2449 2092 2492 V1

324 2564 327 2567 q
375 2516 496 2555 8738.
522 2515 669 2564 10395,
698 2514 949 2565 Cassiodor„
982 2516 1033 2558 L.
1056 2517 1154 2558 Piso
1182 2531 1321 2571 augur
1347 2517 1523 2567 V3257,
1554 2518 1775 2561 Λεντοὺλου
1804 2520 1867 2560 καὶ
1891 2516 2091 2575 Αὔγουρας

375 2581 591 2634 Epiphan.
623 2582 780 2626 haeres.
814 2583 847 2624 I
869 2597 917 2636 p.
950 2587 1031 2626 445
1043 2584 1079 2634 b,
1123 2587 1301 2626 ceterum
1343 2586 1441 2626 Piso
1482 2586 1600 2638 fasti.
1634 2612 1683 2616 -
1725 2586 1858 2640 Apud
1900 2586 2091 2628 Tacitum

377 2648 637 2704 Calpurnius
670 2650 769 2691 Piso
801 2665 839 2692 a.
872 2655 911 2701 4,
944 2655 1022 2702 21,
1066 2655 1243 2694 ceterum
1273 2653 1323 2694 L.
1356 2653 1478 2706 Piso,
1510 2653 1583 2695 sed
1612 2668 1650 2695 a.
1682 2657 1725 2704 2,
1755 2658 1816 2697 32
1843 2655 2016 2696 nomina
2044 2655 2091 2696 in

377 2716 515 2758 codice
538 2718 727 2759 Medieeo
747 2733 832 2760 non
844 2721 1086 2774 perscripm
1106 2724 1214 2771 sunt,
1237 2721 1523 2775 probabiliter
1543 2725 1680 2764 tamen
1703 2723 1945 2776 compendia
1969 2723 2016 2764 L.
2042 2723 2088 2764 P.

378 2784 435 2825 ad
462 2784 571 2826 hunc
600 2786 855 2838 referuntur.
1670 2797 1673 2798 ⁷

462 2851 540 2895 Cn.
573 2853 685 2894 filius
724 2854 812 2895 Dio
841 2854 967 2897 index
997 2855 1022 2897 l.
1053 2859 1118 2906 55,
1149 2856 1265 2910 filius
1295 2871 1390 2910 eryo
1418 2857 1493 2899 Cn.
1526 2857 1699 2900 Pisonis
1729 2858 1910 2900 consulis
1940 2873 1978 2902 a.
2011 2861 2090 2900 731

377 2940 430 2954 z
461 2924 518 2962 23
549 2935 588 2962 a.
617 2921 676 2971 0.,
709 2923 847 2974 frater
877 2923 949 2967 Cn.
982 2923 1153 2965 Pisonis
1183 2925 1364 2966 consulis
1395 2939 1434 2966 a.
1467 2929 1546 2968 747
1576 2946 1630 2960 =
1662 2930 1689 2968 7
1717 2941 1755 2968 a.
1785 2925 1830 2968 C.
1857 2925 2090 2968 —‘Consul

377 3003 414 3028 a.
447 2988 528 3030 753
560 3008 614 3022 Ξ
647 2991 659 3029 l
699 3005 734 3030 a.
769 2989 816 3031 C.
851 2991 968 3043 fasti.
1029 2991 1244 3045 Auyurem
1284 2992 1414 3045 fuisse
1451 2996 1490 3034 et
1527 2993 1807 3035 sacerdotium
1848 2993 1905 3036 (ul
1930 2994 2089 3036 ‘distin-

374 3055 581 3107 quendum
611 3070 702 3097 eum
734 3058 786 3097 ab
817 3057 1054 3100 hominibus
1082 3058 1180 3100 aliis
1205 3061 1516 3112 (oynominibus
1536 3061 1716 3103 eiusdem
1737 3062 1890 3103 aetatis
1908 3061 2091 3104 nominis
2136 3057 2140 3059 ’

373 3123 509 3163 instar
538 3137 836 3177 nonnunquam
868 3126 1058 3168 additum
1088 3140 1173 3168 esse
1203 3127 1443 3169 consulatus
1473 3129 1750 3171 indicationes
1779 3129 1934 3171 docent.

463 3191 589 3232 Anno
624 3193 674 3234 16
707 3193 747 3232 in
780 3201 929 3235 senatu
960 3197 1214 3236 sententiam
1246 3194 1357 3237 dixit
1388 3196 1485 3238 Tac.
1517 3211 1556 3238 a.
1587 3200 1631 3247 2,
1651 3200 1719 3240 32.
1782 3196 1944 3239 Eodem
1974 3211 2086 3239 anno

379 3258 541 3299 curiam
583 3259 816 3315 urbemque
855 3260 1097 3317 relinquere
1137 3269 1364 3317 statuerat,
1407 3263 1482 3305 sed
1513 3279 1539 3305 a
1568 3263 1742 3306 Tiberio
1782 3271 1972 3308 retentus
2001 3271 2088 3318 est3

379 3324 493 3367 haud
523 3327 662 3368 minus
694 3327 814 3369 liberi
838 3327 995 3370 doloris
1026 3329 1329 3372 documentum
1363 3331 1474 3373 idem
1504 3346 1605 3374 mox
1628 3332 1755 3378 dedit,
1771 3339 1922 3375 vocata
1947 3333 1991 3374 in
2022 3333 2087 3375 ius
