2176 3750
81 319 323 357 AEMILIVS
956 313 1010 356 37
1672 318 1889 354 AEMILIA

128 457 132 462 ’
168 459 286 495 satus
315 468 354 495 a.
376 453 431 495 32
459 468 485 495 a
506 451 690 495 Servilio
712 458 756 494 et
777 450 977 494 Cornelio
1004 451 1102 494 Tac.
1126 465 1166 493 a.
1187 453 1226 501 6,
1247 453 1306 494 29
1336 451 1389 505 cf.
1412 450 1574 494 Seneca
1594 453 1726 493 contr.
1747 454 1791 501 2,
1812 453 1888 501 22,

167 521 427 564 adulterium
464 521 640 575 Liviae,
682 533 906 574 magorum
944 534 1068 561 sacra
1109 520 1147 560 ei
1189 518 1359 561 obiecta
1402 525 1524 574 sunt3
1570 518 1890 560 damnationem

166 596 305 632 morte
334 589 486 632 anteiit
521 589 619 631 Tac.
643 603 682 631 a.
705 592 744 639 6,
764 592 837 638 29,
868 587 958 630 Dio
977 591 1045 639 58,
1066 591 1136 631 24.

250 657 484 701 ‚Oratorum
515 672 566 699 ea
595 663 736 699 aetate
761 656 1003 699 uberrimus
1030 656 1128 698 Tac.
1152 670 1191 698 a.
1216 658 1256 706 3,
1277 658 1355 707 31;
1383 656 1564 710 insignis
1595 655 1817 698 nobilitate
1848 662 1891 697 et

167 726 343 768 orandis
374 727 531 781 causis,
564 726 655 767 vita
684 725 919 781 probrosus
948 724 1033 768 ibd.
1066 728 1104 774 6,
1135 727 1218 775 29,·
1247 723 1361 765 foedi
1392 738 1533 765 mores
1565 724 1725 767 Seneca
1756 725 1888 778 benef.

165 799 205 846 4,
234 798 310 845 31,
351 795 578 851 impuritas
610 793 761 836 Scauri
798 792 969 835 Tertull.
1002 792 1051 834 de
1074 792 1214 845 pallio
1241 795 1282 835 5.
1317 817 1370 821 —
1399 791 1615 834 Iudicium
1656 792 1710 834 de
1744 792 1888 834 indole

167 863 438 919 eloquentiae
478 862 640 905 Seneca
679 865 809 903 contr.
840 865 894 903 10
923 861 1070 915 praef.
1101 864 1239 911 2-4;
1287 861 1501 902 orationes
1547 867 1711 917 septem
1756 861 1891 903 edidit

164 931 250 976 ibd.
266 934 305 982 3,
333 946 420 973 non
445 938 614 973 tantum
637 930 944 971 disertissimus
966 929 1105 983 homo,
1128 929 1202 970 sed
1225 929 1554 971 venustissimus
1571 929 1658 970 ibd.
1680 933 1718 979 1,
1739 934 1782 981 2,
1804 934 1890 982 22,·

166 1000 284 1042 dicta
314 1001 406 1042 eius
436 998 521 1041 ibd.
542 1002 582 1048 1,
602 1002 646 1048 2,
667 1001 754 1049 22,·
782 1002 825 1048 2,
848 1001 885 1048 1,
907 1001 985 1048 39‚·
1011 1001 1050 1047 9,
1071 1000 1110 1047 5,
1133 1001 1210 1048 17,·
1240 1001 1305 1047 10,
1327 1001 1365 1046 1,
1387 1001 1438 1047 4,·
1467 1000 1534 1046 10,
1555 1000 1598 1047 2,
1628 1001 1694 1047 19,
1729 999 1890 1041 Seneca

165 1068 330 1122 epistul.
345 1071 417 1118 29,
434 1071 460 1110 6
470 1081 482 1119 ;
501 1070 550 1109 ut
567 1067 688 1108 homo
709 1066 1040 1121 eleyantissimus
1060 1066 1250 1109 Scaurus
1270 1066 1517 1107 nominatur
1533 1064 1704 1107 Petron.
1721 1070 1802 1108 sat.
1822 1071 1886 1109 77.

250 1135 438 1178 Aemilia
463 1135 630 1191 Lepida
660 1135 698 1176 ei
728 1141 866 1190 nupta
894 1134 1056 1188 fuerat,
1098 1149 1153 1175 ex
1183 1148 1270 1189 qua
1310 1133 1442 1175 filiam
1472 1141 1682 1187 genuerat
1718 1135 1815 1176 Tac.
1848 1150 1888 1177 a.

163 1208 203 1255 3,
229 1208 311 1255 23;
342 1204 443 1246 dein
475 1203 626 1246 Sextia
654 1217 778 1258 uxor,
810 1218 922 1258 quae
951 1203 1279 1244 incitamentum
1307 1203 1457 1243 mortis
1489 1207 1531 1242 et
1560 1203 1775 1258 particeps
1806 1202 1890 1244 fuit

164 1273 250 1317 ibd.
281 1276 320 1323 6,
350 1276 422 1316 29.
481 1273 668 1314 Patruus
708 1270 835 1313 simul
873 1286 924 1312 ac
964 1272 1143 1312 vitricus
1183 1271 1233 1312 L.
1268 1269 1414 1312 Sullae
1444 1269 1530 1311 ibcl.
1560 1272 1600 1319 3,
1630 1273 1697 1312 31.
1756 1271 1808 1312 In
1839 1286 1888 1312 eo

166 1341 430 1384 Scaurorum
468 1339 630 1383 familia
669 1341 860 1382 extincta
900 1345 964 1381 est
994 1339 1155 1382 Seneca
1188 1352 1302 1380 suas.
1333 1341 1377 1388 2,
1407 1341 1482 1381 22.
1525 1362 1580 1379 ,-
1622 1338 1890 1381 Memoratur

163 1413 392 1465 praeterea
425 1409 524 1452 Tac.
547 1423 587 1451 a.
609 1411 647 1459 6,
667 1411 723 1450 30
733 1422 747 1460 ;
775 1408 936 1450 Nostus
967 1407 1099 1449 Mam.
1132 1407 1287 1450 Scauri
1317 1406 1344 1448 l.
1378 1406 1447 1448 VI
1463 1409 1614 1449 23073.

79 1479 159 1522 281
191 1486 246 1522 Μ.
276 1477 556 1533 (AEMILIVS)
588 1482 808 1519 SCAVRVS
841 1476 918 1530 (M.
951 1475 1140 1518 Scaurus
1170 1475 1259 1517 Dio
1287 1478 1354 1525 51,
1387 1478 1430 1525 2,
1464 1474 1655 1517 Scaurus
1692 1476 1888 1529 ceterum)

163 1547 233 1590 M.
263 1545 438 1590 Aemilii
487 1545 639 1589 Scauri
689 1543 860 1597 (aedilis
903 1544 1064 1586 curulis
1105 1558 1144 1587 a.
1175 1547 1257 1586 696
1288 1563 1342 1578 =
1374 1543 1445 1596 58)
1486 1550 1530 1584 et
1565 1543 1738 1584 Muciae
1776 1543 1890 1585 filius

162 1615 328 1658 nomine
368 1614 520 1657 omisso
553 1612 710 1656 Ascon.
748 1613 797 1655 in
837 1612 1066 1655 Scaurian.
1089 1627 1138 1666 p.
1166 1615 1232 1662 17,
1264 1614 1317 1654 15
1349 1611 1454 1662 KS,·
1494 1611 1594 1654 Sex.
1635 1611 1890 1667 Pompeium

162 1684 341 1726 fratrem
365 1683 583 1725 uterinum
612 1682 657 1723 in
678 1681 785 1724 Asia
805 1680 986 1723 Antonii
1007 1680 1192 1723 ducibus
1221 1679 1414 1736 prodidit
1434 1679 1492 1734 (a.
1516 1683 1597 1725 719
1617 1699 1671 1713 =
1691 1682 1745 1722 35
1766 1694 1805 1721 a.
1825 1679 1890 1733 C.)

162 1752 353 1807 Appiam.
386 1751 424 1794 b.
456 1764 489 1793 c.
520 1753 560 1802 5,
591 1753 687 1800 142,
723 1756 822 1807 post
846 1763 1036 1806 pugnam
1066 1749 1290 1791 Actiacam
1320 1749 1415 1790 neci
1446 1747 1684 1790 destinatus
1714 1754 1891 1804 propter

161 1821 353 1863 Muciam
380 1825 563 1861 matrem
592 1819 727 1861 vitam
758 1817 946 1860 obtinuit
964 1816 1052 1860 Dio
1076 1820 1144 1868 51,
1165 1821 1221 1868 2,·
1246 1820 1312 1867 56,
1333 1819 1401 1859 38.
1446 1816 1613 1859 Filius:
1643 1816 1891 1859 Mamercus

161 1888 372 1931 Aemilius
401 1887 608 1932 Scaurus.

76 1958 161 2001 282
191 1956 402 2000 Aemilius
433 1955 707 2010 Severianus,
739 1954 1064 2012 mimographus
1094 1954 1156 1997 II
1171 1957 1287 1997 4092
1318 1957 1346 1996 t.
1374 1954 1705 1997 Tarraconensis
1736 1954 1890 1995 aetatis

162 2026 360 2068 incertae.

76 2095 161 2138 283
189 2099 432 2136 AEMILIVS
465 2098 688 2135 SEVERVS
721 2098 1084 2146 CANTABRINVS,
1118 2091 1267 2134 consul
1289 2091 1421 2146 (suff.)
1443 2107 1481 2135 a.
1503 2090 1544 2133 d.
1566 2091 1634 2132 III
1653 2090 1750 2132 idus
1774 2089 1889 2145 Aug.

163 2176 275 2205 anno
309 2162 469 2204 incerto
506 2161 667 2204 saeculi
703 2161 793 2203 III
821 2161 933 2203 inter
966 2160 1264 2203 Alexandrum
1303 2163 1343 2202 et
1382 2160 1612 2214 Philippos
1650 2162 1699 2200 ut
1726 2158 1891 2201 videtur

163 2230 266 2286 dipl.
295 2230 384 2272 mil.
415 2229 529 2283 Eph.
559 2244 621 2284 ep.
642 2233 670 2272 4
691 2244 739 2284 p.
760 2231 855 2272 508.

79 2299 164 2343 284
192 2299 244 2344 L.
275 2297 488 2341 Aemilius
519 2297 804 2351 Sullectinus,
846 2297 1090 2354 praefectus
1122 2295 1270 2338 classis
1299 2296 1567 2338 Ravennatis
1597 2295 1796 2337 Boissieu
1822 2295 1888 2337 in-

161 2367 390 2422 scriptions
419 2365 468 2408 de
495 2366 616 2420 [syon
635 2380 685 2419 p.
708 2368 762 2408 16
789 2379 832 2407 n.
852 2368 918 2407 13.

76 2436 160 2479 285
190 2434 404 2477 Aemilius
435 2433 548 2477 Sura
578 2433 732 2476 aetatis
760 2434 945 2476 incertae
953 2446 966 2485 ;
1004 2433 1134 2475 verba
1168 2433 1256 2475 eius
1287 2432 1341 2474 de
1371 2432 1495 2474 annis
1525 2430 1674 2487 populi
1704 2432 1888 2473 Romani

163 2502 405 2555 afferuntur
435 2503 480 2544 in
505 2502 754 2556 ylossatoris
782 2502 932 2544 veteris
963 2501 1249 2543 additamento
1280 2500 1397 2555 apud
1426 2500 1626 2542 Velleium
1653 2503 1692 2550 1,
1714 2502 1753 2550 6,
1773 2502 1812 2541 6.

78 2573 162 2616 286
190 2570 403 2614 Aemilius
413 2571 530 2625 Tiro,
542 2570 598 2612 ad
609 2584 739 2626 quem
748 2569 838 2612 divi
849 2569 1004 2612 fratres
1016 2570 1333 2625 rescripserunt
1344 2568 1517 2623 leian.
1526 2568 1689 2623 Diyest.
1697 2571 1763 2618 47,
1772 2569 1839 2618 18,
1849 2570 1887 2609 1.

90 2665 148 2685 .—
191 2639 251 2682 M.
293 2638 480 2681 Messius
520 2638 727 2680 Rusticus
766 2636 979 2680 Aemilius
1017 2638 1161 2681 Verus
1199 2637 1350 2679 Aelius
1394 2636 1601 2679 Romulus
1638 2636 1888 2679 Priscianus

162 2707 287 2750 Titus
299 2705 358 2762 (‘?)
389 2705 614 2749 Proculus.

77 2776 160 2819 287
191 2776 241 2818 Ρ.
262 2774 474 2818 Aemilius
495 2775 647 2818 Victor
675 2775 723 2817 in
751 2774 898 2829 fistula
919 2773 1122 2828 plumbea
1152 2774 1330 2828 oriqinis
1354 2774 1539 2816 incertae
1559 2773 1776 2816 Lanciani
1794 2772 1887 2827 syll.

162 2857 228 2897 aq.
249 2857 292 2886 n.
308 2846 401 2888 456.
448 2842 679 2898 (Aemilius
699 2843 853 2886 Victor
872 2844 942 2884 vir
962 2842 1299 2898 perfectissimus
1321 2858 1347 2884 a
1367 2841 1607 2885 rationibus
1627 2840 1889 2883 Diocletiani

163 2911 233 2954 VI
252 2910 395 2966 1120).

77 2980 161 3023 288
192 2978 433 3034 [Ae]milius
459 2980 721 3034 Victorinus,
754 2978 808 3022 A.
841 2979 884 3034 f„
916 2985 1172 3036 procurator
1199 2978 1315 3034 Aug.
1346 2978 1401 3020 ad
1431 2976 1704 3034 accipiendos
1735 2990 1889 3018 census

163 3049 210 3089 in
248 3048 476 3104 provincia
505 3046 651 3090 Gallia
679 3046 964 3102 Lugdunensi
995 3053 1037 3089 et
1067 3047 1112 3088 in
1142 3047 1369 3103 provincia
1398 3046 1587 3088 Thracia
1615 3044 1742 3088 XIV
1761 3047 1886 3087 4250.

89 3140 148 3146 —-
190 3121 385 3158 MAROIA
414 3121 646 3158 POSTVMA
674 3121 930 3158 MESSENIA
959 3121 1177 3156 LVCILLA
1206 3121 1437 3157 AEMILIA.

76 3184 161 3227 289
190 3190 389 3226 PAVLLA
417 3190 636 3226 AEMILIA
675 3184 722 3227 in
757 3185 997 3239 fragmento
1036 3183 1218 3238 bilinyui
1243 3183 1530 3238 Emporitano
1558 3182 1622 3224 II
1641 3183 1765 3225 4623.
1818 3179 1886 3233 Of.

162 3251 345 3295 Paullus
372 3251 583 3295 Aemilius
611 3251 817 3307 Regillus.

79 3319 163 3362 290
190 3326 409 3362 AEMILIA
449 3326 711 3375 GALLISTA,
753 3319 802 3364 C.
833 3319 885 3375 f.,
926 3318 1163 3361 clarissima
1200 3319 1383 3375 femina,
1426 3320 1616 3362 coniunx
1658 3318 1709 3362 L.
1739 3316 1888 3359 Turcii

164 3387 358 3431 Faesasii
387 3387 628 3445 Aproniani
658 3403 744 3432 cos.
774 3388 855 3431 IX
878 3390 995 3432 2801
1026 3387 1276 3442 Aufidenus.
