2202 3730
272 261 516 298 CLAVDIVS
1126 251 1208 293 356
1827 257 2071 294 CLAVDIVS

283 414 285 417 ·
355 393 442 445 ipsc
480 391 634 433 dicitur
664 389 849 445 Ἡρώδης
887 388 950 429 vel
980 386 1165 443 Ἡρώδης
1207 376 1393 437 Ἀττικοῦ,
1427 390 1556 440 pater
1593 400 1676 428 uno
1709 387 1875 429 nomine
1913 400 2074 442 semper

356 457 537 508 Ἀττικός,
568 472 695 511 neque
724 457 1040 505 Romanorum,
1082 468 1160 508 quo
1194 468 1313 496 nemo
1351 456 1537 508 unquam
1566 455 1784 508 quisquam
1820 455 1952 498 altero
1975 459 2075 511 post

357 526 571 569 Christum
599 528 746 567 natum
775 523 941 565 saeculo
972 523 1208 577 appellatus
1239 526 1298 564 est
1324 522 1385 566 Ti.
1410 521 1618 565 Claudius
1641 524 1880 577 coynomine
1911 525 2072 574 omis-30,

355 594 427 636 sed
463 595 531 635 hic
572 593 784 647 appellari
821 592 961 634 debuit
1000 592 1066 634 Ti.
1109 589 1317 632 Claudius
1360 590 1425 632 Ti.
1467 590 1495 634 f.
1536 590 1706 633 Atticus
1751 591 1948 634 Herodes
1991 592 2075 635 sive

355 662 421 703 Ti.
454 661 660 704 Claudius
691 660 863 702 Atticus
893 660 977 701 sive
1007 659 1074 701 Ti.
1107 658 1316 701 Claudius
1347 658 1558 701 Herodes.
1624 659 1774 713 Itaque
1803 673 1886 702 non
1917 660 2072 710 dubito,

356 730 457 782 quin
487 729 532 770 in
563 728 703 782 lapide
728 728 859 780 fuerit
889 727 1095 784 [Τ]ιβέριος
1117 726 1313 773 Κλαύδιος
1334 725 1571 783 Ἡρώδ[ης];
1601 741 1701 769 num
1730 727 1832 780 quid
1855 730 2076 780 praeterea

355 798 400 838 in
430 798 512 852 fine
542 810 685 839 versus
705 797 887 850 perierit
915 796 1045 837 veluti
1071 796 1217 851 ἱερεύς,
1258 796 1344 837 nisi
1382 795 1522 848 lapide
1553 795 1684 837 denuo
1724 796 1964 838 escaminato
1992 810 2076 838 non

351 869 493 919 potest
523 865 763 907 diiudicari.

439 934 496 975 In
540 933 781 975 consulatu:
826 933 892 974 Ti.
932 931 1139 974 Claudius
1180 931 1349 973 Atticus
1391 931 1587 973 Herodes
1635 931 1702 974 VI
1723 935 1880 974 20217.
1921 936 2074 983 24162,

354 1001 479 1043 XIV
499 1004 623 1051 3692,
656 1000 722 1044 Ti.
755 1000 962 1043 Claudius
991 999 1163 1042 Atticus
1196 999 1263 1041 VI
1284 1002 1434 1050 29335,
1467 1003 1645 1042 ceterum
1674 1000 1845 1041 Atticus
1873 1000 1990 1053 fasti.
2024 1024 2071 1030 -

352 1069 483 1123 Apud
523 1070 768 1123 scriptores:
808 1067 992 1125 Ἡρώδης
1033 1066 1195 1120 Ἰούλιος
1230 1069 1479 1124 χρηματίσας
1508 1082 1736 1122 perperam
1767 1067 1927 1110 Suidas
1966 1081 1998 1112 s.
2038 1082 2075 1112 v.

356 1136 540 1193 Ἡρώδης
570 1137 604 1179 Ι
616 1152 664 1190 p.
683 1140 766 1180 896
796 1137 856 1179 ecl.
886 1136 1167 1190 Bernhardy;
1201 1135 1397 1177 Herodes
1429 1135 1600 1177 Atticus
1632 1135 1748 1190 apud
1773 1135 1957 1178 Gellium
1984 1135 2077 1178 ubi-

354 1219 443 1259 que,
474 1206 544 1247 vit.
577 1206 727 1247 Ilffarci
745 1209 783 1256 4,
805 1207 848 1256 2,
882 1205 980 1247 Veri
997 1207 1040 1255 2,
1062 1207 1113 1255 5,-
1140 1203 1348 1246 Claudius
1379 1203 1576 1246 Herodes
1606 1203 1694 1245 Dio
1716 1207 1779 1254 71,
1801 1207 1866 1254 35,
1899 1206 2078 1246 ceterum

353 1287 513 1327 semper
542 1273 754 1315 Herodes.

437 1341 715 1383 Atheniensis
747 1340 953 1383 Philostr.
986 1341 1058 1382 vit.
1087 1340 1203 1394 soph.
1235 1344 1278 1391 2,
1310 1344 1335 1382 1
1366 1340 1458 1383 init.
1491 1338 1618 1393 (quod
1647 1343 1772 1394 caput
1805 1339 1899 1382 inde
1926 1339 2078 1382 abhinc

353 1409 635 1451 indicabimus
664 1410 786 1463 infra
812 1423 893 1463 per
922 1423 1059 1451 vocem
1092 1409 1209 1450 ‘vita'
1236 1408 1521 1463 paragrapho
1551 1408 1768 1462 adscripta
1804 1408 1864 1450 ecl.
1902 1408 2078 1451 Wester-

354 1480 513 1533 mann),
534 1477 693 1520 Suiolas
710 1477 732 1519 Ζ.
753 1477 793 1527 l.,
818 1477 1008 1519 Pausan.
1027 1477 1078 1528 (v.
1092 1477 1255 1531 infra),
1275 1476 1572 1518 Marathonius
1597 1479 1623 1517 t.
1641 1479 1679 1518 1.
1695 1479 1734 1518 4.
1751 1479 1821 1520 12.
1837 1479 1907 1519 27.
1925 1479 1994 1519 28.
2010 1479 2077 1521 34,

354 1546 614 1599 epiyramma
652 1545 884 1600 sepulcrale
919 1545 1009 1586 vita
1036 1548 1102 1595 37,
1145 1545 1304 1588 Suiolas
1335 1545 1359 1587 l.
1393 1544 1419 1587 Ζ.
1476 1544 1612 1586 Filius
1643 1544 1709 1588 Ti.
1743 1543 1912 1587 Claudii
1942 1543 2076 1586 Attici

357 1613 545 1654 Herodis
594 1620 636 1655 et
685 1613 901 1656 Vibulliae
952 1612 1101 1655 Alciae
1142 1616 1168 1655 t.
1208 1616 1267 1656 23
1306 1614 1360 1666 cf.
1405 1616 1432 1656 t.
1462 1616 1539 1663 36;
1586 1611 1698 1654 filius
1741 1611 1896 1667 Attici,
1945 1627 2077 1669 nepos

355 1681 577 1723 Plutarchi
599 1681 692 1736 (sic)
715 1681 876 1724 Suidas
897 1681 923 1723 l.
947 1681 998 1732 Ζ.,·
1028 1680 1141 1723 filius
1164 1682 1309 1731 Attici,
1341 1696 1475 1736 nepos
1507 1681 1591 1733 (Ti.
1614 1680 1803 1734 Claudii)
1835 1680 2075 1737 Hipparchi

352 1753 460 1792 recte
490 1750 577 1791 vita
600 1753 627 1791 3
658 1751 711 1803 cf.
734 1753 907 1791 stemma
928 1764 974 1803 p.
996 1752 1075 1792 355
1085 1762 1098 1800 ,·
1129 1748 1314 1805 Ἡρώδης
1339 1746 1505 1791 Ἀττικοῦ
1537 1749 1657 1802 (casu
1683 1749 1871 1802 genetivo
1894 1747 2076 1805 Ἡρώδου

354 1822 421 1860 τοῦ
450 1816 631 1872 Ἀττικοῦ)
664 1821 691 1860 t.
713 1822 751 1860 1.
773 1822 812 1860 3.
835 1817 950 1873 [22].
972 1821 1040 1860 24.
1064 1821 1134 1861 26.
1154 1821 1224 1868 32,
1253 1818 1512 1871 epiyramma
1541 1816 1772 1871 sepulcrale
1803 1816 1830 1858 l.
1858 1817 1884 1859 Ζ.
1937 1817 2079 1860 Natus

357 1889 416 1928 est
436 1887 551 1928 circa
572 1901 610 1930 a.
632 1887 824 1937 101l102,
846 1889 894 1928 ut
912 1886 1098 1939 sequitur
1119 1900 1168 1928 ecc
1188 1886 1242 1927 iis
1261 1900 1367 1939 quae
1389 1885 1438 1927 cle
1461 1886 1610 1927 mortis
1639 1888 1820 1939 tempore
1851 1885 2079 1928 traduntur

355 1968 392 1998 v.
423 1955 556 2008 infra.

443 2024 602 2064 Romae
631 2023 675 2064 in
706 2022 831 2064 domo
865 2022 911 2065 P.
936 2021 1113 2064 Calvisii
1146 2020 1312 2076 (Tulli),
1345 2022 1415 2063 avi
1446 2021 1504 2063 M.
1528 2020 1695 2063 Aurelii
1727 2022 1799 2077 qui
1832 2022 2074 2078 imperavit,

359 2090 553 2132 eruditus
594 2097 657 2132 est
696 2091 876 2132 Marcus
915 2090 972 2132 aol
1005 2089 1266 2132 Frontonem
1297 2093 1336 2140 3,
1367 2093 1399 2133 2
1421 2104 1468 2143 p.
1491 2093 1544 2131 41
1575 2089 1636 2133 eol.
1671 2089 1830 2132 Naber.
1897 2089 2078 2132 Athenis

358 2158 611 2214 Scopeliano
650 2159 855 2213 magistro
897 2174 1000 2200 usus
1042 2165 1106 2200 est
1137 2158 1344 2202 Philostr.
1375 2159 1446 2201 vit.
1477 2158 1593 2212 soph.
1625 2161 1669 2208 1,
1703 2161 1784 2208 21,
1815 2161 1854 2209 7,
1894 2159 1984 2200 vita
2011 2162 2076 2202 14.

356 2228 586 2269 Praeterea
626 2242 721 2268 eum
762 2226 1001 2268 docuerunt
1042 2226 1266 2269 Secundus
1306 2225 1583 2268 Atheniensis
1624 2225 1814 2282 sophista
1854 2225 2076 2280 (Philas-tr.

356 2296 528 2350 sophist.
558 2300 595 2346 1,
625 2299 713 2352 26),
746 2295 998 2349 Theagenes
1038 2294 1231 2348 Cnidius,
1274 2294 1496 2336 Munatius
1527 2293 1784 2348 Trallianus,
1825 2293 2076 2349 (Calvisius)

356 2363 525 2406 Taurus
548 2363 826 2420 philosophus
846 2364 935 2405 vita
950 2367 1016 2414 31,
1036 2363 1231 2419 inprimis
1248 2363 1503 2413 Favorinus,
1523 2377 1649 2419 quem
1670 2362 1866 2404 Herodes
1885 2363 2076 2415 magistri

357 2439 399 2474 et
429 2433 564 2488 patris
592 2432 684 2474 loco
717 2431 902 2474 habebat
931 2432 1021 2473 vita
1050 2431 1149 2482 ibol„
1182 2431 1387 2473 Philostr.
1419 2435 1457 2481 1,
1484 2434 1524 2482 8,
1551 2435 1590 2481 4,
1623 2430 1781 2473 Suidas
1812 2430 1837 2472 Ζ.
1869 2430 1896 2472 Ζ.
1928 2430 2078 2484 (Anto-

358 2501 494 2554 nium)
520 2500 795 2542 Polemonem
817 2501 1027 2556 Smyrnae
1049 2499 1229 2554 audivit,
1254 2515 1338 2556 quo
1370 2506 1563 2555 tempore
1594 2506 1809 2540 corrector
1838 2499 2078 2541 civitatium

358 2567 490 2610 Asiae
511 2575 613 2623 erat,
647 2570 825 2625 eiusque
847 2568 1106 2624 discipulum
1130 2583 1175 2609 se
1195 2567 1413 2623 professus
1434 2575 1508 2621 est,
1541 2582 1639 2609 cum
1668 2568 1759 2623 ipse
1779 2566 1883 2609 alios
1905 2567 2077 2610 doceret

355 2635 561 2678 Philostr.
592 2640 630 2687 1,
665 2640 734 2687 25,
773 2640 920 2687 13-18,
952 2637 1041 2678 vita
1066 2640 1105 2679 et
1131 2636 1291 2679 Suiolas
1322 2635 1348 2677 l.
1387 2635 1413 2679 l.
1481 2635 1747 2678 Adulescens
1778 2636 1822 2676 in
1853 2635 2078 2678 Pannonia

360 2719 503 2745 coram
534 2705 790 2760 imperatore
817 2706 1008 2747 oratione
1039 2704 1194 2747 cecidit
1222 2704 1312 2746 vita
1332 2707 1399 2754 31,
1429 2704 1586 2746 scilicet
1611 2703 1840 2746 Hadriano
1866 2717 1977 2745 anno
1995 2706 2078 2746 118

356 2772 418 2814 vel
450 2787 488 2816 a.
520 2776 609 2816 122
647 2774 693 2815 in
732 2774 961 2815 Pannonia
1006 2776 1151 2828 ayente
1191 2773 1245 2826 cf.
1283 2772 1426 2822 Durr,
1468 2772 1552 2814 Die
1590 2772 1746 2814 Reisen
1787 2771 1874 2813 dcs-
1895 2771 2078 2814 Kaisers

361 2840 563 2882 Haolsrian
583 2856 631 2895 p.
659 2845 722 2884 19.
754 2844 820 2884 35.

442 2908 625 2950 Athenis
666 2923 951 2964 agoranomus
992 2908 1073 2950 fuit
1103 2911 1131 2950 t.
1163 2911 1232 2958 26,
1275 2909 1434 2949 archon
1468 2911 1494 2951 t.
1525 2911 1597 2957 29,
1638 2909 1763 2963 τρίτου
1794 2909 1872 2950 ἀπὸ
1902 2912 1971 2964 τῆς
1999 2908 2078 2951 ἐπι-

361 2978 503 3031 δημίας
539 2980 606 3018 τοῦ
647 2979 828 3033 μεγίστου
871 2979 1157 3033 αὐτοκράτορος
1191 2975 1392 3032 Καίσαρος
1422 2975 1615 3032 Τραιανοῦ
1647 2973 1845 3031 Ἀδριανοῦ
1875 2976 2076 3033 Σεβαστοῦ

360 3043 406 3085 iol
432 3047 492 3085 est
522 3059 561 3085 a.
592 3046 681 3097 fere
710 3045 896 3088 1271‘128
927 3046 979 3098 cf.
1003 3044 1126 3087 Durr
1147 3059 1193 3098 p.
1214 3047 1279 3086 43.
1327 3045 1482 3085 Postea
1514 3043 1775 3101 hipparchus
1807 3046 1834 3086 t.
1865 3047 1934 3086 12.
1983 3044 2075 3085 lam

359 3118 458 3153 ante
479 3127 517 3154 a.
537 3113 616 3154 126
638 3112 810 3168 publice
832 3113 886 3155 ab
903 3112 1241 3154 Atheniensibus
1264 3112 1498 3154 honoratus
1518 3111 1691 3153 videtur
1712 3114 1739 3153 t.
1755 3115 1829 3154 22.
1862 3109 2077 3168 Ἀρχιερεύς

362 3179 537 3232 (scilicet
556 3184 634 3222 τῶν
661 3181 892 3236 Σεβαστῶν)
915 3184 942 3222 t.
963 3184 1029 3222 31.
1050 3183 1116 3230 33,
1149 3181 1274 3236 ἱερεύς
1299 3183 1327 3222 t.
1350 3184 1405 3222 30
1426 3179 1505 3221 sub
1527 3179 1655 3221 finem
1675 3179 1841 3236 imperii
1863 3178 2075 3221 Hadriani

360 3247 431 3301 (cf.
463 3250 490 3290 t.
519 3247 589 3301 30)
619 3254 715 3304 post
745 3255 925 3290 mortem
956 3249 1091 3304 patris
1122 3248 1260 3290 factus
1291 3262 1327 3290 v.
1360 3262 1492 3302 supra
1521 3248 1566 3289 in
1584 3250 1726 3300 patre.

444 3314 633 3357 Herodes
663 3329 755 3357 cum
781 3315 897 3370 filius
926 3317 1011 3358 viri
1039 3316 1267 3358 clarissimi
1291 3316 1382 3357 iure
1401 3315 1607 3357 senatorii
1629 3314 1788 3356 ordinis
1808 3317 1922 3364 esset,
1946 3327 2075 3368 prae-
