2202 3730
329 296 489 332 ANNIA
1210 289 1263 333 78
1980 297 2139 333 ANNIA

413 426 573 469 Eckhel
595 442 643 481 p.
676 431 742 477 79,
782 427 923 469 Gohen
945 441 992 481 p.
1020 430 1100 469 149
1139 441 1181 469 n.
1208 430 1292 469 139
1321 440 1407 481 sqq.
1466 426 1573 469 Cum
1616 427 1670 470 de
1709 428 1959 471 valetudine
1996 428 2140 471 mariti

412 495 675 551 desperaret,
707 510 806 537 cum
826 495 985 538 Avidio
1013 495 1162 538 Cassio
1194 501 1359 538 secreta
1389 494 1567 537 consilia
1595 495 1651 538 de
1679 497 1860 553 imperio
1891 497 2140 553 usurpando

414 565 560 606 iniisse
589 579 615 606 a
648 563 908 620 quibusdam
936 563 1182 606 insimulata
1211 571 1277 606 est
1305 565 1376 608 vit.
1410 564 1560 606 Marci
1586 568 1656 616 24,
1688 568 1778 607 6—7
1805 584 1861 600 =
1889 565 1961 609 vit.
1992 564 2143 608 Avidii

418 632 561 675 Cassii
591 635 627 682 7,
659 635 697 683 1,
738 631 826 674 Dio
858 636 922 683 71,
954 635 1028 675 22.
1095 632 1337 687 (Epistulas
1376 631 1615 675 Faustinae
1654 636 1693 675 et
1734 632 1903 683 Marei,
1944 646 2051 686 quae
2092 633 2141 675 de

414 699 637 742 rebellione
656 699 808 742 Avidii
836 700 882 742 in
910 701 1000 742 vita
1025 701 1113 742 eius
1143 714 1176 743 e.
1199 703 1225 743 9
1245 713 1330 754 sqq.
1362 699 1616 752 afferuntur,
1647 715 1765 743 mera
1795 703 2026 743 commenta
2055 714 2141 744 esse

414 767 724 823 mytkhistoriei
752 768 972 811 cuiusdam
1003 772 1167 811 constat
1195 769 1307 811 inter
1337 768 1505 823 omnes.)
1564 767 1724 811 Avidio
1755 783 1958 825 oppresso
1988 784 2027 811 a.
2061 770 2140 812 175

415 837 618 878 maritum
659 837 703 877 in
741 837 947 879 orientem
988 838 1192 879 comitata
1230 852 1268 879 a.
1303 837 1385 879 176
1420 837 1466 878 in
1497 837 1716 879 radicibus
1746 837 1903 879 montis
1932 837 2067 880 Tauri
2096 838 2139 879 in

415 905 512 946 vico
544 903 726 947 Halalae
766 906 908 948 subito
949 911 1120 948 mortua
1161 912 1226 947 est
1263 906 1334 947 vit.
1369 905 1520 947 Marci
1546 907 1616 956 26,
1647 909 1686 956 4,
1718 904 1807 948 Dio
1838 909 1902 956 71,
1931 907 1999 949 30.
2056 905 2141 947 De-

415 973 588 1015 functae
617 973 766 1015 Marco
808 980 981 1030 petente
1017 975 1172 1016 summi
1212 973 1397 1016 honores
1437 973 1594 1028 habiti,
1637 980 1889 1016 consecrata
1926 980 1991 1015 est
2021 972 2143 1026 (diva

416 1041 529 1096 Aug.
561 1042 770 1084 Faustina
808 1042 892 1085 sive
932 1042 1034 1084 diva
1065 1042 1274 1084 Faustina
1312 1043 1385 1098 pia
1413 1042 1581 1096 passim
1610 1042 1656 1084 in
1686 1041 1822 1084 titulis
1850 1041 2140 1096 nwmmisque),

416 1124 554 1152 novae
594 1109 760 1166 puellae
790 1111 1097 1153 Faustinianae
1117 1102 1357 1153 'institutae
1396 1109 1568 1166 aliaque
1607 1110 1652 1152 id
1691 1124 1828 1165 genus
1868 1109 2043 1152 decreta
2069 1109 2141 1154 vit.

418 1178 569 1221 Marci
594 1181 664 1229 26,
695 1181 797 1229 5-8,
828 1178 915 1221 Dio
947 1182 1011 1229 71,
1041 1182 1108 1222 31.
1177 1179 1351 1221 Marcus
1391 1178 1495 1221 fecit
1534 1177 1746 1221 coloniam
1785 1179 1934 1220 vicum
1973 1178 2018 1220 in
2056 1192 2141 1234 quo

419 1247 526 1289 obiit
545 1247 756 1289 Faustina
782 1253 825 1288 et
854 1247 1005 1289 aedem
1036 1247 1096 1289 illi
1130 1248 1326 1290 extruxit
1354 1247 1426 1289 vit.
1450 1246 1600 1289 Marci
1617 1250 1688 1297 26,
1709 1250 1747 1298 9,
1777 1245 1993 1290 Caracall.
2014 1249 2079 1296 11,
2103 1249 2140 1290 7.

414 1315 579 1357 Multae
619 1315 801 1358 fabellae
841 1315 974 1370 vulgo
1014 1315 1267 1359 ferebantur
1297 1315 1352 1358 de
1381 1315 1616 1358 Faustinae
1645 1314 1915 1371 impudicitia
1944 1320 1987 1357 et
2021 1313 2141 1356 adul-

417 1384 548 1438 teriis,
581 1398 693 1440 quae
723 1385 866 1426 omnia
896 1384 1069 1427 Marcus
1100 1391 1176 1427 aut
1206 1384 1428 1427 nesciebat
1456 1390 1531 1426 aut
1560 1383 1861 1426 dissimulabat
1888 1383 1961 1426 vit.
1994 1382 2145 1425 Marci

414 1455 477 1503 19,
510 1455 622 1504 1-9;
650 1455 720 1503 23,
746 1456 793 1503 7,·
823 1456 893 1503 26,
916 1455 962 1504 6,·
995 1456 1067 1503 29,
1095 1456 1195 1503 1-3,
1237 1452 1336 1495 Veri
1360 1455 1428 1503 10,
1451 1456 1490 1495 1.
1511 1455 1550 1503 5,
1581 1451 1670 1495 Dio
1692 1455 1756 1502 71,
1778 1454 1845 1502 34,
1888 1451 1992 1494 Vict.
2020 1450 2140 1495 Caes.

414 1524 479 1572 16,
502 1525 545 1571 2,
578 1520 740 1563 Iulian.
770 1520 890 1564 Caes.
914 1536 962 1576 p.
989 1525 1074 1564 429
1105 1521 1245 1564 Hertl.
1305 1521 1405 1577 Ipse
1437 1520 1658 1577 praedicat
1687 1534 1868 1563 uxorem
1898 1521 2040 1564 οὑτωσὶ
2070 1520 2141 1576 μὲν

415 1591 627 1647 πειθήνιον,
660 1591 762 1633 οὕτω
791 1590 834 1632 δὲ
855 1590 1126 1647 φιλόστοργον,
1159 1591 1262 1633 οὕτω
1286 1591 1330 1632 δὲ
1351 1590 1483 1647 ἀφελῆ
1506 1589 1688 1632 Marcus
1707 1590 1763 1637 εἰς
1783 1588 1922 1632 ἑαυτόν
1942 1592 1981 1639 1,
2002 1591 2068 1631 17.
2088 1611 2140 1617 -

418 1657 685 1700 Memoratur
709 1658 756 1700 in
785 1658 976 1713 epistulis
997 1658 1147 1701 Marci
1176 1661 1215 1700 et
1233 1658 1468 1701 Frontonis
1486 1657 1652 1701 Fronto
1665 1672 1712 1712 p.
1729 1660 1798 1700 80.
1819 1660 1886 1700 83.
1908 1659 1976 1701 89.
1999 1660 2066 1700 90.
2088 1659 2141 1700 91

416 1727 659 1781 passimque
687 1727 855 1769 nomine
886 1727 1050 1771 omisso,

500 1795 650 1837 Mberi
670 1795 821 1838 Marci
839 1798 878 1838 et
896 1795 1136 1838 Faustinae
1162 1798 1260 1850 quot
1290 1795 1457 1838 omnino
1488 1795 1651 1849 fuerint
1679 1795 1915 1849 iynoratur,
1948 1793 2143 1836 tredecim

415 1866 536 1906 notos
564 1863 777 1908 habemus.
837 1863 890 1906 A.
924 1864 1008 1907 146
1043 1863 1190 1906 Annia
1230 1862 1408 1907 Galeria
1446 1862 1628 1906 Aurelia
1666 1863 1876 1905 Faustina
1915 1867 2017 1904 nata
2055 1867 2142 1916 est3
2182 1876 2184 1878 ·

417 1930 497 1973 sub
530 1932 701 1974 initium
731 1947 769 1974 a.
803 1933 884 1975 147
920 1932 1034 1974 filius
1074 1938 1201 1975 natus
1242 1937 1284 1975 et
1320 1931 1447 1988 paulo
1487 1938 1586 1988 post
1624 1937 1820 1974 mortuus
1861 1937 1927 1974 est
1962 1929 2144 1984 epistula

419 2000 569 2043 Marci
598 1998 656 2043 ad
683 2001 890 2055 Ephesios
921 2001 1025 2043 olata
1055 2001 1094 2043 ol.
1123 2003 1182 2044 28
1210 2001 1364 2043 mensis
1394 2000 1557 2042 Martii
1595 2014 1634 2042 a.
1663 2003 1745 2042 147
1770 1998 1882 2042 CIG
1909 2002 1994 2041 317
2003 1999 2041 2050 b,
2073 1999 2146 2053 qui

416 2068 579 2110 violetur
608 2082 694 2112 esse
723 2069 773 2111 T.
795 2068 947 2111 Aelius
977 2068 1247 2123 Antoninus3
1279 2068 1379 2111 dein
1409 2067 1523 2110 filiae
1553 2074 1680 2110 natae
1710 2073 1822 2123 sunt,
1853 2070 1901 2110 ut
1930 2067 2144 2122 eolliqitur

418 2151 467 2179 ex
497 2137 687 2191 epistulis
708 2138 858 2180 Marci
883 2141 922 2181 et
941 2137 1175 2180 Frontonis
1196 2152 1244 2192 p.
1266 2140 1337 2181 82.
1368 2140 1434 2180 86.
1466 2140 1534 2187 89,
1564 2136 1712 2179 Annia
1730 2135 1913 2191 Lucilla,
1946 2134 2142 2191 (ArriaP)

419 2204 599 2260 Fadilla,
623 2205 880 2260 Cornificia3
912 2212 1136 2262 praeterea
1157 2207 1234 2249 Pio
1255 2206 1358 2248 vivo
1384 2206 1475 2248 nati
1502 2211 1544 2247 et
1563 2207 1722 2247 mortui
1743 2210 1843 2247 sunt
1863 2205 1914 2247 Τ.
1934 2203 2142 2247 Aurelius

416 2273 678 2328 Antoninus,
708 2275 758 2317 T.
781 2274 932 2317 Aelius
962 2274 1181 2329 Aurelius,
1215 2275 1408 2316 Domitia
1437 2274 1657 2327 Faustina,
1689 2276 1737 2315 ut
1765 2287 1815 2315 ex
1843 2273 1977 2315 titulis
2005 2271 2141 2327 sepul-

419 2342 606 2386 cralibus
627 2347 810 2398 apparet
829 2343 897 2386 VI
910 2347 1004 2387 993.
1029 2347 1122 2386 994.
1144 2346 1249 2394 995,·
1270 2343 1311 2386 d.
1334 2343 1384 2387 31
1409 2357 1542 2387 mens.
1565 2342 1752 2398 Augusti
1774 2357 1812 2402 a.
1834 2343 1906 2383 161
1933 2340 2143 2383 Faustina

419 2412 586 2467 peperit
624 2412 675 2455 L.
706 2411 934 2454 Aurelium
963 2411 1248 2455 Commodum
1279 2418 1321 2454 et
1349 2411 1619 2454 Antoninum
1657 2411 1851 2465 geminos
1891 2409 1946 2463 ef.
1976 2408 2141 2452 Fronto

417 2494 466 2533 p.
487 2483 592 2531 101;
621 2495 659 2522 a.
685 2481 766 2523 163
787 2481 846 2524 M.
869 2480 1041 2522 Annius
1060 2481 1203 2524 Verus
1224 2486 1350 2522 natus
1372 2486 1448 2534 est,
1480 2480 1686 2522 incertum
1714 2493 1794 2532 quo
1825 2491 1937 2520 anno
1957 2475 2142 2519 Hadria-

423 2563 525 2602 nus3
566 2547 654 2590 filia
692 2554 796 2590 natu
826 2549 1004 2591 minima
1034 2548 1210 2591 videtur
1238 2548 1370 2591 Vibia
1399 2546 1580 2590 Aurelia
1610 2547 1794 2597 Sabina,
1835 2561 1886 2588 ea
1913 2544 2002 2587 filia
2031 2559 2142 2601 quae

420 2616 600 2658 triennis
627 2616 786 2659 dicitur
816 2616 895 2659 sub
924 2632 1085 2659 annum
1115 2617 1205 2659 fere
1228 2617 1310 2659 170
1331 2616 1538 2659 Philostr.
1560 2616 1631 2657 vit.
1653 2614 1826 2669 sophist.
1847 2617 1892 2666 2,
1913 2616 1952 2664 1,
1973 2615 2045 2657 27.
2067 2615 2140 2656 28.

334 2684 418 2726 554
447 2689 607 2726 ΑΝΝΙΑ
638 2691 852 2740 ITALICA,
884 2685 933 2727 L.
965 2685 1099 2728 Annii
1130 2685 1270 2727 Italici
1300 2685 1513 2727 Honorati
1543 2683 1633 2725 filia
1661 2683 1751 2726 III
1771 2685 1893 2725 1071.
1923 2684 2049 2725 1072.

335 2752 417 2794 555
447 2758 607 2794 ΑΝΝΙΑ
637 2759 854 2795 LVCILLA
883 2774 938 2788 Σ
967 2760 1184 2795 LVCILLA
1211 2759 1454 2795 AVGVSTA.
1507 2752 1684 2794 Nummi
1701 2750 1863 2793 Eckhel
1894 2749 1989 2792 VII
2002 2764 2050 2804 p.
2071 2751 2139 2800 98,

422 2819 561 2863 Gohen
600 2821 708 2863 1112
731 2836 779 2876 p.
810 2824 895 2865 215
925 2835 1030 2876 sqq„
1071 2825 1328 2864 memoratur
1365 2821 1412 2863 in
1455 2823 1484 2862 t.
1517 2822 1698 2874 propter
1733 2818 2009 2873 puerperium
2052 2818 2141 2860 eius

421 2889 579 2930 Iunoni
597 2889 787 2932 Isueinae
805 2904 890 2944 pro
915 2890 1050 2932 salute
1071 2889 1215 2932 domus
1233 2889 1522 2944 Auyustorum
1542 2888 1686 2942 posito
1717 2901 1757 2929 a.
1781 2889 1861 2928 166
1890 2885 1959 2929 VI
1969 2888 2062 2928 360.
2082 2910 2141 2916 —

423 2955 566 2998 Annia
585 2957 756 2999 Lucilla
783 2958 830 3000 in
857 2972 941 3000 uno
970 2958 1127 3000 dieitur
1154 2971 1320 3000 nummo
1340 2956 1647 3011 Byzantiorum
1669 2954 1866 2997 Mionnet
1885 2954 1920 2996 I
1929 2957 2024 3005 379,
2045 2957 2139 3004 107,

423 3028 602 3066 ceterum
631 3026 677 3066 in
710 3027 893 3068 nummis
921 3025 1093 3068 Lucilla
1122 3025 1235 3080 Aug.
1267 3025 1331 3068 vel
1359 3023 1528 3066 Lucilla
1557 3023 1670 3077 Aug.
1701 3021 1912 3064 Antonini
1941 3021 2055 3077 Aug.
2087 3021 2140 3076 f.;

424 3092 592 3135 Lucilla
622 3092 736 3147 Aug.
770 3096 821 3144 t.;
850 3093 1021 3136 Lucilla
1051 3094 1167 3148 apud
1194 3093 1431 3147 scriptores.

508 3160 621 3203 Filia
650 3160 709 3203 M.
740 3160 908 3203 Aurelii
939 3161 1149 3203 Antonini
1190 3167 1232 3203 et
1271 3160 1440 3203 Anniae
1470 3160 1704 3202 Faustinae
1743 3158 1815 3200 vit.
1847 3157 1998 3200 Marci
2019 3160 2056 3207 7,
2086 3160 2117 3198 ’7
2123 3170 2136 3206 ;

423 3233 493 3279 20,
525 3232 563 3280 6,
594 3229 665 3270 vit.
696 3228 798 3284 Veri
825 3233 868 3279 2,
889 3233 938 3280 4,·
970 3233 1005 3279 7,
1031 3233 1078 3281 7;
1107 3233 1171 3280 10,
1194 3232 1231 3279 1,
1263 3228 1351 3271 Dio
1382 3231 1446 3278 71,
1471 3231 1508 3277 1,
1540 3226 1815 3269 Herodianus
1836 3229 1874 3276 1,
1895 3228 1935 3276 3,
1956 3229 2005 3276 1;
2033 3227 2140 3266 nata

423 3301 483 3340 est
509 3298 624 3339 eirea
652 3311 691 3338 a.
723 3299 815 3339 148.
877 3297 1006 3339 Pater
1046 3297 1274 3353 imperium
1310 3295 1493 3351 adeptus
1530 3310 1566 3337 a.
1602 3295 1678 3337 161
1713 3309 1807 3336 eam
1836 3294 1888 3336 L.
1914 3293 2030 3336 Vero
2066 3291 2139 3334 de-

422 3364 596 3422 spondit
630 3364 703 3408 vit.
734 3364 884 3407 Marci.
914 3366 950 3415 7,
984 3368 1011 3406 7
1019 3378 1032 3416 ‚·
1071 3380 1108 3407 a.
1143 3366 1224 3407 164
1252 3364 1426 3414 Marcus
1466 3376 1560 3404 eam
1599 3368 1833 3419 nupturam
1869 3360 2139 3404 commissam
