2202 3730
133 273 373 309 COMINIVS
996 269 1080 311 435
1656 274 1939 310 CONCESSVS

215 405 340 446 initio
375 405 563 458 positum
602 408 683 455 est,
725 405 772 447 in
811 409 840 447 t.
874 409 907 449 2
946 409 1043 448 ante
1079 406 1426 460 procurationem
1469 404 1666 459 Daciae).
1736 403 1939 447 Pontifex

217 471 534 526 (Concordiae),
575 480 781 529 patronus
811 474 1078 516 coloniarum
1120 473 1466 529 Concordiensis,
1498 473 1802 530 Aquileiensis,
1834 473 1939 516 Par·

213 541 384 594 mensis,
416 541 692 583 Venafranae
722 545 749 584 t.
781 546 820 584 1.

131 610 238 652 1017
269 610 321 652 L.
362 609 584 652 Cominius
623 610 864 664 Maximus,
905 611 956 652 L.
998 610 1050 665 f.,
1098 610 1227 652 domu
1264 610 1464 663 Mantua,
1506 611 1672 666 primus
1711 609 1826 666 pilus
1853 608 1934 664 bis,

211 685 467 734 procurator
496 678 554 721 M.
577 678 786 720 Antonini
808 678 1008 733 Augusti,
1041 678 1285 735 praefectus
1317 678 1499 733 legionis
1525 680 1571 721 II
1600 679 1822 720 Troianae
1840 677 1935 733 (sic)

210 746 333 787 fortis
363 745 682 800 (ducenarius):,
723 746 924 788 tribunus
965 746 1124 789 chortis
1157 747 1242 789 VII
1272 743 1523 803 praetofiae,
1560 747 1699 789 XIIII
1727 746 1932 801 urbanae,

211 814 281 856 III
310 813 528 868 vigulum3
568 815 760 856 centurio
791 815 954 857 chortis
984 816 1006 857 I
1039 816 1293 872 praetoriae,
1326 816 1371 857 X
1402 816 1602 869 urbanae,
1641 815 1682 858 V
1713 813 1933 869 vigulum3

212 888 415 924 evocatus
454 881 771 936 Augustorum,
813 882 1116 925 beneficiarius
1155 883 1363 939 praefecti
1407 884 1645 939 praetorio3
1688 883 1934 926 Numitoria

209 949 399 992 Moschis
429 951 620 992 coniunx
651 951 689 992 ei
720 952 863 1006 posuit
894 954 921 993 t.
953 951 1230 1005 sepulcralem
1258 951 1385 994 XIV
1403 955 1516 995 3626
1549 951 1830 994 Tiburtinum.

125 1018 235 1060 1018
267 1024 506 1060 COMINIVS
546 1024 814 1062 PROCVLVS.
874 1019 1051 1061 Nummi
1086 1019 1257 1074 Cyprii:
1294 1020 1339 1074 a)
1378 1020 1425 1062 in
1464 1020 1643 1062 adversa
1672 1034 1765 1062 cum
1793 1021 1931 1074 capite

208 1086 381 1129 Claudii
417 1090 457 1129 et
494 1088 769 1141 inscriptione
808 1088 874 1131 Ti.
918 1087 1125 1130 Claudius
1169 1088 1331 1131 Caesar
1367 1088 1482 1143 Aug.
1525 1090 1564 1142 [jv
1604 1087 1694 1132 Ἐπὶ
1740 1088 1928 1146 Κομινίου

205 1155 386 1212 Πρόκλου
418 1157 644 1198 ἀνθυπάτου
676 1154 864 1212 Κυπρίων
904 1170 1090 1198 museum
1118 1156 1412 1206 Berolinense,
1450 1157 1613 1207 Leuke,
1656 1156 1929 1199 Numismata

205 1223 428 1266 Hellenica
458 1223 608 1278 Suppl.
631 1239 680 1277 p.
711 1227 805 1273 161,
844 1224 1043 1266 Mionnet
1070 1225 1159 1267 III
1170 1239 1220 1278 p.
1251 1228 1346 1275 671,
1380 1228 1408 1267 7
1433 1245 1488 1259 Ξ
1521 1223 1659 1268 Cohen
1686 1225 1739 1267 12
1760 1240 1808 1280 p.
1839 1229 1929 1270 262

203 1306 245 1334 n.
274 1295 382 1343 132;
422 1291 463 1346 b)
495 1291 638 1334 euclem
678 1306 848 1342 aversa,
889 1293 936 1334 in
976 1293 1155 1335 adversa
1193 1294 1261 1335 Ti.
1302 1292 1509 1335 Claudius
1541 1293 1702 1335 Caesar
1729 1293 1845 1348 Aug.
1875 1294 1925 1336 P.

202 1359 261 1403 M.
293 1361 366 1402 Tr.
398 1360 448 1402 P.
508 1353 793 1402 Numismatic
818 1360 1044 1403 Chronicle
1078 1374 1159 1403 ser.
1190 1361 1279 1403 III
1298 1361 1377 1403 vol.
1408 1361 1489 1403 XI
1511 1360 1655 1417 (1891)
1677 1376 1725 1416 p.
1746 1364 1839 1404 146.
1871 1387 1923 1391 -

210 1428 375 1470 Titulus
405 1428 522 1481 apud
550 1428 775 1470 Muratori
793 1443 841 1482 p.
865 1432 945 1470 713
971 1443 1014 1471 n.
1036 1433 1068 1472 2
1095 1429 1234 1482 falsus
1264 1433 1326 1471 est
1354 1430 1407 1483 cf.
1440 1429 1509 1472 VI
1529 1431 1556 1472 5
1579 1443 1622 1472 n.
1644 1431 1808 1474 2200*.

289 1495 526 1539 Proconsul
558 1496 694 1552 Cypri
725 1497 806 1539 sub
837 1496 1019 1540 Claudio
1048 1498 1220 1540 nummi.
1251 1523 1310 1528 —
1347 1497 1415 1551 Of.
1445 1513 1487 1542 n.
1510 1501 1631 1542 1011.

117 1565 229 1608 1019
261 1570 500 1607 COMINIVS
533 1571 803 1619 SECVNDVS,
835 1565 1003 1620 legatus
1027 1567 1276 1608 Pannoniae
1302 1566 1520 1609 inferioris
1542 1582 1578 1609 a.
1606 1568 1688 1609 150
1711 1566 1813 1621 dipl.
1835 1567 1923 1610 mil.

205 1633 294 1675 III
317 1633 364 1676 S.
386 1647 435 1687 p.
456 1636 585 1676 2213.

116 1702 227 1744 1020
256 1701 307 1744 L.
338 1701 559 1744 Cominius
588 1702 825 1758 Vipsanius
856 1702 1080 1756 Salutaris,
1121 1703 1254 1745 domu
1282 1703 1431 1758 Roma,
1465 1703 1804 1759 subprocurator
1831 1703 1924 1746 ludi

198 1771 346 1825 magni
357 1802 376 1825 ,.
409 1777 666 1826 procurator
705 1770 1005 1813 alimentorum
1046 1786 1123 1827 per
1161 1771 1366 1828 Apuliam
1398 1771 1644 1815 Calabriam
1683 1772 1924 1815 Lucaniam

197 1839 402 1892 Bruttios,
434 1845 689 1894 procurator
718 1840 967 1895 provinciae
998 1839 1184 1894 Siciliae,
1217 1847 1472 1896 procurator
1494 1840 1726 1897 *capiend.
1758 1856 1849 1884 vec.
1882 1847 1925 1884 et

200 1906 277 1959 (sic
295 1907 359 1950 vel
378 1907 572 1963 capiend.
594 1913 705 1949 vect.
728 1907 915 1950 traditur
939 1912 1156 1963 corrupte‚·
1185 1909 1288 1962 quid
1314 1923 1361 1951 re
1388 1923 1490 1951 vera
1514 1910 1657 1963 fuerit,
1688 1910 1922 1964 incertum),

146 2000 156 2003 <
197 1982 454 2032 procurator
484 1977 734 2032 provinciae
770 1977 982 2031 Baeticae,
1025 1992 1052 2019 a
1087 1977 1405 2032 cognitionibus
1443 1978 1495 2020 L.
1536 1978 1734 2034 Septimii
1771 1978 1921 2021 Severi

197 2043 398 2098 Augusti,
430 2045 766 2100 perfectissimus
795 2046 866 2086 vir
895 2046 957 2087 II
977 2048 1087 2088 1085
1118 2049 1145 2089 t.
1177 2046 1210 2088 I
1214 2046 1396 2100 lipensis.

115 2114 219 2155 1021
255 2118 466 2154 COMINIA
506 2119 741 2155 VIPSANIA
780 2119 1040 2164 DIGNITAS,
1083 2114 1134 2156 L.
1166 2114 1208 2168 f.,
1246 2113 1486 2156 clarissima
1514 2114 1675 2157 femina
1702 2115 1783 2157 IX
1808 2118 1923 2158 2336

196 2184 224 2225 t.
256 2180 494 2234 Allifanus.

137 2274 195 2279 -
223 2255 468 2290 LARTIDIA
498 2254 725 2292 COMINIA.

111 2319 221 2360 1022
250 2317 535 2371 Commiades,
565 2318 640 2373 qui
671 2317 726 2359 de
756 2317 985 2360 conditura
1005 2319 1095 2360 vini
1126 2318 1308 2374 scripsit,
1340 2324 1492 2361 auctor
1522 2318 1654 2360 Plinii
1677 2319 1797 2362 Plin.
1817 2335 1859 2362 n.
1881 2320 1919 2362 h.

197 2386 224 2428 l.
254 2389 320 2428 14.
351 2388 404 2428 15
414 2399 427 2437 ,·
457 2387 614 2427 citatur
643 2386 728 2428 ibcl.
750 2390 815 2436 14,
836 2390 934 2429 120.
994 2384 1084 2437 (Ex
1113 2387 1250 2428 indice
1282 2387 1308 2430 l.
1338 2390 1392 2429 15
1425 2387 1707 2430 ‘Commiade‘
1738 2387 1921 2440 affertur

195 2453 408 2496 Priscian.
439 2453 630 2496 Gramm.
660 2455 760 2496 Lat.
790 2455 852 2497 II
864 2470 914 2508 p.
935 2458 1032 2504 248,
1064 2457 1148 2511 10.)
1181 2479 1233 2484 -
1262 2455 1433 2497 Aetatis
1463 2457 1662 2498 incertae.

137 2547 195 2552 —
225 2528 266 2565 C.
296 2528 566 2564 COSCONIVS
599 2528 1050 2565 COMMODIANANVS.

138 2615 196 2620 ——-
225 2597 268 2632 T.
298 2591 551 2644 FL(AVIVS)
581 2597 716 2632 APER
746 2596 1125 2632 COMMODIANVS.

112 2659 222 2701 1023
253 2658 371 2713 [COM
382 2658 614 2713 ?]MODVS,
668 2658 904 2701 consularis
949 2659 1259 2714 (Palaestinae)
1303 2663 1561 2702 memoratur
1608 2661 1655 2702 in
1700 2664 1727 2705 t.
1772 2662 1919 2705 mutilo

194 2726 469 2769 Hierichunte
497 2730 662 2780 reperto
690 2728 778 2770 III
801 2727 847 2770 S.
878 2730 997 2777 6645,
1038 2728 1112 2780 qui
1150 2728 1399 2781 imperatori
1426 2729 1478 2770 L.
1510 2728 1614 2771 Vero
1648 2730 1816 2783 positus
1845 2733 1918 2773 est.

197 2795 287 2837 Nec
317 2794 646 2848 supplementum
674 2796 855 2838 nominis
879 2799 1035 2837 certum
1056 2799 1116 2838 est
1144 2799 1182 2838 ct
1209 2796 1393 2846 dubium,
1424 2811 1526 2839 num
1554 2797 1622 2839 hic
1650 2798 1782 2850 fucrit
1810 2798 1919 2841 idem

194 2866 318 2916 atque
354 2861 628 2913 Commodus,
670 2877 786 2916 quem
826 2877 867 2905 a.
897 2866 981 2905 157
1008 2863 1164 2917 Syriae
1194 2865 1438 2917 praefuisse
1468 2879 1518 2906 ex
1545 2865 1728 2907 nummis
1756 2869 1920 2909 constat

195 2931 250 2985 cf.
281 2931 402 2984 infra
430 2931 506 2973 sub
530 2928 574 2974 C.
595 2931 711 2973 Iulio
733 2930 954 2973 Commodo
979 2931 1192 2986 Orfitiano
1211 2933 1246 2974 I
1267 2935 1348 2975 185
1378 2936 1417 2974 et
1435 2932 1647 2975 Addenda
1666 2934 1743 2976 sub
1765 2935 1916 2978 eodem.

135 3024 193 3029 —
221 3005 323 3041 IMP.
353 3004 549 3040 CAESAR
578 3005 630 3041 M.
660 3005 912 3040 AVRELIVS
944 3005 1218 3041 COMMODVS
1247 3006 1534 3043 ANTONINVS
1565 3008 1836 3044 AVGVSTVS.

135 3091 194 3096 -
221 3073 264 3107 L.
296 3072 528 3108 cnlomvs
560 3073 847 3111 COMMODVS.
1156 3094 1159 3095 ν
1236 3068 1238 3070 ’

136 3159 194 3164 -
223 3134 278 3187 Q.
308 3134 471 3176 Fabius
502 3134 777 3178 Commodus,

135 3228 194 3233 —
224 3209 266 3245 C.
297 3209 463 3244 IVLIVS
495 3209 770 3245 COMMODVS
802 3208 1117 3247 ORFITIANVS.

110 3271 222 3313 1024
251 3270 515 3325 comosicus,
529 3277 626 3327 post
636 3271 869 3313 Dicineum
886 3286 964 3314 rex
976 3271 1218 3315 Gothorum
1232 3274 1278 3315 in
1291 3273 1433 3316 Dacia
1443 3274 1621 3317 Iordan.
1637 3274 1789 3318 Getica
1798 3280 1836 3326 1,
1850 3279 1914 3320 73.

135 3363 192 3370 -—
222 3345 507 3382 GALLIENVS
539 3345 833 3383 CONCESSVS.

1569 3410 1641 3447 28*
