2202 3730
132 268 432 305 ARTABANVS
993 262 1074 305 149
1610 267 1940 305 ARTABASDES

217 398 427 442 inhibitus
457 405 545 453 est3
576 398 703 441 simul
733 399 948 442 intestinis
979 399 1263 442 seditionibus
1293 414 1427 455 regno
1458 399 1608 456 pulsus
1639 400 1684 441 in
1716 398 1942 456 Scythiam

218 468 330 523 fugit
350 482 462 509 anno
483 468 539 510 35
567 467 665 510 Tac.
689 482 728 510 a.
750 471 788 518 6,
809 471 963 518 33-36,
996 467 1085 510 Dio
1104 471 1171 519 58,
1193 471 1264 519 26,
1286 468 1452 523 Ioseph.
1476 471 1564 511 ant.
1584 471 1652 519 18,
1672 471 1712 519 4,
1733 471 1773 511 4.
1812 466 1942 510 Anno

220 537 275 579 36
295 552 321 579 a
341 537 525 593 satrapis
546 536 808 592 quibusdam
831 551 886 578 ex
907 537 1132 592 Hyrcania
1153 544 1382 579 revocatus
1402 551 1481 594 per
1500 536 1666 580 auxilia
1682 536 1944 593 Scytharum

219 619 400 660 regnum
422 605 697 661 recuperavit
716 605 912 647 Tiridate
933 606 976 646 in
994 605 1166 661 Syriam
1187 605 1311 662 pulso
1338 606 1436 648 Tac.
1460 620 1500 648 a.
1522 608 1559 656 6,
1581 609 1738 657 43—44,
1759 605 1848 650 Dio
1871 607 1897 652 l.
1915 606 1942 651 l.

218 673 331 729 (inde
351 673 506 716 Petrus
525 673 746 715 Patricius
765 674 920 728 fraym.
940 677 972 717 2
1003 673 1167 716 Muller
1185 673 1295 730 IV),
1327 674 1493 729 Ioseph.
1525 674 1551 716 l.
1574 674 1601 716 l.
1652 674 1744 718 Sub
1772 675 1944 718 initium

218 742 387 798 imperii
433 741 482 785 C.
527 741 726 785 Caesaris
771 742 1020 785 Artabanus
1065 742 1177 785 ultro
1223 743 1454 785 amicitiam
1503 744 1776 799 imperatoris
1819 745 1944 800 petiit

219 812 424 867 venitque
455 810 509 853 ad
532 810 766 867 Euphratis
796 812 913 868 ripas
943 812 986 853 in
1018 810 1282 868 colloquium
1308 812 1359 856 L.
1381 811 1548 855 Vitellii
1577 818 1620 854 et
1650 818 1943 867 transgressus

218 878 488 935 Euphratem
519 879 686 935 aquilas
717 886 759 921 et
788 881 912 932 signa
942 894 1119 922 romana
1151 879 1474 937 Caesarumque
1505 881 1714 935 imagines
1745 880 1945 924 adoravit

216 947 462 1004 liberosque
485 947 657 990 obsides
680 948 800 990 dedit
820 949 991 992 Sueten.
1021 948 1158 1003 Caliy.
1179 952 1244 999 14,
1273 948 1409 991 Vitell.
1430 952 1474 999 2,
1495 948 1584 991 Dio
1603 952 1671 1000 59,
1692 953 1755 993 27
1762 963 1776 1002 ,·
1796 953 1944 993 contra

217 1016 420 1071 Iosephus
450 1019 516 1067 18,
547 1020 585 1067 4,
616 1019 644 1059 5
684 1017 934 1071 colloquium
971 1018 1063 1059 vivo
1098 1018 1266 1060 Tiberio
1305 1017 1498 1060 habitum
1536 1031 1622 1060 esse
1651 1019 1834 1073 scripsit,
1877 1019 1946 1061 cui

219 1085 448 1127 assentitur
466 1098 546 1127 von
568 1084 829 1136 Gutschmid,
854 1084 1099 1127 Geschichte
1119 1085 1250 1127 Irans
1272 1100 1319 1140 p.
1341 1089 1431 1129 122
1459 1100 1500 1129 n.
1523 1089 1561 1130 1.
1617 1087 1780 1128 Iterum
1810 1101 1944 1142 regno

218 1152 368 1210 pulsus
389 1153 446 1196 ad
466 1154 627 1196 Izatem
647 1167 792 1208 regem
813 1152 1140 1196 Adiabenorum
1171 1153 1368 1209 confugit
1389 1160 1431 1196 et
1451 1169 1583 1211 opera
1604 1155 1696 1197 eius
1722 1156 1944 1198 restitutus

218 1227 283 1264 est
310 1222 464 1276 Ioseph
495 1225 582 1265 ant.
612 1226 684 1273 20,
706 1225 745 1273 3,
768 1225 880 1274 1-3;
909 1222 1039 1279 paulo
1071 1228 1168 1279 post
1198 1222 1332 1277 (circa
1362 1237 1403 1265 a.
1425 1225 1497 1278 40)
1537 1229 1733 1266 mortuus
1764 1231 1828 1267 est
1858 1223 1943 1270 ibd.

218 1294 291 1342 20,
312 1294 351 1342 3,
373 1295 413 1334 4.
942 1285 946 1289 “

132 1370 216 1414 952
246 1370 509 1425 Artabanus,
531 1370 647 1413 filius
663 1369 877 1413 Artabani
899 1370 1013 1425 regis
1035 1369 1092 1422 (n.
1111 1370 1208 1420 951)
1234 1377 1332 1427 post
1350 1377 1531 1413 mortem
1551 1372 1687 1427 patris
1708 1387 1734 1414 a
1755 1372 1944 1417 Gotarze

217 1439 351 1482 fratre
381 1454 480 1482 cum
508 1454 644 1482 uxore
674 1439 849 1495 filioque
881 1439 1045 1481 occisus
1076 1446 1140 1481 est
1175 1439 1274 1482 Tac.
1307 1453 1406 1483 ann.
1427 1442 1494 1490 11,
1516 1442 1555 1482 8.

130 1518 214 1561 953
243 1519 505 1574 Artabanus,
539 1519 715 1561 ultimus
742 1534 822 1560 rex
843 1518 1116 1561 Parthorum.
1163 1518 1274 1561 Cum
1296 1519 1532 1576 Septimius
1554 1519 1742 1563 Severus
1765 1520 1866 1562 inde
1887 1519 1943 1563 ab

215 1602 328 1629 anno
361 1588 441 1630 198
481 1587 642 1630 bellum
681 1594 832 1630 contra
861 1587 1045 1630 Parthos
1076 1593 1258 1642 gereret,
1290 1587 1540 1630 Artabanus
1571 1589 1705 1631 frater
1736 1588 1943 1644 Vologasi

215 1655 331 1711 apud
353 1671 452 1698 eum
472 1657 556 1699 fuit
574 1656 662 1699 Dio
685 1659 748 1708 75,
773 1659 812 1701 9.
858 1656 1111 1712 (Perperam
1132 1657 1408 1699 Herodianus
1427 1659 1466 1707 3,
1489 1660 1527 1708 9,
1549 1661 1602 1700 10
1625 1661 1721 1700 tunc
1743 1659 1942 1712 temporis

217 1724 491 1768 Artabanum
524 1738 722 1780 reynasse
766 1728 805 1767 et
835 1739 863 1767 a
894 1725 1047 1768 Severo
1075 1739 1204 1780 reyno
1226 1725 1402 1780 pulsum
1431 1738 1517 1768 esse
1546 1725 1707 1781 refert).
1765 1726 1870 1769 Cum
1902 1741 1942 1770 a.

217 1795 303 1836 216
317 1793 562 1836 Antoninus
579 1794 725 1837 Severi
742 1794 860 1849 filius
879 1793 1083 1848 Voloyaso
1103 1807 1146 1836 se
1164 1794 1316 1837 bellum
1334 1794 1569 1836 inlaturum
1589 1807 1674 1837 esse
1693 1795 1944 1846 minaretur,

213 1861 301 1903 nisi
326 1861 558 1904 Tiridatem
578 1865 618 1904 et
636 1862 893 1904 Antiochum
915 1862 1081 1904 dederet
1099 1861 1188 1905 Dio
1211 1866 1275 1913 77,
1297 1865 1362 1913 19,
1388 1862 1524 1917 paulo
1535 1866 1637 1916 post
1658 1866 1796 1906 autem
1812 1864 1946 1906 Arta-

182 1964 191 1966 -
218 1931 353 1972 banus
381 1931 520 1984 frater
551 1930 749 1986 Voloyasi
777 1944 870 1973 cum
898 1931 1108 1973 Romanis
1139 1930 1334 1981 bellaret,
1377 1931 1517 1974 eodem
1546 1932 1637 1985 fere
1675 1935 1856 1986 tempore
1884 1932 1948 1975 vel

215 2013 300 2041 non
319 1999 450 2041 multo
472 2002 568 2042 ante
589 2000 661 2054 (cf.
683 2013 763 2042 von
786 1999 1046 2050 Gutschmid,
1071 1999 1316 2042 Gesehichtc
1336 1999 1467 2041 Irans
1480 2014 1527 2053 p.
1544 2002 1625 2042 154
1644 2014 1685 2042 n.
1708 2003 1751 2056 1)
1772 2015 1947 2056 reynum

216 2069 440 2122 sumpsisse
469 2069 647 2111 videtur.
699 2068 786 2112 Sed
814 2069 981 2111 etiamsi
998 2069 1254 2111 Artabanus
1283 2081 1489 2110 summam
1513 2083 1655 2111 rerum
1677 2069 1853 2124 adeptus
1873 2073 1944 2120 est,

218 2139 357 2179 tamen
388 2137 615 2192 Voloyasus
645 2138 692 2180 in
722 2141 852 2191 parte
881 2137 1151 2192 Babylonica
1188 2137 1309 2191 reqni
1339 2151 1422 2191 per
1453 2137 1719 2191 aliquantum
1750 2138 1947 2192 temporis

218 2205 296 2260 (vel
317 2209 419 2259 post
436 2205 659 2247 Artabani
688 2205 849 2247 cladem
878 2208 916 2246 et
944 2205 1100 2259 necem)
1122 2205 1292 2259 imperii
1315 2205 1492 2258 speciem
1512 2205 1727 2258 quandam
1748 2207 1944 2257 exercuit,

216 2276 265 2315 ut
303 2273 449 2315 docent
484 2274 646 2315 nummi
674 2273 933 2327 Babylonici
962 2286 1055 2315 cum
1082 2273 1358 2327 inscriptione
1393 2273 1577 2315 nominis
1608 2273 1696 2316 eius
1732 2273 1944 2325 Gardner,

218 2341 434 2384 Parthian
465 2343 637 2397 coinage
657 2357 705 2396 p.
727 2344 794 2384 59.

305 2422 541 2477 Postquam
582 2421 831 2465 Artabanus
873 2435 1053 2476 regnum
1094 2420 1276 2476 adeptus
1319 2427 1402 2475 est,
1444 2421 1692 2464 Antoninus
1727 2428 1946 2479 tamquam

219 2491 376 2545 iratus,
423 2490 541 2546 quod
581 2490 663 2533 sibi
703 2490 916 2532 Artabani
956 2489 1103 2536 filiam,
1130 2503 1311 2531 uxorem
1356 2491 1518 2545 petenti
1558 2505 1638 2532 rex
1675 2490 1944 2547 denegasset,

219 2565 369 2601 contra
409 2573 507 2600 eum
547 2559 766 2615 profectus
807 2558 1064 2600 Adiabenen
1104 2558 1293 2600 vastavit
1326 2557 1422 2600 'Dio
1452 2560 1517 2609 78,
1550 2562 1575 2600 1
1618 2559 1773 2614 (inepte
1803 2559 1852 2602 de
1882 2560 1948 2603 his

217 2628 341 2670 rebus
361 2627 602 2669 hariolatur
622 2627 893 2669 Herodianus
912 2630 951 2677 4,
969 2630 1034 2677 10,
1057 2629 1083 2668 1
1097 2629 1227 2676 —11,
1252 2625 1306 2679 7).
1337 2625 1392 2669 A.
1414 2626 1496 2669 217
1517 2626 1767 2670 Artabanus
1788 2642 1944 2683 magno

220 2697 415 2738 exercitu
446 2695 624 2738 collecto
650 2694 870 2751 Opellium
894 2695 1153 2745 Macrinum,
1187 2695 1262 2750 qui
1293 2701 1391 2750 post
1412 2693 1681 2738 Antoninum
1712 2697 1947 2753 imperator

220 2771 495 2821 nuncupatus
526 2772 628 2819 erat,
662 2764 776 2820 apud
807 2763 993 2806 Nisibim
1023 2763 1092 2806 bis
1123 2763 1215 2805 acie
1245 2763 1372 2817 vicit3
1403 2763 1506 2805 inde
1534 2764 1756 2807 Macrinus
1789 2765 1944 2819 grandi

221 2834 404 2890 pecunia
442 2848 593 2889 pacem
635 2847 732 2875 cum
775 2847 824 2875 eo
866 2832 1106 2888 composuit
1141 2830 1230 2873 Dio
1262 2833 1328 2881 78,
1362 2834 1518 2875 26—27
1554 2832 1772 2887 (Zonaras
1802 2837 1870 2885 12,
1893 2837 1946 2876 13

220 2917 268 2956 p.
286 2893 366 2944 115
386 2901 448 2943 ed.
470 2900 701 2955 Dindorf),
723 2901 795 2942 vit.
819 2900 1016 2942 Macrini
1031 2902 1071 2949 8,
1093 2902 1133 2950 3,
1164 2898 1274 2941 male
1294 2898 1568 2942 Herodianus
1586 2903 1625 2950 4,
1647 2904 1801 2944 14-15.
1856 2903 1946 2945 Ma-

221 2971 367 3012 crinus
397 2985 436 3012 a.
465 2970 547 3013 218
576 2969 692 3025 apud
714 2968 992 3011 Antiochiam
1022 2969 1164 3010 victus
1185 2967 1585 3010 Diadumenianum
1613 2968 1750 3011 filium
1772 2970 1828 3013 ad
1849 2986 1947 3013 eum

220 3039 336 3080 misit
355 3037 444 3080 Dio
466 3041 533 3088 78,
555 3041 623 3081 39.
672 3037 744 3079 Ab
765 3037 1013 3079 Artaxerxe
1043 3035 1182 3078 tribus
1212 3035 1387 3092 proeliis
1417 3037 1557 3079 victus
1588 3038 1754 3080 occisus
1775 3045 1839 3080 est
1859 3038 1948 3081 Dio

219 3109 287 3157 80,
308 3110 347 3157 3,
379 3106 616 3148 Herodian.
638 3109 675 3156 6,
697 3109 741 3156 2,
763 3109 801 3148 1.
827 3109 854 3147 7
863 3119 876 3156 ;
896 3108 935 3156 6,
953 3108 992 3152 3,
1014 3107 1053 3155 5,
1086 3104 1285 3147 Zonaras
1303 3107 1373 3155 12,
1395 3107 1448 3148 15
1465 3120 1514 3160 p.
1531 3109 1628 3149 121.
1678 3106 1748 3150 De
1767 3110 1948 3162 tempore

223 3174 322 3217 belli
349 3174 404 3228 cf.
430 3174 715 3217 Artaoeerxem
744 3188 785 3216 n.
806 3176 901 3216 960.

136 3254 220 3297 954
249 3254 512 3305 Artabassis,
537 3254 674 3310 Syrus
698 3244 956 3296 memoratur
975 3254 1020 3295 in
1037 3252 1218 3308 epistula
1243 3253 1346 3308 ficta
1371 3253 1594 3296 Valeriani
1612 3255 1683 3296 vit.
1699 3253 1838 3298 Probi
1851 3259 1889 3306 4,
1907 3259 1945 3298 1.

148 3347 207 3353 —-
249 3321 514 3365 Artabasdes
543 3336 580 3364 v.
614 3321 891 3365 Artavasdes.
