2202 3730
157 287 438 324 CORNELIVS
1015 283 1098 324 467
1678 287 1957 324 CORNELIVS

327 417 472 460 Filius
490 418 656 461 videtur
674 419 835 461 Fausti
854 417 1040 462 Cornelii
1058 419 1206 462 Sullae
1227 432 1307 461 cos.
1330 433 1370 460 a.
1389 421 1457 461 31.
1503 416 1691 474 Ἀδελφὸς
1709 422 1779 473 τῆς
1797 417 1959 461 Μεσσα-

242 488 350 541 λίνης
374 485 537 539 (uxoris
557 486 749 541 Claudii)
783 487 978 529 Zonaras
1005 487 1033 531 l.
1064 487 1105 538 l.,
1135 487 1210 529 sed
1232 501 1286 529 ne
1315 487 1364 529 de
1391 487 1558 528 uterino
1588 486 1752 540 quidem
1781 487 1963 541 coyitari

237 555 402 608 poterit
426 569 557 609 neque
584 556 774 598 novimus
801 555 934 597 ullam
965 555 1099 597 aliam
1122 556 1460 610 propinquitatis
1486 555 1709 606 rationem,
1748 569 1834 609 qua
1868 569 1961 597 cum

243 622 485 664 Messalina
515 624 759 665 coniunctus
787 623 931 676 fuerit.
952 648 1006 653 ——
1039 623 1198 666 Consul
1229 639 1338 665 anno
1371 625 1426 665 52
1454 624 1573 677 fasti.
1623 622 1832 666 Claudius
1862 629 1961 679 post

242 690 320 734 Cn.
342 691 598 747 Pompeium
623 690 897 733 interfectum
920 691 1156 733 Antoniam
1184 690 1318 732 filiam
1348 692 1387 732 ei
1418 692 1463 732 in
1491 692 1812 733 matrimonium
1842 691 1962 733 dedit

242 757 412 800 Sueton.
441 757 598 801 Claud.
618 762 690 809 27,
727 759 826 801 Tae.
849 773 890 800 a.
911 762 976 809 13,
998 762 1069 802 23.
1125 758 1399 815 Quamquam
1427 759 1650 813 ingenium
1680 760 1772 801 eius
1802 774 1957 813 socorS,

240 833 397 868 natura
420 828 608 869 maxime
629 827 834 883 despecta
863 834 907 869 et
934 826 1095 869 nullius
1125 828 1219 869 ausi
1245 842 1387 883 capax
1415 834 1519 882 erat,
1549 827 1712 869 Neroni
1733 833 1960 883 suspectus

240 910 353 936 anno
381 896 434 937 58
464 895 702 937 Massiliam
732 902 902 938 amotus
933 902 998 938 est
1021 896 1120 938 Tae.
1142 910 1182 940 a.
1204 899 1270 946 13,
1291 900 1357 950 47,
1388 895 1498 938 unde
1526 896 1572 937 in
1600 896 1706 937 actis
1734 895 1961 938 Arvalium

240 977 281 1005 a.
311 966 366 1005 58
395 977 546 1005 nomen
576 964 664 1006 eius
692 978 777 1006 non
808 964 960 1018 leyitur
987 964 1075 1006 nisi
1103 964 1157 1006 ab
1189 965 1325 1006 i'nitio.
1386 963 1513 1006 Anno
1541 965 1596 1006 62
1625 965 1746 1005 iussu
1776 964 1960 1006 Neronis

239 1031 458 1073 Massiliae
489 1033 654 1074 occisus
684 1032 770 1074 ibd.
801 1036 867 1086 14,
887 1035 954 1075 57.
974 1035 1040 1075 59.
1068 1057 1119 1062 —
1150 1033 1306 1074 Frater
1329 1031 1504 1075 Arvalis
1534 1031 1675 1074 adfuit
1704 1033 1749 1074 in
1780 1032 1959 1086 collegio

239 1114 277 1141 a.
300 1101 367 1143 55.
390 1101 458 1142 57.
481 1091 535 1143 58
567 1103 666 1142 acta
684 1100 790 1143 Arv.
814 1127 863 1132 ——
896 1101 968 1142 Ex
996 1100 1187 1143 Antonia
1216 1102 1455 1158 imperante
1485 1100 1668 1154 Claudio
1696 1100 1834 1143 filium
1862 1100 1962 1143 tulit
2105 1102 2202 1169 s

238 1167 437 1210 Zonaras
467 1168 493 1210 l.
525 1168 553 1210 l.

157 1236 265 1278 1198
296 1243 341 1279 L.
374 1243 654 1279 CORNELIVS
687 1243 847 1279 SVLLA
877 1244 1052 1291 FELIX,
1095 1237 1246 1279 consul
1286 1253 1399 1280 anno
1429 1239 1484 1280 33
1513 1252 1612 1279 cum
1643 1237 1735 1280 Ser.
1768 1236 1959 1294 Sulpicio

242 1304 396 1348 Galba.
455 1306 723 1348 Memoratur
744 1307 797 1348 'in
826 1306 954 1360 fastis
982 1306 1210 1348 Arvalium
1241 1305 1339 1349 CIL
1367 1306 1402 1348 I
1405 1307 1422 1330 ²
1444 1320 1492 1360 p.
1513 1309 1578 1348 71.

324 1374 380 1415 In
413 1374 655 1416 consulatu:
695 1374 746 1417 L.
779 1373 902 1417 Sulla
930 1373 1058 1416 Felix
1087 1375 1136 1416 X
1159 1377 1272 1417 1233
1300 1375 1406 1428 fasti
1436 1374 1612 1424 Nolani,
1647 1374 1698 1416 L.
1730 1373 1959 1416 Cornelius

238 1441 328 1484 Dio
346 1444 413 1492 58,
434 1446 506 1493 20,
538 1443 588 1484 L.
610 1442 732 1486 Sulla
761 1443 796 1485 I
819 1446 914 1485 770.
947 1446 1026 1485 771
1056 1444 1103 1485 in
1134 1444 1299 1485 tesseris
1325 1443 1611 1497 yladiatoriis,
1650 1443 1747 1484 Tac.
1771 1457 1810 1484 a.
1833 1445 1871 1492 6,
1893 1444 1958 1492 15,

239 1513 419 1552 ceterum
449 1510 570 1553 Sulla
598 1512 717 1565 fasti.
749 1535 807 1542 -—
836 1511 888 1554 L.
921 1511 1043 1554 Sulla
1075 1512 1182 1565 fasti
1210 1511 1361 1555 Arval.

326 1579 506 1620 Praetor
535 1580 789 1635 peregrinus
819 1594 932 1621 anno
954 1580 1009 1622 29
1039 1580 1149 1633 fasti
1166 1579 1334 1630 Arval„
1364 1579 1515 1621 consul
1545 1594 1657 1621 anno
1678 1580 1734 1622 33
1763 1579 1883 1633 fasti.
1905 1603 1961 1608 —

235 1645 428 1688 Dubium
452 1651 524 1698 est,
553 1662 655 1690 num
683 1648 793 1690 idem
822 1649 879 1690 sit
897 1649 947 1690 L.
971 1646 1232 1703 (Cornelius)
1254 1648 1381 1691 Sulla
1409 1662 1451 1690 n.
1474 1651 1582 1690 1194
1610 1647 1672 1690 vel
1700 1647 1960 1703 (Cornelius)

234 1714 405 1771 [Sulla]
433 1716 560 1758 Felioe
588 1731 629 1760 n.
660 1720 781 1761 1196.

154 1783 264 1825 1199
295 1782 522 1826 Cornelius
553 1784 750 1840 Tacitus,
793 1800 927 1841 eques
963 1786 1204 1839 Romanus,
1246 1790 1500 1840 procurator
1537 1784 1704 1828 Galliae
1743 1785 1958 1840 Belgicae,

237 1852 359 1894 cuius
386 1851 523 1894 filium
552 1854 794 1910 ἐκτράπελον
824 1853 991 1896 Plinius
1020 1853 1192 1895 viderat
1216 1852 1335 1895 Plin.
1356 1867 1399 1897 n.
1419 1853 1460 1895 Ῐι.
1484 1856 1522 1903 7,
1544 1856 1610 1896 76.

154 1921 264 1962 1200
294 1927 336 1965 P.
378 1927 657 1964 CORNELIVS
696 1929 904 1965 TACITVS
949 1925 1206 1964 memoratur
1247 1922 1294 1963 in
1341 1924 1368 1966 t.
1409 1921 1634 1976 Mylaseno
1676 1921 1869 1964 Bulletin
1911 1921 1960 1963 de.

130 1995 139 1997 “
235 1989 593 2043 correspondance
607 1990 856 2045 Hellenique
875 1990 1000 2033 XIV
1013 1989 1156 2045 (1890)
1179 2005 1227 2044 p.
1249 1993 1345 2040 621,
1368 1991 1611 2032 accuratius
1632 1990 1743 2033 edito
1764 1991 1818 2032 ab
1839 1990 1960 2033 Hula

238 2060 278 2099 et
307 2057 466 2100 Szanto
507 2058 889 2113 Sitzunysberichte
925 2059 998 2101 der
1036 2059 1206 2102 Wiener
1244 2058 1478 2101 Akademie
1517 2058 1785 2101 Phil-Hist.
1817 2057 1961 2101 Classe

237 2128 346 2168 1895
367 2141 415 2181 p.
436 2129 492 2169 18
520 2126 592 2181 (1),
623 2127 806 2180 fortasse
836 2130 876 2169 et
903 2128 950 2169 in
980 2130 1223 2169 testamento
1252 2126 1457 2168 Dasumii
1490 2126 1559 2169 VI
1579 2130 1727 2170 10229
1757 2128 1834 2182 (2).

324 2195 373 2237 Ρ.
413 2194 640 2237 Cornelius
685 2196 862 2237 Tacitus
908 2195 1036 2238 codex
1082 2194 1300 2237 Medieeus
1343 2195 1390 2236 in
1432 2195 1816 2250 subscriptionibus
1859 2195 1963 2238 libri

233 2263 373 2317 primi
401 2266 440 2305 et
469 2264 585 2305 tertii
614 2264 858 2315 annalium;
897 2262 944 2306 O.
976 2263 1203 2306 Cornelius
1233 2263 1382 2306 Sidon.
1411 2262 1556 2317 Apoll.
1589 2264 1707 2318 epist.
1738 2267 1775 2317 4,
1808 2267 1882 2318 22,
1914 2268 1958 2314 2,

239 2331 287 2375 C.
318 2331 495 2373 Tacitus
525 2331 612 2374 ibd.
641 2336 679 2384 4,
710 2335 775 2382 14,
804 2336 830 2374 1
859 2332 973 2385 falso
999 2335 1049 2374 ut
1075 2331 1263 2382 videtur‚·
1293 2330 1520 2373 Cornelius
1549 2332 1726 2374 Tacitus
1756 2335 1784 2374 t.
1816 2336 1855 2382 1,
1884 2333 1962 2374 ubi

236 2400 284 2441 in
304 2399 446 2454 lapide
470 2403 531 2442 est
558 2399 803 2457 [ἀνθυπά]τῳ
824 2399 1033 2457 Κορνηλίῳ
1053 2399 1220 2458 Τακίτῳ,
1242 2413 1328 2441 non
1354 2402 1402 2441 ut
1423 2403 1521 2442 ante
1541 2400 1741 2442 edebatur
1762 2400 1959 2458 Πο(βλι’ῳ)

238 2467 447 2525 Κορνηλίῳ
477 2468 655 2525 Τακίτῳς
696 2468 923 2511 Cornelius
954 2468 1145 2524 [Tacitus
1155 2468 1193 2523 5³]
1224 2471 1253 2510 t.
1282 2472 1326 2518 2,
1369 2471 1549 2510 ceterum
1590 2469 1707 2523 apud
1734 2470 1961 2523 scriptores

239 2536 467 2579 Cornelius
497 2537 675 2579 Tacitus
704 2538 790 2579 sive
819 2537 1009 2580 Tacitus.

311 2604 428 2648 -Oum
449 2604 641 2648 Cornelio
668 2606 813 2648 Tacito
834 2609 1116 2660 procuratore
1140 2605 1341 2660 Belyicae
1371 2607 1427 2661 (n.
1448 2605 1573 2660 1199)
1604 2609 1712 2649 certe
1732 2606 1961 2661 parentela

239 2675 495 2728 coniunctus,
519 2674 806 2728 probabiliter
832 2674 961 2729 filius.
1021 2674 1178 2717 Aetate
1216 2673 1529 2730 propemodum
1569 2674 1780 2730 aequalis,
1821 2677 1961 2717 maior

239 2749 383 2784 tamen
413 2742 555 2785 Plinio
574 2742 694 2785 Plin.
719 2744 836 2797 epist.
865 2747 902 2794 7,
925 2747 995 2794 20,
1017 2746 1062 2786 2.
1082 2746 1122 2793 4,
1152 2745 1281 2784 natus
1309 2742 1398 2795 fere
1428 2743 1544 2784 circa
1575 2757 1614 2787 a.
1637 2746 1705 2786 55.
1754 2742 1883 2785 Anno
1906 2743 1958 2785 77

241 2809 319 2852 On.
350 2809 488 2852 Iulius
518 2810 724 2866 Agricola
761 2811 895 2853 filiam
934 2812 972 2853 ei
1012 2811 1158 2853 iuveni
1196 2810 1425 2867 despondit
1463 2825 1515 2853 ac
1556 2817 1652 2867 post
1688 2809 1958 2853 consulatum

241 2877 470 2920 collocavit
494 2879 592 2921 Tac.
612 2879 720 2934 ΑΨ.
742 2883 780 2924 9.
834 2879 958 2921 ‘Mihi
990 2879 1132 2923 Galba
1156 2878 1269 2921 Otho
1301 2878 1504 2921 Vitellius
1534 2894 1614 2921 nec
1642 2880 1848 2922 beneficio
1879 2895 1959 2922 nec

242 2947 400 2988 iniuria
430 2949 614 3002 cognitit,
651 2948 907 3002 dignitatem
937 2954 1130 2989 nostram
1157 2963 1184 2990 a
1213 2947 1482 3003 Vespasiano
1514 2948 1772 3003 inchoatam,
1804 2964 1831 2990 a
1859 2949 1958 2991 Tito

238 3021 421 3068 auctam,
452 3030 478 3056 a
507 3016 755 3058 Domitiano
785 3015 955 3071 longius
987 3022 1238 3072 provectam
1267 3030 1355 3057 non
1383 3015 1624 3058 abnuerim³
1657 3018 1747 3071 ipse
1775 3017 1816 3061 h.
1847 3021 1885 3067 1,
1918 3021 1958 3059 1.

238 3083 312 3124 Ex
335 3083 486 3136 quibus
513 3084 651 3126 verbis
678 3085 1001 3134 obscurioribus,
1032 3098 1138 3137 quae
1160 3083 1239 3125 alii
1258 3083 1384 3126 aliter
1401 3085 1673 3139 interpretati
1699 3088 1809 3135 sunt,
1838 3085 1960 3127 nulla

237 3164 422 3204 unquam
465 3152 632 3194 ratione
681 3152 820 3194 Taciti
865 3165 1010 3194 cursus
1052 3152 1257 3194 honorum
1295 3145 1370 3205 qui
1406 3153 1539 3206 fuerit
1578 3156 1675 3195 ante
1705 3157 1959 3207 praeturam

239 3222 436 3261 accurate
451 3219 594 3273 eolliyi
606 3221 780 3273 poterit.
812 3220 1102 3262 Probabiliter
1117 3234 1210 3262 cum
1231 3220 1375 3262 ordini
1386 3222 1608 3275 sequestris
1624 3225 1740 3271 esset,
1759 3236 1787 3263 a
1808 3221 1959 3276 Vespa—

242 3287 364 3328 siano
398 3286 533 3328 latum
562 3287 726 3329 clavum
753 3289 819 3330 ita
848 3289 1027 3343 accepit,
1067 3292 1116 3330 ut
1150 3287 1208 3330 ad
1234 3288 1568 3342 viyintiviratum
1599 3289 1890 3332 admitteretur
1920 3293 1960 3331 et

240 3354 451 3408 stipendia
492 3355 679 3410 leyitima
718 3356 915 3398 tribunus
941 3357 1124 3398 militum
1153 3356 1401 3399 laticlavius.
1421 3362 1660 3400 mereretur.
1718 3358 1956 3410 Quaestura

1612 3426 1683 3461 30*
