2202 3730
148 255 428 292 CHARICLES
1007 251 1092 293 343
1593 256 1953 293 CHRYSOGONVS

145 388 225 429 591
260 386 493 441 Charicles,
515 387 706 430 medicus
723 387 884 430 Tiberii
906 395 998 430 arte
1019 388 1198 442 insignis
1218 388 1315 432 Tac.
1332 403 1372 432 a.
1389 392 1426 438 6,
1442 390 1509 438 50,
1532 387 1703 431 Suetou.
1726 387 1862 429 Tiber.
1882 391 1952 437 73;

231 455 368 497 neseio
397 469 498 497 rium
529 455 636 498 idem
663 459 914 498 memoretur
940 455 1091 500 Galen.
1111 456 1219 498 XII
1233 471 1281 510 p.
1307 459 1398 499 556.
1429 458 1523 499 558.
1553 458 1649 499 579.
1678 457 1786 506 581;
1814 454 1949 497 ΧΙΙΙ

140 530 142 532 ’
227 538 276 578 p.
296 526 361 566 94.
392 527 487 566 109.
517 526 620 567 282.
649 527 734 567 329
757 524 815 567 K.

146 592 229 634 592
260 591 543 635 Charidemus
575 591 655 634 sub
685 592 934 634 Domitiano
965 607 1070 648 apro
1099 593 1318 648 proiectus
1341 591 1543 634 Martial.
1565 595 1604 642 1,
1623 595 1691 642 43,
1712 594 1778 635 14.

146 660 229 702 593
260 659 556 718 Charidemus,
589 667 712 716 pater
741 661 1030 715 Hermogenis
1060 659 1214 702 medici
1245 668 1288 702 et
1317 660 1508 702 historici
1540 661 1585 702 in
1616 663 1643 704 t.
1674 659 1760 715 filii
1780 658 1955 702 Milesio

229 727 338 771 GIG
364 731 497 779 3311;
535 729 726 771 medicus
768 737 810 771 et
847 730 938 785 ipse
976 729 1133 772 citatur
1172 744 1200 770 a
1235 728 1381 772 Caelio
1419 728 1658 771 Aureliano
1704 728 1753 770 de
1797 728 1954 770 morbis

231 797 369 839 acutis
396 800 436 848 3,
461 800 515 840 15
536 812 583 851 p.
605 801 698 841 227
725 797 786 840 ed.
817 797 1016 840 Ammari.

145 864 228 906 594
259 864 468 914 Charilas‚
500 864 680 908 libertus
711 866 1020 922 imperatorum
1050 866 1188 908 Marci
1221 872 1263 907 et
1282 865 1386 908 Veri
1418 865 1582 908 Fronto
1609 865 1668 907 ad
1691 864 1845 908 Verum
1863 867 1902 915 1,
1924 867 1950 906 4

224 947 271 987 p.
293 936 375 975 118
404 933 466 977 ed.
500 933 662 976 Naber.

144 1012 227 1054 595
259 1012 584 1067 Chai-iomerus,
616 1029 695 1055 rex
726 1013 1042 1056 Cheruscorum
1071 1029 1098 1056 a
1127 1013 1296 1056 Chattis
1326 1020 1502 1070 propter
1532 1014 1764 1056 amicitiam
1800 1015 1953 1056 Roma-

228 1095 383 1123 norum
426 1095 559 1136 regno
603 1081 752 1138 pulsus
791 1083 917 1124 sociis
956 1081 1215 1138 quibusdam
1254 1081 1470 1124 adiunctis
1513 1083 1699 1139 primum
1745 1084 1788 1124 in
1832 1097 1953 1124 recu-

228 1148 419 1205 perando
452 1162 584 1204 regno
607 1150 804 1205 superior
824 1150 977 1204 extitit,
1009 1156 1160 1206 postea
1179 1149 1234 1192 ab
1255 1149 1339 1191 illis
1361 1150 1602 1202 derelictus,
1626 1165 1724 1192 cum
1745 1150 1952 1192 Romanis

229 1216 400 1259 obsides
430 1218 625 1272 misisset,
659 1218 956 1260 Domitianum
985 1217 1171 1274 supplex
1199 1218 1329 1273 adiit3
1360 1218 1523 1261 auxilio
1546 1218 1755 1274 denegato
1787 1220 1955 1275 accepit

230 1286 454 1341 pecuniam
482 1285 571 1328 Dio
596 1289 662 1337 67,
692 1289 720 1329 5
749 1287 963 1341 (excerpta
993 1286 1042 1328 de
1072 1286 1179 1341 leq).

143 1366 227 1408 596
257 1363 560 1420 Chariovalda,
582 1364 675 1407 dux
694 1365 959 1408 Batavorum
980 1366 1024 1407 in
1046 1367 1243 1409 exercitu
1264 1367 1514 1409 Germanici
1535 1373 1686 1410 contra
1707 1366 1948 1410 Cheruscos

227 1447 425 1490 pugnans
455 1447 568 1475 anno
603 1434 655 1475 16
685 1433 841 1476 cecidit
874 1434 974 1476 Tac.
1006 1449 1046 1477 α.
1076 1439 1120 1485 2,
1148 1439 1214 1477 11.

141 1513 224 1556 597
256 1513 476 1566 Charmis,
516 1511 819 1567 Massiliensis,
861 1511 1056 1556 medicus
1095 1513 1402 1556 celeberrimus
1441 1521 1582 1556 aetate
1619 1514 1749 1557 Plinii
1788 1515 1951 1557 Romae

226 1572 427 1636 magnam
455 1580 614 1623 famam
643 1580 825 1637 adeptus
855 1581 973 1625 Ptin.
1001 1597 1043 1625 ra.
1073 1582 1114 1624 h.
1146 1586 1216 1633 29,
1249 1586 1305 1624 10
1314 1596 1328 1634 ;
1367 1598 1394 1624 a
1424 1582 1606 1626 Claudio
1642 1582 1871 1625 damnatus
1907 1582 1952 1623 in

228 1649 372 1694 Gallia
401 1648 604 1704 exulavit,
637 1648 713 1692 sed
743 1657 892 1705 postea
921 1652 1144 1694 restitutus
1174 1657 1240 1693 est
1263 1651 1348 1693 ibd.
1372 1655 1443 1701 29,
1465 1654 1540 1695 22.

158 1744 208 1748 —
250 1719 414 1761 Betuus
451 1717 591 1761 Chilo.

155 1812 213 1818 -—
256 1786 429 1829 Mallius
460 1785 599 1829 Chilo.

158 1881 209 1886 -
254 1861 394 1897 IVLIA
425 1860 673 1898 CHILONIS.

141 1930 224 1983 598
255 1929 444 1983 Chione,
485 1930 689 1970 vestitum
729 1935 916 1971 scortum
955 1929 1021 1984 (id
1057 1933 1118 1972 est
1156 1930 1342 1973 nobilius
1378 1929 1606 1985 quoddam)
1646 1929 1836 1974 Juvenal.
1868 1933 1948 1971 sat.

225 2001 266 2048 3,
285 1999 492 2040 135-136.
525 1996 691 2039 Nomen
711 1997 877 2039 obvium
895 1998 943 2040 in
961 1999 1252 2040 meretricibus
1271 2000 1341 2052 (cf.
1363 1997 1652 2040 Friedlc'z‘rider
1672 1997 1731 2040 ad
1747 1997 1948 2042 Martial.

227 2070 266 2117 1,
286 2069 353 2116 34,
377 2065 418 2119 7)
448 2065 526 2107 hoc
556 2079 715 2119 quoque
745 2065 833 2107 loeo
862 2067 1006 2120 fietwm
1034 2066 1211 2109 videtur.

154 2159 213 2165 —
255 2132 457 2176 Aufidius
485 2132 633 2176 Chius.

157 2228 209 2233 -
259 2201 503 2245 Chosrhoes
532 2201 626 2243 vide
655 2200 858 2246 Osrhoes.

154 2296 210 2301 -
256 2270 315 2314 M.
347 2268 504 2326 leius
535 2268 796 2312 Chresimus.

154 2365 211 2369 —
255 2338 400 2381 Plinia
429 2337 624 2380 Chreste.

140 2414 223 2457 599
254 2412 475 2466 Chrestus,
506 2412 749 2469 praefectus
779 2413 994 2468 praetorio
1021 2412 1102 2456 sub
1133 2414 1306 2456 initium
1334 2414 1501 2470 imperii
1535 2414 1686 2457 Severi
1705 2414 1949 2459 Alexandri

226 2481 391 2537 collega
409 2480 631 2535 Flaviano,
665 2479 821 2537 quibus
842 2481 1061 2523 Domitius
1082 2480 1293 2538 leianus
1321 2483 1414 2524 iure
1445 2481 1666 2538 consul-tus
1696 2498 1723 2525 a
1752 2483 1952 2527 Mamaea

226 2550 495 2607 praepositus
535 2555 601 2591 est
640 2549 835 2591 Zosimus
871 2552 910 2600 1,
942 2552 1018 2602 11;
1066 2564 1166 2592 cum
1210 2549 1420 2592 Flaviano
1459 2550 1515 2593 ab
1556 2550 1742 2607 leiano
1782 2553 1951 2595 occisus

226 2619 315 2662 Dio
343 2621 413 2669 80,
440 2622 473 2662 2
502 2619 717 2674 (Zonaras
742 2621 814 2668 12,
843 2618 925 2672 15).

140 2701 224 2742 600
255 2699 474 2753 Chrestus,
507 2699 692 2754 scriptor
711 2698 944 2752 Romanus,
974 2713 1030 2740 ex
1048 2713 1135 2754 quo
1154 2698 1209 2741 de
1229 2698 1331 2754 Nili,
1365 2698 1544 2755 Libyae,
1573 2699 1765 2756 Aegypti
1796 2707 1952 2742 natura

226 2767 354 2824 plura
374 2767 602 2823 exscripsit
616 2766 800 2808 Ioannes
814 2766 958 2821 Lydus
974 2766 1023 2809 de
1037 2767 1250 2809 mensibus
1262 2771 1301 2818 4,
1320 2770 1395 2817 68,·
1416 2769 1497 2823 ἐγὼ
1516 2768 1571 2818 δέ,
1597 2771 1714 2825 φησὶν
1729 2771 1750 2811 ὃ
1768 2768 1951 2824 Χρῆστος

225 2836 437 2894 γενόμενος
467 2836 508 2878 ἐν
538 2842 597 2892 τῷ
627 2836 846 2891 ἀκροτηρίῳ
876 2839 945 2890 τῆς
975 2834 1230 2891 Μαυρουσίας
1257 2837 1298 2878 ἐν
1329 2842 1388 2894 τῷ
1408 2836 1542 2894 στόμῳ
1562 2841 1632 2879 τοῦ
1653 2836 1846 2880 Ὠκεανοῦ
1867 2840 1950 2880 κτλ.

227 2903 349 2947 Certe
376 2917 461 2945 uon
491 2906 589 2945 aute
615 2903 912 2957 imperatorem
938 2902 1170 2945 Claudium
1198 2904 1295 2956 fuit.

141 2980 220 3022 601
255 2977 540 3033 Chrysippus,
571 2978 842 3033 propinquus
873 2978 1083 3019 Postumii
1112 2977 1285 3032 Marini,
1316 2977 1582 3021 Mithridatis
1611 2979 1738 3034 filius,
1770 2979 1949 3021 maritus

227 3046 509 3096 Stratonicae,
540 3051 663 3101 pater
692 3045 878 3101 Epigoni
910 3052 953 3087 et
981 3044 1257 3101 Mithridatis,
1289 3047 1358 3088 cui
1384 3046 1553 3089 Plinius
1578 3062 1605 3090 a
1624 3049 1813 3091 Traiano
1844 3049 1949 3090 civi-

226 3121 358 3158 tatem
388 3114 512 3169 petiit
543 3113 664 3157 Plirt.
687 3113 746 3155 ad
777 3113 954 3155 Traian.
975 3117 1041 3156 11.

141 3191 224 3235 602
256 3188 566 3244 Chrysogonus
596 3202 622 3229 a
647 3187 821 3242 Scythis
851 3193 992 3230 aetate
1022 3188 1293 3244 imperatoris
1312 3187 1536 3231 Valeriani
1567 3189 1814 3245 honoratus,
1848 3192 1952 3247 quia

228 3259 281 3301 iis
311 3264 464 3299 auctor
493 3255 645 3309 fuerat,
679 3262 728 3297 ut
756 3255 1053 3298 Nicomediam
1084 3256 1341 3299 invaderent
1370 3257 1564 3300 Zosimus
1592 3262 1631 3309 1,
1660 3262 1726 3302 35.

139 3329 223 3374 603
254 3326 574 3382 ChrysogonuS,
607 3323 880 3367 citharoedus
910 3330 1051 3368 aetate
1070 3324 1287 3368 Iuvenalis
1314 3326 1503 3369 Juvenal.
1524 3329 1606 3369 sat.
1628 3330 1666 3378 6,
1687 3330 1764 3379 47,·
1797 3330 1833 3379 7,
1854 3330 1947 3371 176.
