2242 3718
675 1106 1051 1156 PRAEFATIO
1094 1104 1399 1155 EDITORIS

241 1332 479 1386 Postquam
510 1343 563 1373 ea
589 1342 701 1384 quae
730 1327 962 1383 scriptores
983 1326 1150 1381 antiqui
1171 1325 1441 1369 tradiderunt
1461 1340 1556 1369 cum
1578 1326 1786 1371 memoria
1807 1339 1953 1369 earum

124 1424 270 1454 rerum
308 1409 364 1453 de
401 1408 555 1464 quibus
591 1410 871 1450 monumenta
909 1405 1147 1450 certissime
1184 1410 1398 1449 testantur
1434 1405 1635 1460 coniungi
1670 1410 1800 1460 atque
1846 1419 1956 1449 com-

127 1490 232 1546 poni
268 1493 423 1545 coepta
460 1492 574 1543 sunt,
612 1501 707 1531 cum
746 1486 878 1530 totius
916 1485 1008 1530 fere
1045 1485 1315 1541 antiquitatis
1361 1485 1542 1528 historia
1587 1486 1762 1529 saeculo
1806 1490 1955 1529 nostro

127 1573 324 1613 correcta
366 1572 496 1612 aucta
540 1566 806 1623 amplificata
850 1566 918 1622 sit,
964 1570 1054 1609 tum
1098 1570 1222 1609 aetas
1258 1566 1551 1609 Romanorum
1585 1565 1865 1622 imperatoria
1900 1579 1955 1609 ex

123 1649 289 1705 ingenti
326 1651 701 1692 monumentorum
748 1639 874 1703 copia
910 1646 1034 1702 quasi
1077 1659 1193 1690 nova
1238 1645 1426 1701 quadam
1471 1646 1568 1689 luce
1611 1645 1830 1689 illustrata
1875 1650 1955 1689 est.

127 1731 272 1785 Atque
303 1729 435 1773 etiam
465 1727 687 1771 hominum
719 1727 792 1783 qui
822 1727 900 1771 illa
930 1731 1076 1772 aetate
1106 1727 1177 1771 vel
1207 1726 1251 1769 in
1282 1725 1412 1769 rebus
1442 1725 1625 1781 publicis
1646 1727 1717 1769 vel
1735 1726 1780 1769 in
1802 1726 1956 1770 litteris

132 1809 239 1853 clari
268 1808 443 1853 fuerunt
472 1807 723 1851 memoriam
757 1822 852 1851 cum
885 1808 1046 1864 scripta
1076 1820 1188 1862 quae
1209 1810 1396 1850 aetatem
1418 1806 1609 1849 tulerunt
1634 1819 1832 1850 mancam
1862 1807 1957 1850 reli-

67 1944 70 1946 ,
129 1889 325 1945 quissent
353 1889 425 1933 vel
454 1888 611 1931 iniuria
640 1893 879 1945 temporum
909 1901 1085 1943 prorsus
1116 1887 1335 1931 oblivione
1370 1885 1595 1942 obruisset,
1627 1886 1832 1930 adhibitis
1862 1887 1959 1930 titu-

124 1970 265 2014 lorum
312 1981 669 2023 nummorumque
717 1967 977 2012 testimoniis
1020 1967 1308 2022 redintegrari
1344 1980 1472 2023 posse
1508 1966 1698 2009 virorum
1734 1967 1957 2011 doctorum

130 2049 416 2106 temptamina
446 2049 660 2105 quaedam
693 2048 829 2093 veluti
859 2048 1025 2092 indices
1055 2048 1111 2091 ad
1142 2046 1272 2090 Plinii
1302 2045 1512 2102 epistulas
1541 2060 1568 2090 a
1588 2047 1869 2104 Mommseno,
1900 2049 1958 2091 ad

126 2130 235 2173 Acta
269 2129 494 2174 Arvalium
527 2129 594 2172 'ab
630 2129 839 2173 Henzeno
886 2127 1070 2171 confecti
1122 2127 1320 2170 omnibus
1364 2130 1468 2170 ante
1514 2127 1663 2169 oculos
1707 2132 1956 2183 posuerant.

133 2208 215 2261 Qui
245 2209 412 2253 indices
443 2221 703 2265 quamquam
733 2208 840 2252 artis
869 2207 1026 2252 finibus
1057 2206 1365 2262 circumscripti
1397 2210 1533 2261 erant,
1563 2219 1659 2249 cum
1691 2220 1824 2263 opera
1851 2207 1959 2251 eius-

128 2289 247 2333 modi
280 2291 540 2346 permultum
571 2289 629 2332 ad
659 2288 818 2331 aetatis
847 2288 1153 2343 imperatoriae
1189 2287 1412 2331 meliorem
1443 2286 1731 2341 cognitionem
1763 2286 1959 2330 conferre

128 2382 257 2425 posse
293 2369 533 2412 luculenter
570 2368 954 2423 demonstrassent,
985 2366 1223 2410 Academia
1253 2366 1391 2421 Regia
1420 2365 1650 2409 Borussica
1686 2366 1878 2411 decrevit
1914 2371 1960 2410 ut

129 2449 263 2494 totius
299 2448 459 2493 aetatis
499 2447 766 2504 principatus
804 2447 906 2491 inde
935 2447 992 2491 ab
1022 2447 1217 2502 Augusto
1247 2459 1383 2501 usque
1419 2445 1476 2488 ad
1505 2445 1824 2490 Diocletianum
1860 2447 1960 2490 Pro-

133 2529 429 2586 sopographia
467 2529 737 2585 conderetur,
775 2542 826 2572 eo
863 2527 1044 2572 consilio
1084 2531 1132 2571 ut
1168 2539 1451 2582 quaecunque
1486 2525 1542 2569 de
1571 2525 1817 2570 hominibus
1845 2526 1960 2569 illius

127 2609 287 2654 aetatis
343 2609 610 2653 notabilibus
672 2609 743 2652 vel
797 2622 875 2664 per
931 2607 1164 2664 scriptores
1215 2606 1286 2650 vel
1347 2619 1424 2662 per
1471 2606 1620 2650 titulos
1675 2620 1959 2661 nummosque

128 2689 364 2734 memoriae
409 2689 570 2733 tradita
625 2693 725 2732 sunt
770 2688 1074 2743 colligerentur
1120 2692 1163 2731 et
1206 2691 1580 2743 componerentur.
1648 2686 1780 2730 Cuius
1816 2686 1959 2742 operis

130 2783 278 2814 curam
318 2769 555 2813 Academia
598 2782 779 2813 munere
826 2767 1043 2825 tripartito
1088 2767 1281 2810 Elimaro
1312 2766 1462 2823 Klebs,
1493 2767 1744 2811 Hermanno
1775 2768 1959 2822 Dessau,

128 2851 266 2894 Paulo
296 2863 383 2894 von
414 2850 598 2894 Rohden
634 2849 875 2894 mandavit.
943 2848 1085 2903 Atque
1122 2847 1325 2891 volumen
1365 2847 1548 2903 primum
1581 2846 1732 2903 Klebs,
1775 2847 1959 2890 alterum

128 2932 300 2976 Dessau
330 2929 538 2987 confecit,
575 2930 749 2974 tertium
780 2943 836 2974 ne
868 2929 994 2973 simul
1025 2942 1119 2972 cum
1150 2927 1218 2971 his
1248 2941 1360 2983 quae
1389 2941 1504 2971 nunc
1533 2927 1577 2970 in
1598 2927 1815 2984 publicum
1837 2927 1961 2982 prod-

130 3015 235 3055 eunt
265 3010 480 3066 ederetur,
526 3008 671 3066 gravis
700 3011 823 3054 Pauli
861 3023 948 3054 von
981 3008 1164 3052 Rohden
1193 3007 1399 3052 valetudo
1437 3007 1616 3051 obstitit.
1677 3007 1801 3050 Vnde
1844 3006 1959 3050 tertii

129 3089 360 3134 voluminis
405 3090 463 3134 ad
507 3090 635 3135 finem
681 3089 946 3147 perducendi
992 3101 1139 3132 curam
1184 3088 1353 3132 Dessau
1398 3086 1443 3130 in
1495 3101 1543 3131 se
1588 3087 1790 3143 suscepit.
1863 3085 1958 3137 Quo

130 3169 324 3214 confecto
379 3174 579 3226 quartum
628 3171 791 3215 addere
841 3171 885 3213 in
938 3169 1082 3212 animo
1135 3172 1214 3224 est,
1264 3168 1381 3223 quod
1429 3167 1566 3211 fastos
1616 3168 1866 3210 consulares
1916 3171 1959 3210 et

129 3250 362 3294 laterculos
399 3264 546 3295 eorum
585 3251 658 3306 qui
695 3251 931 3295 honoribus
968 3255 1011 3293 et
1046 3247 1294 3292 muneribus
1330 3247 1514 3304 publicis
1548 3247 1682 3290 functi
1718 3251 1817 3290 sunt
1862 3259 1959 3289 con-

130 3329 295 3373 tinebit.
