2202 3730
291 299 619 334 ARTAVASDES
1151 288 1172 330 1
1179 288 1233 329 50
1764 294 2092 332 ARTAVASDES

292 430 373 471 955
403 427 679 476 Artavasdes,
702 441 779 467 rex
799 425 1037 467 Medorum.
1065 425 1195 478 Regis
1212 424 1469 467 Artavazdis
1488 424 1809 467 Monumentum
1818 424 2094 480 Ancyranum

380 497 452 538 lat.
475 500 511 546 6,
534 499 586 537 11
608 515 661 528 Σ
688 492 920 551 Ἀρταβάζου
943 506 1083 546 yraec.
1106 496 1172 543 17,
1197 496 1262 543 16,
1293 492 1460 535 Artaba
1477 525 1486 535 .
1506 526 1515 536 .
1548 493 1621 535 lat.
1642 495 1680 543 5,
1704 497 1762 536 29
1783 514 1838 528 =
1859 492 2091 552 Ἀρταβάζου

372 578 508 618 yracc.
527 566 591 613 15,
609 566 648 612 9,
669 560 982 619 Ἀρταο[υάσὸης]
997 574 1136 614 yraec.
1154 563 1221 611 17,
1238 563 1287 612 1,·
1308 559 1590 618 Ἀρταουάσδην
1607 560 1694 603 Dio
1709 565 1775 612 49,
1797 565 1867 605 25.
1900 561 2097 614 (Nummi

373 632 497 674 huius
535 645 619 673 non
658 632 826 681 extant,·
864 630 909 670 in
939 629 1120 670 nummis
1149 628 1449 671 Armeniorum
1487 630 1598 684 re9is
1634 629 1815 672 eiusdem
1842 630 2027 673 nominis
2056 633 2095 673 et

375 700 526 741 aetatis
573 698 783 740 invenitur
823 695 1080 754 Ἀρταυάσδου
1125 697 1352 751 Lanylois,
1396 697 1735 751 Numismatique
1778 698 1826 740 de
1864 698 2094 741 l'Arme'nie

375 782 422 821 p.
452 767 534 821 34).
593 766 660 808 De
690 767 928 820 fraymento
959 765 1074 807 tituli
1103 765 1172 808 VI
1192 768 1314 815 1798,
1347 765 1457 819 quod
1486 769 1710 820 antequam
1732 766 1903 820 plenius
1931 767 2093 809 innote-

369 839 511 885 sceret,
554 835 611 877 ad
647 834 755 876 hunc
793 833 956 875 rettulit
986 833 1235 884 Mommsen,
1277 833 1365 876 Res
1390 848 1432 888 9.
1465 834 1552 876 divi
1578 833 1692 889 Auy.
1717 848 1764 888 p.
1786 834 1909 885 1112,
1952 835 2007 888 cf.
2045 833 2091 877 Ο.
2145 886 2150 890 ,

373 903 532 946 Iulium
562 901 850 944 Artabasdem
879 915 919 943 n.
942 904 1037 944 959.

459 970 596 1013 Filius
623 969 908 1013 Ariobarzani
941 970 1052 1024 regis
1076 969 1267 1013 Menum.
1289 970 1448 1025 Ancyr.
1470 974 1509 1021 6,
1533 974 1603 1014 12.
1651 970 1705 1012 A.
1728 971 1809 1013 718
1834 990 1887 1005 =
1907 971 1961 1013 36
1983 985 2020 1013 a.
2043 970 2092 1013 O.

374 1040 590 1082 Antonius
621 1054 720 1081 cum
750 1037 913 1080 bellum
934 1044 1083 1080 contra
1104 1038 1287 1080 Parthos
1308 1040 1513 1082 movisset
1532 1045 1707 1081 auctore
1727 1038 1971 1081 Artavasde
1991 1053 2093 1093 rege

374 1109 489 1150 socio
510 1107 754 1161 Armeniae,
789 1107 861 1162 qui
896 1107 1151 1148 inimicitias
1174 1121 1272 1149 cum
1302 1120 1404 1161 rege
1424 1107 1553 1149 Medo
1575 1108 1829 1162 cognomine
1852 1106 2093 1161 exercebat,

375 1177 612 1218 exercitum
643 1176 687 1216 in
708 1174 894 1216 Mediam
926 1174 1052 1216 duxit
1071 1173 1159 1217 Dio
1179 1178 1245 1225 49,
1268 1177 1326 1218 25
1334 1189 1347 1226 ;
1376 1174 1452 1218 ubi
1484 1190 1582 1217 cum
1613 1175 1688 1217 diu
1720 1175 1882 1217 frustra
1901 1175 2095 1231 Praaspa

373 1243 494 1299 (Dio)
526 1245 616 1285 sive
646 1242 860 1285 Phraarta
890 1241 1152 1297 (Plutarch.)
1183 1250 1314 1300 caput
1344 1245 1465 1298 regni
1494 1243 1748 1298 obsedisset,
1782 1258 1808 1285 a
1837 1242 2024 1285 Phraate
2053 1249 2095 1285 et

372 1312 614 1355 Artavasde
636 1311 763 1354 Medo
793 1310 1056 1352 obsidionem
1088 1311 1254 1352 solvere
1280 1318 1453 1354 coactus
1476 1326 1575 1354 cum
1595 1325 1755 1366 magna
1774 1325 1951 1353 suorum
1972 1310 2094 1353 clade

372 1380 415 1422 in
445 1381 697 1423 Armeniam
727 1380 906 1421 recessit
935 1378 1023 1421 Dio
1042 1382 1109 1430 49,
1132 1382 1289 1430 25-31,
1321 1379 1546 1422 Plutarch.
1569 1379 1726 1422 Anton.
1747 1382 1903 1430 38-50,
1936 1379 2094 1422 Strabo

374 1453 426 1492 11
448 1463 496 1503 p.
517 1451 613 1492 524.
636 1451 733 1492 532.
784 1446 838 1490 A.
863 1447 944 1490 719
967 1467 1021 1481 =
1042 1448 1096 1490 35
1118 1447 1385 1490 Artavasdes
1412 1448 1566 1490 Medus
1596 1462 1694 1490 cum
1717 1447 1893 1491 Phraati
1919 1454 2113 1504 propter¹

374 1517 561 1574 praedae
591 1516 848 1558 divisionem
878 1522 1161 1571 succenseret,
1194 1517 1375 1559 iniurias
1403 1517 1457 1558 ab
1479 1516 1684 1559 Armenio
1706 1523 1903 1573 acceptas
1924 1515 2094 1558 ulturus
2137 1507 2141 1511 ⁵

375 1601 506 1642 opera
544 1584 788 1627 Polemonis
828 1584 1056 1626 amicitiam
1098 1583 1278 1626 Antonii
1317 1585 1533 1642 quaesivit
1568 1584 1657 1627 Dio
1684 1588 1751 1635 49,
1772 1588 1838 1636 33,
1870 1584 2093 1627 Plutarch.

375 1653 534 1697 Anton.
554 1656 624 1696 52.
676 1652 729 1695 A.
748 1653 830 1695 720
851 1672 906 1687 -τ
927 1653 982 1694 34
1011 1652 1199 1694 amicitia
1231 1653 1342 1694 inter
1371 1659 1604 1709 utrumque
1624 1654 1861 1709 composita
1881 1652 2095 1695 Antonius

376 1722 555 1778 Iotapen
595 1721 728 1762 filiam
770 1722 860 1762 eius
891 1719 1144 1762 Alexandro
1184 1721 1271 1763 filio
1312 1737 1367 1763 ex
1398 1721 1627 1778 Cleopatra
1657 1721 1824 1764 sublato
1867 1721 2096 1778 despondit

373 1790 461 1833 Dio
482 1793 548 1840 49,
569 1792 636 1832 40.
687 1788 740 1831 A.
765 1789 844 1832 721
869 1809 923 1823 ——-
944 1789 998 1831 33
1029 1788 1245 1831 Antonius
1286 1804 1382 1832 cum
1423 1791 1579 1832 iterum
1619 1790 1663 1831 in
1706 1790 1910 1832 Armenia
1949 1796 2097 1845 ageret

376 1858 499 1914 quasi
529 1857 697 1900 Parthis
728 1856 887 1899 bellum
916 1855 1142 1911 inlaturus,
1174 1856 1407 1899 Artavasdi
1438 1863 1604 1913 partem
1624 1857 1856 1899 Armeniae
1885 1858 2096 1900 concessit

376 1932 418 1968 et
436 1927 615 1982 Iotapen
636 1924 887 1968 Alexandro
914 1931 1145 1981 nupturam
1165 1925 1476 1967 Alexandriam
1497 1940 1641 1968 secum
1663 1925 1809 1980 duxit3
1830 1925 2095 1968 Artavasdes

373 2009 475 2036 usus
516 1993 743 2048 militibus,
786 2008 892 2049 quos
932 1993 1147 2035 Antonius
1184 1994 1227 2035 in
1255 1993 1464 2036 Armenia
1503 1994 1748 2051 reliquerat,
1790 1994 2023 2037 Phraatem
2053 2000 2095 2037 et

369 2062 579 2105 Artaxem
610 2067 759 2104 contra
789 2077 834 2103 se
866 2061 1079 2117 profectos
1111 2063 1297 2118 primum
1327 2063 1453 2117 vicit,
1490 2061 1590 2104 dein
1620 2069 1850 2119 postquam
1878 2062 2093 2106 Antonius

371 2130 537 2178 auxilia
576 2130 632 2172 ad
669 2129 829 2172 bellum
871 2137 1020 2172 contra
1049 2129 1279 2173 Caesarem
1307 2130 1545 2185 gerendum
1579 2132 1787 2185 evocavit,
1829 2132 1922 2188 ipse
1950 2132 2093 2174 victus

373 2207 609 2256 captusque
630 2206 694 2241 est
713 2198 801 2241 Dio
820 2202 888 2250 49,
910 2203 963 2241 44
995 2202 1175 2253 tempore
1204 2199 1293 2253 fere
1320 2199 1420 2241 belli
1437 2199 1622 2242 Actiaci.
1670 2200 1790 2253 Quod
1809 2214 1837 2242 a
1857 2200 2094 2243 Plutarcho

371 2268 529 2310 Anton.
562 2271 614 2310 60
650 2270 907 2310 memoratur
946 2268 1056 2310 inter
1085 2267 1268 2310 Antonii
1298 2268 1465 2310 auxilia
1502 2282 1646 2323 reyum
1679 2269 1960 2311 barbarorum
1987 2269 2094 2326 παρὰ

372 2341 440 2379 τοῦ
461 2335 611 2394 Μήδων
644 2336 837 2395 βασιλέως
863 2336 1139 2394 ἀπεσταλμένη
1167 2337 1345 2395 βοήθεια,
1375 2336 1613 2391 explicatur
1642 2338 1907 2380 accuratiore
1937 2336 2093 2380 Dionis

373 2406 455 2460 (49,
483 2404 552 2458 44)
584 2404 875 2446 enarratione:
915 2404 972 2459 (a.
1000 2406 1098 2460 721)
1130 2407 1406 2461 συμμαχήσειν
1446 2422 1489 2448 τε
1518 2405 1592 2462 γὰρ
1624 2407 1834 2462 ἀλλήλοις,
1875 2407 1896 2448 ὁ
1928 2407 1998 2462 μὲν
2030 2406 2093 2449 ἐπὶ

371 2474 461 2519 τοὺς
490 2472 686 2529 Πάρθους,
717 2474 737 2515 ὁ
771 2474 813 2515 δὲ
845 2471 907 2515 ἐπὶ
937 2473 1001 2515 τὸν
1032 2471 1216 2530 Καίσαρα
1246 2473 1470 2525 συνέθεντο,
1511 2474 1576 2516 καὶ
1606 2475 1669 2516 ἐπὶ
1698 2474 1824 2530 τούτῳ
1855 2475 2093 2532 στρατιώτας

371 2542 414 2584 τέ
444 2558 548 2587 τινας
578 2541 790 2584 ἀντέδοσάν
821 2556 928 2598 σφισι
947 2565 1004 2570 -—
1027 2565 1078 2570 -—
1110 2547 1261 2597 postea
1287 2540 1526 2584 Antonium
1547 2541 1705 2584 milites
1730 2557 1829 2584 suos
1854 2556 2093 2596 revocasse,

372 2625 458 2652 non
487 2608 738 2663 reddidisse,
771 2623 878 2666 quos
908 2615 1135 2665 acceperat
1164 2609 1218 2651 ab
1248 2609 1504 2653 Artavasde.

459 2678 562 2719 Post
590 2676 751 2719 bellum
781 2676 1008 2719 Actiacum
1039 2676 1304 2719 Artavasdes
1334 2679 1479 2720 nescio
1511 2693 1595 2734 quo
1627 2678 1754 2720 modo
1785 2694 1808 2720 e
1839 2680 2092 2735 captivitate

372 2745 543 2801 elapsus
574 2745 629 2787 ad
649 2744 893 2800 Augustum
915 2746 1045 2800 venit,
1078 2747 1153 2801 qui
1185 2747 1220 2787 ei
1254 2746 1434 2802 Iotapen
1456 2746 1589 2788 filiam
1612 2747 1802 2789 restituit
1821 2746 1909 2790 Dio
1929 2750 1995 2798 51,
2016 2751 2094 2801 16;

373 2814 484 2855 inter
527 2827 671 2868 regeS,
719 2814 793 2869 qui
841 2813 1054 2870 supplices
1098 2814 1153 2856 ad
1198 2813 1444 2869 Augustum
1491 2814 1800 2869 confugerunt,
1847 2816 2094 2858 nominatur

373 2881 564 2923 Monum.
587 2881 745 2935 Ancyr.
778 2895 810 2924 c.
831 2885 901 2925 32.
947 2882 1198 2924 Armeniam
1225 2882 1429 2925 'minorem
1458 2896 1550 2925 eum
1581 2883 1634 2925 ab
1664 2882 1858 2938 Auyusto
1887 2885 2093 2939 accepisse

370 2950 557 3003 sequitur
588 2964 638 2991 esc
668 2949 808 2992 Dione
836 2953 901 3000 54,
925 2953 950 2992 9
979 2951 1184 3004 referente
1213 2950 1461 3005 Augustum
1490 2965 1602 2993 anno
1625 2951 1708 2994 734
1727 2971 1783 2986 =
1803 2952 1858 2994 20
1877 2950 2092 2995 Archelao

370 3016 623 3059 Armeniam
653 3019 859 3060 minorem
891 3018 1094 3073 donasse,
1137 3019 1195 3061 ὅτι
1224 3019 1245 3062 ὀ
1275 3018 1415 3076 Μῆδος
1444 3020 1464 3063 ὁ
1495 3021 1580 3076 πρὶν
1611 3019 1731 3076 αὐτῆς
1762 3020 1979 3076 βασιλεύων
2014 3019 2094 3063 ἐτε-

372 3087 529 3141 θνήκεις
570 3099 669 3128 nam
700 3089 878 3140 praeter
914 3100 1046 3129 unum
1086 3086 1221 3129 locum
1257 3090 1339 3142 (49,
1370 3089 1427 3131 25
1453 3088 1529 3130 ubi
1565 3101 1714 3130 nomen
1744 3087 1939 3142 ponitur)
1979 3088 2095 3143 apud

371 3152 553 3195 Dionem
583 3153 845 3197 Artavasdes
882 3155 949 3197 hic
986 3155 1034 3197 cle
1074 3169 1152 3209 quo
1194 3155 1355 3209 ayitur,
1394 3169 1554 3210 semper
1592 3156 1861 3210 significatur
1890 3157 1911 3200 ὁ
1938 3155 2090 3214 Μῆδος.

374 3221 575 3263 Mortuus
604 3221 735 3276 iyitur
764 3223 840 3265 sub
873 3237 1030 3265 annum
1061 3226 1139 3265 734
1170 3243 1225 3258 =
1253 3226 1312 3266 20
1342 3237 1382 3265 a.
1413 3222 1459 3266 O.

288 3289 371 3331 956
410 3288 674 3331 Artavasdes
721 3290 796 3345 (sic
846 3291 1038 3342 Tacitus,
1097 3289 1329 3349 Ἀρταβάζου
1371 3290 1495 3346 Dio),
1541 3305 1620 3333 rex
1664 3290 1908 3334 Armeniae.
1985 3292 2090 3335 ‘Nec

375 3356 553 3411 Tigrani
585 3356 674 3414 (ΙΙ)
705 3372 731 3399 a
761 3358 826 3401 Ti.
859 3358 1029 3401 Nerone
1070 3359 1113 3400 in
1150 3372 1331 3414 regnum
1365 3358 1547 3402 deducto
1584 3359 1643 3413 (a.
1675 3362 1755 3402 734
1783 3380 1838 3395 =
1867 3363 1926 3404 20
1956 3374 1997 3403 a.
2025 3359 2090 3418 O.)
