2202 3730
79 294 239 331 ANNIA
953 285 1007 329 75
1724 290 1885 326 ANNIA

164 426 252 468 III
273 427 380 467 1333
418 423 658 466 emendatus
688 438 716 465 a
744 422 1081 478 Dittenberqem,
1123 423 1413 465 commentatio
1450 421 1501 464 de
1533 421 1720 464 Herodis
1747 421 1887 464 Attici

163 492 439 536 monumentis
466 491 695 546 Olympieis
714 506 762 546 p.
785 491 884 534 XV
903 490 979 546 (2).

251 560 418 605 Ἀππίαν
461 559 614 604 Ἀννίαν
655 559 857 615 Ἀ[τ]ιλιάν
898 558 1112 617 Ῥήγιλλαν
1144 558 1389 616 Ἐλπινείκην
1419 558 1694 615 Ἀγριππεῖναν
1727 557 1884 615 Ἀτρίαν

163 629 367 685 Π[ῶ]λλαν
398 632 426 671 t.
457 632 502 679 1,
544 628 694 683 [Αππία
726 627 874 682 Ἀννία]
915 626 1107 682 [Ατ]ειλιά
1146 625 1367 684 [Ῥήγιλλα]
1409 626 1715 684 [Αγρ]ιππεῖῘν]α
1755 626 1885 670 Ἐλπι-

167 697 304 756 [νείκη]
338 697 474 755 Ἀτρία
513 697 666 740 Πῶλλα
703 700 731 738 t.
763 699 811 747 2,
852 695 1053 752 Elpinice
1093 694 1383 738 Philostratus
1411 696 1483 737 vit.
1515 695 1632 750 soph.
1665 698 1709 746 2,
1738 699 1777 746 1,
1809 699 1884 740 22.

163 767 230 809 Ti.
253 765 426 809 Claudii
447 765 581 808 Attici
602 764 791 807 Herodis
813 770 855 806 et
874 764 1046 820 Appiae
1067 763 1237 805 Anniae
1258 763 1452 818 Reginae
1470 763 1561 805 filia
1588 766 1617 805 t.
1638 766 1678 806 1.
1699 766 1743 814 2,
1774 778 1886 806 uxor

163 834 214 876 L.
246 833 463 890 [Vi]bullii
494 832 739 890 Hipparchi
769 836 798 874 t.
831 835 875 876 2.
934 831 1162 888 Superstes
1191 833 1316 874 matri
1354 831 1593 886 (defunctae
1622 846 1661 874 a.
1693 831 1885 885 160l161)

162 903 197 944 I
197 902 274 945 ΘΙ
280 905 389 946 1389
401 908 428 942 Ι
437 917 473 946 v.
485 905 539 945 15
559 902 667 957 (vide
685 902 732 943 in
751 900 902 954 matre)
924 907 1093 942 mortua
1114 906 1178 942 est
1197 907 1297 942 ante
1316 906 1484 956 patrem
1499 900 1788 943 Philostratus
1807 901 1835 943 l.
1858 901 1884 942 l.

77 971 161 1013 546
190 977 352 1013 ANNIA
392 976 682 1012 GORNIFICIA
719 974 969 1010 FAVSTINA
1010 968 1175 1022 (Annia
1215 967 1447 1010 Cornificia
1484 969 1557 1010 vit.
1589 967 1741 1011 Marci
1766 972 1804 1019 1,
1818 971 1887 1019 ,8,·

162 1039 309 1082 Annia
338 1039 548 1081 Faustina
575 1038 623 1080 in
652 1037 833 1092 tequlis),
865 1051 988 1079 soror
1024 1042 1131 1078 natu
1168 1037 1309 1078 minor
1338 1036 1475 1078 Marci
1514 1037 1785 1093 imperatoris
1812 1036 1885 1077 vit.

165 1108 315 1150 Marci
331 1111 372 1159 1,
391 1109 444 1159 8,·
472 1106 568 1162 filia
595 1106 729 1161 iqitur
759 1105 827 1148 M.
856 1104 998 1148 Annii
1026 1104 1125 1147 Veri
1153 1107 1192 1147 et
1220 1104 1438 1146 Domitiae
1463 1104 1668 1147 Isueillae.
1713 1104 1886 1147 Marcus

162 1175 298 1219 frater
336 1182 437 1230 toga
466 1173 583 1216 virili
623 1180 795 1230 sumpta
831 1173 889 1228 (a.
921 1173 1122 1228 135s136)
1155 1174 1462 1230 patrimonium
1491 1179 1719 1229 paternum
1749 1173 1883 1214 sorori

163 1251 300 1287 totum
329 1244 552 1298 concessit,
584 1257 682 1285 cum
713 1257 809 1285 eum
839 1241 896 1284 ad
916 1241 1174 1285 divisionem
1201 1248 1339 1284 mater
1358 1247 1538 1284 vocaret
1556 1266 1614 1271 —
1637 1265 1687 1271 —-
1708 1239 1884 1294 addens,

165 1319 212 1355 ut
242 1319 284 1356 et
312 1318 469 1366 mater,
500 1312 536 1353 si
566 1310 718 1366 vellet,
760 1311 805 1352 in
843 1324 1033 1352 sororem
1073 1324 1198 1352 suum
1229 1310 1536 1366 patrimonium
1567 1309 1803 1363 conferret,
1833 1323 1887 1350 ne

165 1381 343 1423 inferior
372 1387 484 1423 esset
513 1393 635 1422 soror
663 1380 815 1421 marito
846 1379 918 1423 vit.
952 1378 1101 1421 Marci
1128 1382 1168 1429 4,
1201 1382 1237 1421 7.
1285 1379 1410 1421 onr
1438 1377 1647 1421 meidii
1678 1377 1889 1430 Quadrati

163 1450 218 1503 ef.
240 1449 364 1504 tequl.
384 1449 538 1492 urban.
560 1463 616 1490 ex
636 1447 863 1504 pr(aediis)
878 1446 1026 1490 Vmidi
1049 1445 1143 1501 (sie)
1165 1446 1379 1500 Quadrati
1401 1454 1444 1489 et
1463 1446 1635 1489 Anniae
1655 1446 1890 1488 Faustinae

161 1518 246 1560 sive
265 1518 381 1562 Vmi.
405 1516 548 1571 Quad.
581 1523 623 1559 et
642 1516 726 1561 An.
753 1516 883 1560 Faus.
914 1515 1118 1566 XV731‚
1150 1515 1221 1557 eui
1246 1516 1439 1570 nupsisse
1466 1514 1631 1557 videtur
1659 1514 1734 1556 sub
1766 1514 1891 1568 finem

161 1587 331 1641 imperii
358 1585 594 1629 Hadriani.
663 1584 837 1626 Marcus
877 1584 969 1639 (sub
1009 1584 1137 1638 finem
1174 1584 1346 1638 imperii
1373 1583 1587 1626 Antonini
1615 1582 1711 1633 Pii,
1753 1585 1803 1624 ut
1841 1596 1892 1624 ex

162 1658 354 1698 contextu
393 1653 588 1709 apparet)
628 1653 688 1696 M.
719 1652 937 1695 meidio
978 1653 1054 1708 (sie
1091 1652 1359 1695 scribendum
1399 1655 1481 1702 est,
1523 1651 1732 1694 Mummio
1774 1650 1890 1704 libri)

162 1722 386 1776 Quadrato
426 1721 607 1778 (consuli
644 1735 684 1764 a.
716 1720 814 1775 167)
845 1722 1005 1763 sororis
1046 1720 1157 1775 filio,
1201 1721 1304 1777 quia
1334 1719 1410 1763 illa
1448 1721 1534 1762 iam
1575 1726 1747 1762 mortua
1785 1725 1887 1773 erat,

161 1791 375 1834 bonorum
404 1797 696 1833 maternorum
726 1795 893 1846 partem
924 1789 1104 1832 tradidit
1123 1789 1196 1831 vit.
1220 1789 1372 1831 Marci
1390 1792 1429 1839 7,
1451 1791 1491 1832 4.
1534 1788 1718 1830 Nomine
1741 1788 1890 1829 omisso

161 1863 419 1903 memoratur
448 1859 614 1901 Fronto
637 1873 684 1913 p.
710 1861 762 1901 79
783 1857 856 1909 N„
890 1858 1072 1900 Marcus
1102 1860 1158 1904 εἰς
1187 1858 1327 1901 ἑαυτόν
1354 1861 1394 1908 1,
1425 1861 1492 1899 17.

75 1929 158 1972 547
187 1935 349 1981 ᾼΝΝΙΑ
378 1933 629 1970 FAVSTINA
649 1932 894 1969 AVGVSTA.
937 1926 1114 1969 Nummi
1132 1926 1294 1969 Eckhel
1324 1925 1421 1968 VII
1433 1940 1483 1980 p.
1503 1928 1602 1975 260,
1630 1924 1771 1967 Cohen
1802 1924 1869 1966 VI
1873 1924 1889 1948 2

163 2012 212 2052 p.
232 2000 316 2040 384
344 2010 455 2051 sqq.;
484 1995 774 2038 Alexandrini
807 1994 1041 2050 Cataloque
1070 1995 1122 2049 of
1145 1994 1212 2037 the
1239 1994 1378 2037 Greek
1408 1995 1523 2036 coins
1553 1994 1600 2035 in
1626 1993 1693 2035 the
1722 1992 1891 2035 British

163 2066 374 2115 Museum,
405 2064 678 2107 Alexandria
698 2078 746 2118 p.
769 2066 852 2106 198
870 2077 957 2117 sqq.
989 2063 1226 2106 exhibentes
1247 2077 1406 2105 annum
1426 2065 1622 2117 quartum
1643 2065 1682 2104 et
1702 2062 1891 2115 quintum

160 2133 410 2189 Elayabali.
462 2133 576 2176 Nam
608 2131 720 2186 quod
748 2131 798 2174 de
825 2132 1008 2174 nummis
1036 2132 1182 2185 quarti
1209 2132 1315 2174 anni
1343 2131 1611 2173 dubitaverat
1639 2143 1719 2172 von
1740 2128 1888 2178 sanet,

158 2202 304 2246 Daten
324 2202 399 2245 der
420 2200 818 2244 alexandrinisehen
839 2199 1177 2242 Kaisermilneen
1196 2214 1245 2253 p.
1265 2203 1334 2250 52,
1368 2200 1454 2240 iam
1482 2202 1638 2241 eertum
1660 2197 1890 2252 exemplum

161 2271 348 2315 innotuit
377 2283 428 2312 ex
455 2282 596 2312 museo
620 2268 883 2312 ‚Britannico
911 2282 953 2310 n.
975 2271 1098 2310 1549.

251 2338 442 2381 Nomina
471 2341 635 2379 tantum
665 2351 716 2379 ex
743 2337 927 2378 nummis
955 2337 1239 2379 innotuerunt.
1295 2336 1416 2377 onr
1446 2334 1671 2389 Elagabali
1701 2334 1890 2388 Augusti

161 2408 345 2459 nummi,·
375 2405 637 2461 Elagabalus
667 2405 852 2461 primam
882 2404 1038 2446 Iuliam
1069 2403 1249 2446 Paulam
1281 2418 1462 2446 uxorem
1491 2403 1630 2457 duxit,
1663 2402 1762 2444 dein
1794 2409 1892 2459 post

162 2475 392 2533 repudium
431 2476 523 2517 eius
564 2473 754 2529 (Iuliam)
794 2473 1016 2529 Aquiliam
1058 2473 1275 2526 severam,
1309 2487 1397 2528 qua
1423 2473 1526 2514 item
1562 2472 1722 2513 reiecta
1752 2470 1890 2527 ἑτέραν

165 2544 240 2588 εἶθ’
271 2544 409 2602 ἑτέραν
437 2545 504 2586 καὶ
534 2545 642 2600 μάλα
672 2542 797 2598 ἄλλην
829 2541 954 2598 ἔγημε
984 2543 1049 2584 καὶ
1079 2542 1179 2597 μετὰ
1208 2545 1322 2584 τοῦτο
1349 2542 1446 2598 πρὸς
1474 2542 1544 2598 τὴν
1565 2540 1747 2597 Σεβῆραν
1778 2540 1892 2581 ἐπαν-

163 2614 287 2670 ῆλθεν
316 2611 406 2655 Dio
437 2615 502 2662 79,
536 2615 562 2654 9
593 2611 648 2665 ef.
680 2614 746 2661 79,
777 2613 803 2652 5
834 2610 1091 2666 (Pomponio
1127 2610 1262 2652 Basso
1305 2609 1469 2651 crimen
1499 2610 1608 2664 erat)
1640 2608 1699 2651 ὅτι
1727 2611 1892 2664 γυναῖκα

163 2683 229 2725 καὶ
258 2682 434 2739 εὐπρεπῆ
465 2682 530 2723 καὶ
560 2680 700 2736 εὐγενῆ
732 2680 841 2735 εἶχε·
872 2682 941 2721 τοῦ
970 2694 1015 2721 τε
1044 2679 1119 2735 γὰρ
1150 2677 1330 2736 Σεβήρου
1361 2676 1563 2720 Κλαυδίου
1602 2678 1668 2720 καὶ
1706 2681 1775 2720 τοῦ
1807 2675 1892 2720 Ἀν-

165 2751 326 2793 τωνίνου
356 2753 424 2792 τοῦ
446 2748 612 2805 Μάρκου
634 2748 827 2804 ἀπόγονος
846 2747 918 2804 ἦν·
948 2747 1089 2803 ἀμέλει
1117 2747 1183 2789 καὶ
1214 2745 1360 2803 ἔγημεν
1392 2747 1512 2804 αὐτήν
1541 2749 1647 2798 κτλ.;
1678 2744 1890 2788 Herodia-

163 2831 244 2861 nus
271 2821 311 2869 5,
343 2821 382 2868 6,
412 2821 444 2861 2
464 2820 693 2872 postquam
714 2816 764 2858 de
784 2816 1008 2870 prioribus
1038 2815 1243 2857 uxoribus
1273 2815 1513 2857 nominibus
1541 2814 1704 2857 omissis
1731 2813 1892 2856 similia

167 2886 369 2937 tradidit,
408 2885 530 2928 addit
567 2886 697 2943 τρίτην
739 2886 783 2926 δὲ
818 2885 934 2926 πάλιν
972 2885 1143 2940 ἠγάγετο
1182 2883 1458 2941 ἀναφέρουσαν
1498 2885 1542 2926 τὸ
1571 2883 1685 2940 γένος
1715 2883 1757 2929 ἐς
1785 2880 1891 2938 Κόμ-

167 2957 300 3013 μοδον.
369 2954 477 2997 Fuit
515 2968 614 3009 erqo
652 2953 803 2996 Annia
830 2952 1049 2994 Faustina
1089 2951 1185 3006 fllia
1218 2952 1323 3009 (Ti.)
1361 2951 1544 2999 Claudii
1583 2951 1753 3000 Severi,
1786 2963 1891 3003 pro-

165 3024 303 3079 neptis
336 3022 486 3066 Marci
521 3022 813 3078 imperatoris,
851 3035 962 3063 uxor
1001 3020 1227 3074 Pomponii
1254 3019 1398 3064 Bassi.
1461 3021 1590 3074 Quem
1619 3019 1665 3062 E
1669 3017 1893 3073 laqabalus

168 3107 261 3135 eum
290 3106 330 3135 a.
351 3094 438 3136 218
472 3091 707 3142 occidisset,
747 3104 860 3133 anno
898 3092 1051 3144 quarto
1080 3089 1342 3144 Aeqyptiaeo
1379 3090 1550 3144 imperii
1589 3090 1724 3145 (intra
1764 3088 1803 3131 d.
1833 3092 1892 3132 29

166 3175 221 3203 m.
250 3161 363 3215 Auq.
405 3175 445 3203 a.
474 3164 564 3204 220
604 3163 644 3202 et
683 3160 723 3202 d.
753 3162 813 3203 28
850 3173 905 3200 m.
936 3158 1047 3212 Auq.
1090 3172 1129 3200 a.
1165 3157 1271 3212 221)
1301 3157 1524 3211 Aquiliam
1560 3171 1734 3200 umorem
1773 3157 1893 3199 duoeit

167 3229 400 3283 reiecitque,
432 3228 529 3271 dein
556 3229 633 3271 sub
663 3228 790 3283 finem
821 3227 926 3270 anni
953 3226 1099 3280 quarti
1122 3226 1231 3281 (eum
1256 3226 1473 3268 rarissimi
1489 3225 1712 3268 videantur
1732 3226 1895 3267 nummi

168 3296 407 3339 Faustinae
435 3300 635 3351 quartum
664 3310 822 3339 annum
847 3294 1111 3348 indicantes),
1142 3294 1190 3336 id
1209 3297 1268 3336 est
1287 3294 1427 3336 media
1447 3294 1535 3348 fere
1555 3297 1713 3336 aestate
1743 3308 1782 3337 a.
1804 3297 1892 3337 221

170 3365 215 3407 F
213 3365 438 3416 (tustinum,
469 3379 597 3419 quam
617 3365 754 3419 paulo
775 3367 877 3419 post
904 3362 1156 3417 repudiavit,
1187 3366 1234 3404 ut
1262 3362 1484 3416 Aquiliam
1514 3362 1740 3404 reduceret.
