2202 3730
259 291 497 329 COCCEIVS
1120 283 1202 325 428
1821 292 2057 329 GOCCEIVS

344 423 388 463 in
407 421 516 463 libro
541 419 758 462 CXXVII
778 421 876 459 teste
898 417 1091 467 laudata·
1123 421 1179 468 at,
1208 418 1329 460 modo
1349 422 1458 461 recte
1485 433 1683 462 numerus
1714 421 1815 463 libri
1844 422 2056 473 tradatur,

342 489 578 543 Porphyrio
598 487 710 540 falso
731 499 814 527 non
836 485 894 527 ad
918 486 1191 528 Tarentinum
1210 487 1368 540 foedus,
1385 488 1459 530 sed
1478 488 1535 530 ad
1552 489 1860 532 Brundisinum
1879 491 2059 533 satiram

342 556 519 599 Horatii
555 553 728 596 rettulit.
790 552 905 594 Nam
942 567 991 594 ex
1022 554 1238 607 periochis
1277 554 1481 597 librorum
1521 557 1636 598 Isivii
1674 561 1868 612 apparet,
1910 558 2059 612 foedus

347 623 619 667 Tarentinum
650 621 756 662 libro
788 620 1004 662 centesimo
1033 621 1225 664 vicesimo
1257 625 1399 665 octavo
1425 623 1585 666 demum
1609 626 1837 667 memorari
1856 627 2057 680 potuisse.

425 690 584 732 Frater
611 688 773 730 videtur
805 686 870 729 M.
901 687 1047 730 Coccei
1078 689 1246 732 Nervae
1277 691 1457 733 consulis
1488 706 1526 734 a.
1551 695 1630 734 718
1649 713 1705 727 =
1725 697 1780 735 36
1810 694 1862 748 cf.
1893 709 1934 736 n.
1959 697 2056 745 971.

342 760 573 813 Perperam
604 756 759 798 dicitur
788 770 896 797 avus
926 756 1097 798 Nervae
1128 758 1201 812 qui
1232 758 1460 814 imperavit
1481 759 1689 815 Porphyr.
1720 761 1747 803 l.
1779 761 1804 803 l.
1826 786 1883 791 -—
1905 762 2058 804 Coccei

344 827 458 880 villa,
491 839 603 881 quae
633 838 761 879 super
792 830 855 865 est
886 823 1024 866 Caudi
1056 839 1272 881 cauponas
1302 827 1457 869 Horat.
1490 827 1516 871 l.
1548 828 1574 870 l.
1605 842 1641 871 v.
1671 831 1726 871 50
1749 842 1808 883 sq.

258 898 336 938 971
371 902 422 937 M.
455 899 692 935 COCCEIVS
723 898 917 942 NERVA,
950 892 1099 935 consul
1130 908 1242 935 anno
1275 895 1356 936 718
1388 915 1443 929 Ξ
1473 896 1527 938 36
1557 911 1595 938 a.
1627 896 1676 938 C.
1708 912 1806 939 cum
1834 898 1886 940 L.
1919 897 2059 942 Gellio

343 962 574 1020 Poplicola.
607 961 804 1003 Nummi:
826 963 868 1016 a)
891 961 936 1002 in
958 961 1136 1003 adversa
1156 966 1285 1016 caput
1305 963 1370 1007 M.
1389 963 1571 1006 Antoni-i
1590 964 1825 1007 exhibentes
1845 966 2062 1020 inscripti:

344 1032 403 1074 M.
426 1031 527 1073 Ant.
550 1031 650 1085 imp.
683 1043 781 1082 aug.
812 1029 952 1070 Illvir
981 1045 1015 1071 r.
1047 1044 1088 1085 p.
1120 1045 1155 1073 c.
1187 1030 1246 1072 M.
1273 1031 1419 1073 Nerva
1448 1047 1568 1088 proq.
1600 1048 1652 1089 p.,
1683 1034 1730 1075 i'n
1761 1047 1909 1077 aversa
1937 1037 2063 1088 caput

342 1102 392 1142 L.
423 1099 624 1141 Antonii:
663 1098 714 1139 L.
747 1097 960 1139 Antonius
1001 1113 1086 1145 cos.
1118 1098 1331 1149 Babelon,
1373 1100 1599 1143 Monnaies
1639 1101 1687 1143 de
1727 1101 1771 1143 la
1800 1101 2063 1156 Re‘publique

343 1167 552 1211 Romaine
571 1167 605 1208 I
618 1180 665 1220 p.
693 1168 777 1207 367
801 1179 843 1207 n.
873 1169 922 1216 1;
952 1165 998 1220 2)
1039 1166 1183 1208 eadem
1223 1167 1400 1209 adversa
1437 1169 1525 1210 nisi
1561 1169 1670 1222 quod
1707 1169 1965 1224 adscriptum
2004 1173 2065 1211 est

343 1237 400 1278 M.
430 1236 575 1277 Nerva
604 1249 644 1289 q.
678 1248 730 1289 p.,
763 1234 809 1275 in
840 1247 988 1275 aversa
1018 1237 1145 1287 caput
1181 1234 1226 1278 O.
1255 1234 1454 1277 Caesaris
1485 1250 1577 1278 cum
1605 1237 1878 1292 inscriptione
1906 1237 2067 1280 Caesar

344 1306 445 1359 imp.
477 1309 593 1359 pont.
625 1302 764 1343 IIIvir
794 1316 828 1344 r.
859 1316 901 1357 p.
934 1317 969 1344 c.
1000 1301 1194 1344 Babelon
1222 1317 1263 1344 n.
1286 1307 1328 1345 2.

428 1372 484 1414 In
521 1370 764 1412 consulatu:
802 1369 861 1413 M.
895 1369 1102 1412 Cocceius
1141 1370 1288 1412 Nerva
1325 1370 1414 1413 Dio
1452 1372 1540 1414 ind.
1581 1372 1608 1415 Z.
1645 1376 1724 1424 49;
1761 1373 1821 1415 M.
1856 1373 2063 1416 Cocceius

345 1440 452 1495 fasti
479 1439 578 1481 min.
611 1437 733 1480 VIII
756 1436 854 1480 CIL
882 1438 916 1479 I
920 1438 936 1462 2
960 1453 1007 1492 p.
1039 1441 1103 1489 65,
1143 1438 1408 1491 Cassiodor.;
1447 1440 1506 1482 M.
1538 1440 1693 1483 Coceio
1724 1440 1815 1496 (sic)
1846 1442 1880 1484 Ι
1903 1444 1982 1484 795
2016 1443 2063 1484 in

346 1513 502 1551 tessera
542 1505 828 1560 yladiatoria;
871 1505 1075 1548 Cocceius
1119 1507 1266 1549 Nerva
1304 1506 1392 1550 Dio
1422 1511 1489 1559 49,
1518 1511 1556 1559 1,
1598 1512 1777 1551 ceterum
1812 1509 1968 1552 Nerva.
2009 1534 2062 1540 -—

345 1577 404 1620 M.
436 1576 582 1617 Nerva
610 1574 781 1616 nummi.
1443 1588 1445 1590 ’

433 1642 682 1697 Q(uaestor)
703 1656 745 1683 n.
762 1645 804 1696 2,
827 1656 905 1697 pro
928 1642 1192 1698 q(uaest0re)
1215 1658 1325 1685 anno
1344 1645 1426 1687 713
1448 1663 1501 1678 =
1522 1645 1573 1687 41
1598 1660 1635 1687 a.
1654 1644 1702 1687 C.
1726 1659 1767 1687 n.
1789 1648 1838 1696 1;
1859 1660 1898 1701 p.
1921 1646 2064 1688 littera

339 1715 440 1767 post
478 1726 518 1767 q.
558 1710 660 1764 quid
695 1710 905 1764 siqnificet
944 1724 1028 1752 non
1068 1714 1231 1753 constat
1241 1725 1254 1763 ‚·
1281 1726 1510 1766 perperam
1537 1714 1703 1755 omnino
1734 1713 1834 1767 leyit
1870 1713 2062 1756 Babelon

350 1778 677 1837 p(rovincialis),
719 1778 816 1834 p(r0
848 1779 1066 1834 praetore)
1095 1784 1379 1833 proposuerat
1407 1780 1568 1823 Eckhel
1597 1781 1677 1823 IV
1687 1796 1734 1835 p.
1764 1784 1862 1824 248.
1893 1806 1951 1811 --
1979 1781 2065 1823 Hic

348 1849 511 1890 videtur
550 1846 683 1888 frater
723 1847 772 1890 L.
804 1846 997 1901 Nervae,
1040 1862 1168 1903 quem
1208 1849 1251 1888 in
1286 1850 1469 1901 gratiam
1511 1849 1636 1891 Lucii
1677 1850 1866 1891 servavit
1905 1849 2067 1892 Caesar

345 1917 536 1971 Appian.
560 1914 652 1956 bell.
674 1915 748 1956 civ.
769 1916 807 1964 5,
831 1917 905 1966 61;
936 1914 1075 1956 eodem
1098 1916 1313 1969 pertinent
1340 1917 1468 1958 verba
1498 1917 1681 1960 Senecae
1712 1917 1761 1959 de
1791 1917 1904 1960 clem.
1927 1921 1965 1968 1,
1990 1921 2066 1960 10:

349 1983 606 2039 (Augustus)
627 1981 897 2024 ‘Sallustium
917 1988 958 2023 et
980 1982 1182 2025 Cocceios
1205 1989 1246 2025 et
1266 1982 1431 2025 Dellios
1454 1990 1496 2025 et
1516 1989 1649 2026 totam
1665 1984 1882 2026 cohortem
1901 1986 2065 2042 primae

349 2051 619 2094 admissionis
659 2065 714 2091 ex
751 2050 1095 2092 adversariorum
1137 2052 1287 2093 castris
1328 2053 1596 2108 conscripsit'
1631 2055 1727 2106 etc.,
1769 2053 1846 2095 ubi
1883 2068 1932 2095 ex
1972 2067 2065 2113 con-

348 2124 462 2163 textu
502 2122 681 2174 apparet
721 2118 907 2160 Nervam
945 2119 1150 2172 quendam
1195 2122 1343 2162 contra
1383 2119 1607 2162 Gaesarem
1642 2134 1876 2175 puynasse,
1913 2126 2066 2177 postea

349 2189 512 2231 veniam
544 2187 596 2229 ab
629 2200 674 2229 eo
703 2187 960 2241 impetrasse.
1019 2187 1081 2229 Et
1107 2188 1197 2229 veri
1230 2191 1290 2229 est
1318 2188 1452 2230 simile
1484 2188 1550 2230 M.
1583 2188 1769 2230 Nervam
1800 2189 1904 2232 bello
1934 2190 2067 2232 Peru-

351 2258 443 2299 sino
474 2271 502 2298 a
523 2255 726 2310 partibus
752 2255 804 2297 L.
835 2254 1018 2296 Antonii
1044 2256 1216 2299 stetisse.
1263 2255 1426 2298 Consul
1456 2271 1493 2300 a.
1518 2257 1598 2298 718
1620 2276 1675 2291 =
1695 2258 1750 2299 36
1778 2270 1815 2300 v.
1845 2271 1990 2312 supra.
2014 2283 2065 2288 —-

352 2325 471 2368 Idem
490 2324 653 2366 videtur
673 2324 732 2365 M.
756 2323 961 2366 Cocceius
984 2324 1300 2380 quindecimvir
1322 2325 1454 2367 sacris
1475 2325 1687 2368 faciundis
1709 2341 1820 2368 anno
1844 2327 1924 2370 737
1943 2347 1997 2362 Ξ
2015 2327 2066 2370 17

353 2408 390 2435 a.
422 2392 469 2435 C.
503 2395 600 2434 acta
627 2391 882 2442 saecularia,
905 2395 1035 2446 pater
1064 2393 1153 2434 eius
1182 2393 1255 2446 qui
1283 2393 1481 2446 sequitur.

225 2462 351 2530 ἰἈΕΥ72
381 2468 432 2502 M.
466 2466 702 2502 OOCCEIVS
742 2467 935 2514 NERVA,
978 2460 1128 2502 consul
1159 2459 1372 2516 (suffectus
1403 2464 1499 2503 ante
1530 2475 1685 2503 annum
1714 2466 1773 2505 24
1793 2477 1841 2516 p.
1871 2462 1935 2518 O.)
1970 2478 2069 2506 cum

356 2529 405 2572 C.
435 2528 566 2571 Vibio
598 2528 768 2570 Rufino.
801 2553 852 2557 -
886 2529 1155 2571 Memoratur
1183 2530 1230 2571 in
1258 2529 1404 2583 fistula
1423 2530 1628 2584 plumbea
1653 2531 1823 2573 urbana
1842 2532 2069 2582 Lanciani,

353 2596 507 2651 sylloye
539 2597 721 2650 aquaria
749 2611 791 2639 n.
811 2599 895 2638 567
903 2611 943 2638 a.

442 2664 582 2706 Plena
614 2665 788 2706 nomina
827 2667 971 2706 extant
1000 2665 1045 2706 in
1085 2664 1326 2706 consulatus
1354 2665 1610 2708 indicatione
1641 2666 1709 2709 VI
1724 2669 1842 2709 1539.
1873 2670 1995 2719 9005,
2025 2669 2072 2711 in

357 2732 513 2787 fistula,
546 2733 662 2786 apud
688 2732 967 2784 Frontinum;
998 2735 1176 2774 ceterum
1207 2732 1413 2775 Cocceius
1444 2734 1592 2776 Nerva
1620 2735 1706 2776 sive
1735 2735 1894 2778 Nerva.

442 2800 502 2841 M.
533 2800 561 2844 f.
594 2800 662 2842 VI
683 2803 802 2851 1539,
833 2801 949 2856 filius
984 2804 1031 2842 ut
1059 2800 1224 2842 videtur
1254 2802 1319 2844 M.
1349 2801 1516 2844 Nervae
1546 2802 1726 2845 consulis
1756 2817 1796 2845 a.
1829 2806 1908 2846 718
1935 2824 1991 2839 =
2019 2808 2074 2848 36

360 2883 398 2912 a.
432 2867 475 2912 O.
541 2868 702 2911 Consul
742 2869 955 2924 (suffectus
996 2883 1106 2911 anno
1145 2870 1302 2912 incerto
1348 2870 1509 2912 Tiberii
1547 2874 1643 2913 ante
1682 2885 1722 2912 a.
1752 2873 1826 2926 24)
1867 2871 1934 2914 VI
1953 2876 2072 2925 1539,

360 2951 504 2978 mense
534 2935 729 2991 Augusto
763 2937 831 2979 VI
852 2940 986 2989 9005,·
1015 2936 1250 2979 consularis
1287 2937 1372 2980 Tac
1402 2952 1441 2982 a.
1466 2941 1505 2989 4,
1531 2941 1597 2982 58.
1649 2938 1834 2981 Curator
1863 2954 2073 2996 aquarum
2150 2984 2153 2987 .

361 3019 398 3047 a.
430 3005 598 3047 24—-33
626 3004 824 3049 Frontin.
857 3006 906 3048 de
937 3020 1002 3060 aq.
1028 3009 1114 3049 102
1123 3019 1136 3057 ;
1167 3005 1225 3047 ad
1252 3005 1360 3048 hanc
1390 3020 1536 3048 curam
1556 3007 1744 3062 pertinet
1771 3008 1917 3062 fistula
1944 3022 2076 3064 supra

360 3076 602 3115 memorata.
663 3072 790 3115 Anno
821 3075 875 3116 26
905 3074 1129 3116 Tiberium
1163 3074 1206 3115 in
1239 3072 1518 3130 Campaniam
1549 3074 1821 3117 'secedentem
1852 3077 2076 3121 comitatus

364 3147 428 3182 est
449 3141 545 3184 Tac,
569 3155 608 3184 a.
628 3144 666 3191 4,
687 3143 767 3192 5s;
789 3140 962 3184 Caesari
981 3141 1339 3183 familiarissimus
1356 3142 1613 3197 Pomponius
1632 3142 1797 3197 Diyest.
1816 3147 1854 3194 1,
1876 3147 1919 3194 2,
1941 3147 1984 3195 2,
2005 3147 2075 3188 48.

290 3229 292 3232 v
364 3208 490 3250 Anno
520 3210 575 3251 33
615 3223 710 3250 cum
750 3210 977 3252 continuus
1005 3209 1179 3252 Tiberio
1210 3209 1381 3265 fuisset,
1424 3211 1589 3265 integro
1630 3217 1764 3266 statu,
1807 3226 1987 3267 corpore
2015 3213 2077 3255 in-

364 3275 480 3318 laeso
510 3276 718 3318 moriendi
750 3277 974 3320 consilium
1004 3278 1119 3333 cepit
1149 3284 1200 3332 et,
1234 3293 1495 3335 quamquam
1518 3279 1721 3321 Tiberius
1742 3279 1781 3320 ei
1808 3293 2077 3336 summopere

367 3343 676 3399 refragabatur,
708 3346 839 3387 vitam
871 3346 1015 3387 inedia
1043 3346 1183 3387 finivit
1218 3346 1314 3390 Tac.
1347 3360 1386 3388 a.
1418 3349 1457 3397 6,
1487 3349 1558 3396 26,
1588 3346 1676 3388 Dio
1704 3349 1771 3397 58,
1801 3350 1873 3390 21.
