2202 3730
252 270 512 307 CAECILIVS
1107 261 1190 304 248
1788 268 2053 305 CAECILIVS

333 404 373 452 3,
393 399 433 450 4,
454 403 498 443 2.
521 402 548 440 7
555 412 569 450 ;
598 402 636 448 6,
655 401 727 448 29,
748 400 788 440 8.
813 421 864 426 -
888 396 1019 440 Casta
1047 411 1158 439 uxor
1183 397 1268 439 ibd.
1289 400 1327 447 3,
1350 400 1389 448 9,
1410 401 1482 448 29,
1515 397 1695 441 Cluvius
1725 399 1890 441 Fuscus
1920 412 2054 453 gener

335 468 420 512 ibd.
451 467 483 521 ἕ
510 469 575 508 18.

251 539 303 580 27
335 543 387 578 Μ.
435 540 696 576 CAECILIVS
743 539 1001 575 OORNVTVS
1052 536 1310 575 memoratur
1363 533 1410 575 in
1462 534 1598 588 cippis
1651 534 1943 577 terminalibus
1983 534 2051 577 VI

338 606 447 647 1267
455 617 493 644 a.
519 603 542 644 b
574 600 631 656 (1)
677 605 716 643 et
758 601 995 643 Bullettino
1041 601 1256 643 eomunale
1294 604 1402 644 1886
1435 616 1482 656 p.
1516 605 1606 645 277
1641 616 1682 644 n.
1714 605 1825 645 1273
1855 602 1941 658 (2),
1982 604 2055 656 qui

334 671 504 714 termini
542 670 599 712 ad
637 682 770 712 annos
801 670 972 723 priores
1013 669 1180 723 imperii
1214 670 1376 711 Tiberii
1413 670 1626 723 referendi
1661 683 1746 712 esse
1775 670 1968 713 videntur
1997 671 2052 724 ef.

333 738 504 782 Heneen
543 737 601 780 ad
638 740 666 781 t.
705 741 743 779 1.
783 761 841 766 —
880 736 1144 779 Praenomen
1193 737 1384 780 eoehibent
1433 739 1519 788 tit.,
1571 737 1785 780 Caecilius
1838 738 2053 781 Cornutus

340 808 438 850 Tac.
469 821 509 850 a.
538 810 577 857 4,
602 808 674 849 28.

420 874 666 917 Praetorius
696 889 734 917 a.
757 874 813 915 24
848 873 945 915 Tae.
972 872 998 915 l.
1023 872 1048 915 l.
1110 872 1199 916 Sub
1230 873 1400 915 initium
1427 873 1597 928 imperii
1630 875 1790 917 Tiberii
1815 878 1863 916 ut
1890 874 2054 917 videtur

335 944 416 985 fuit
445 944 557 984 inter
587 942 778 997 quinque
809 947 1030 982 curatores
1060 940 1254 983 locorum
1284 941 1554 997 publicorum
1583 942 1935 997 iudicandorum,
1979 944 2051 999 qui

336 1027 391 1053 ex
419 1016 591 1052 senatus
622 1008 816 1051 consulto
846 1010 1017 1064 privata
1047 1010 1108 1072 inx
1122 1008 1347 1065 publicum
1378 1011 1659 1052 restituerunt
1690 1013 1717 1052 t.
1749 1013 1774 1052 1
1810 1007 1903 1062 (ubi
1931 1000 2053 1053 tertio

335 1079 422 1122 loco
441 1077 716 1131 nominatur),
749 1081 780 1120 2
810 1077 901 1132 (ubi
928 1076 1138 1131 seeundo).
1189 1077 1284 1130 Qua
1313 1091 1418 1119 eura
1437 1079 1699 1131 quaestorius
1730 1092 1787 1120 an
1807 1079 2054 1132 praetorius

333 1148 503 1201 functus
538 1147 605 1197 sit,
637 1146 840 1188 incertum
870 1148 941 1187 est.
1001 1144 1053 1187 A.
1086 1146 1142 1188 24
1172 1161 1197 1187 a
1227 1145 1355 1187 Vibio
1388 1145 1549 1189 Sereno
1587 1147 1754 1188 iuniore
1783 1146 2053 1188 insimulatus

334 1216 378 1257 in
409 1215 631 1257 Tiberium
662 1214 927 1267 coniurasse,
962 1214 1065 1270 quia
1094 1213 1334 1269 periculum
1362 1228 1440 1269 pro
1473 1214 1604 1256 exitio
1632 1214 1841 1269 habebat,
1873 1220 2054 1256 mortem

335 1285 378 1325 in
409 1298 454 1325 se
483 1283 703 1324 festinavit
729 1282 826 1324 Tae.
850 1281 875 1323 l.
899 1281 925 1325 l.
946 1306 1004 1311 —-
1035 1281 1295 1323 Nominatur
1321 1282 1419 1324 Tae.
1443 1296 1483 1324 a.
1503 1286 1542 1332 4,
1564 1285 1630 1326 30.
1656 1307 1707 1312 -—
1735 1282 1803 1336 Cf.
1834 1296 1873 1326 n.
1895 1285 1965 1326 28.

249 1352 304 1394 28
332 1358 384 1393 Μ.
412 1356 673 1393 CAECILIVS
706 1356 976 1404 CORNVTVS,
1009 1349 1143 1391 frater
1164 1349 1338 1391 Arvalis
1368 1353 1624 1392 memoratur
1655 1350 1698 1392 in
1730 1351 1838 1392 actis
1866 1350 2054 1404 fratrum

332 1420 558 1462 Arvalium
585 1419 766 1473 Ephem.
799 1433 860 1473 ep.
891 1421 919 1460 8
946 1433 992 1472 p.
1013 1421 1094 1460 316
1122 1418 1194 1473 (1),
1236 1433 1341 1472 quae
1373 1422 1552 1473 propter
1592 1419 1830 1461 litterarum
1869 1419 2054 1472 formam

337 1503 377 1531 a.
397 1489 487 1542 fere
508 1488 683 1530 733l734
700 1507 754 1521 -τ
768 1487 900 1530 21Χ2Ο
923 1501 961 1530 a.
982 1486 1028 1529 C.
1052 1487 1201 1529 tribuit
1216 1487 1392 1541 szsen,
1415 1487 1462 1529 in
1483 1488 1589 1529 actis
1611 1502 1650 1530 a.
1663 1491 1715 1529 14
1738 1487 1962 1530 V12023a
1977 1486 2052 1542 (2),

333 1571 372 1600 a.
403 1559 461 1599 20
490 1556 668 1610 Epliem.
700 1570 762 1609 ep.
791 1558 821 1598 8
840 1569 889 1609 Ρ.
909 1557 992 1596 318
1021 1554 1094 1610 (3),
1127 1569 1166 1596 a.
1197 1558 1254 1598 21
1286 1554 1354 1597 VI
1374 1555 1527 1598 2023ῖ)
1559 1555 1631 1611 (4).
1661 1580 1718 1584 —
1753 1555 1857 1597 Tria
1882 1555 2056 1598 nomina

335 1624 498 1666 exhibet
529 1627 556 1665 t.
583 1626 622 1674 3,
651 1623 709 1667 M.
734 1622 952 1665 Cornutus
983 1626 1011 1664 t.
1036 1626 1079 1673 2,
1113 1655 1123 1665 .
1143 1656 1152 1664 .
1172 1655 1181 1665 .
1198 1656 1206 1664 .
1241 1622 1457 1665 Cornutus
1489 1626 1516 1665 t.
1540 1627 1580 1673 4,
1614 1656 1623 1665 .
1645 1656 1654 1665 .
1672 1656 1680 1665 .
1698 1629 1877 1665 ornutus
1907 1627 1935 1666 t.
1957 1627 1996 1666 1.

429 1691 481 1735 Vt
518 1694 626 1734 reete
661 1691 825 1734 Hillsen
855 1691 903 1733 de
935 1693 1071 1733 aetate
1101 1693 1129 1732 t.
1156 1694 1182 1732 1
1212 1691 1472 1741 iudicaverit,
1517 1691 1582 1734 M.
1612 1690 1842 1741 Cornutus,
1884 1691 1958 1745 qui
1993 1692 2057 1733 ibi

334 1763 602 1810 memoratur,
635 1763 742 1801 certe
773 1759 960 1801 diversus
988 1759 1073 1813 fuit
1102 1773 1140 1800 a.
1174 1759 1239 1803 M
1272 1758 1454 1801 Cornuto
1475 1760 1699 1813 praetorio
1728 1773 1770 1801 n.
1799 1763 1869 1810 27,
1893 1760 2054 1814 proba-

337 1828 477 1871 biliter
509 1831 638 1882 pater
680 1827 816 1871 huius.
879 1826 967 1869 Sed
996 1830 1128 1881 pater
1173 1841 1229 1869 an
1272 1827 1388 1881 filius
1432 1826 1730 1881 intelleyendus
1768 1828 1825 1869 sit
1863 1827 1910 1870 in
1948 1828 2055 1870 actis

336 1910 375 1938 a.
407 1899 471 1939 14.
502 1899 574 1940 20.
605 1898 675 1946 21,
705 1895 827 1937 nulla
854 1895 1021 1937 ratione
1040 1898 1182 1949 potest
1212 1895 1393 1949 definiri.

250 1965 304 2007 29
336 1965 436 2008 Sex.
479 1963 690 2007 Caecilius
732 1962 941 2006 Crescens
982 1963 1266 2017 Volusianus,
1312 1962 1365 2015 Q.
1397 1962 1448 2018 f.,
1482 1963 1597 2005 tribu
1627 1962 1774 2018 Quin,
1809 1962 2054 2019 praefectus

336 2032 530 2086 fabrum,
572 2032 807 2074 advocatus
848 2031 940 2073 fisci
982 2033 1164 2086 Romae,
1207 2038 1461 2087 procurator
1499 2031 1590 2073 XX
1630 2031 1955 2086 hereditatium,
1998 2031 2053 2074 ab

336 2100 533 2157 epistulis
556 2100 644 2142 divi
667 2099 888 2150 Antonini,
922 2099 976 2141 ab
997 2099 1191 2155 epistulis
1213 2098 1510 2153 Augustorum
1532 2099 1588 2152 (a.
1610 2100 1833 2154 161s169);
1855 2099 2054 2141 sacerdos

335 2170 454 2210 curio
506 2169 638 2210 sacris
685 2167 915 2216 faciendis,
967 2174 1175 2223 patronus
1219 2168 1443 2223 municipii
1490 2167 1814 2221 (Thuburbonis
1858 2168 2053 2223 minoris)

333 2237 456 2280 VIII
477 2240 584 2278 1174
614 2239 642 2278 t.
678 2235 1027 2278 Thuburbitanus
1054 2235 1225 2289 publice
1246 2236 1427 2289 positus.

247 2307 302 2348 30
333 2304 543 2348 Caecilius
574 2305 864 2358 Dextrianus,
906 2309 1160 2360 procurator
1191 2303 1370 2358 (Augg.)
1412 2318 1450 2345 a.
1484 2304 1558 2345 161
1594 2303 1641 2345 in
1670 2303 1816 2358 fistula
1849 2303 2053 2358 plumbea

331 2374 502 2415 urbana
530 2373 755 2423 Lanoiani,
787 2372 941 2427 sylloye
973 2372 1157 2426 aquaria
1185 2385 1226 2414 n.
1248 2374 1342 2415 108.

248 2443 299 2484 31
334 2441 386 2494 Q.
419 2439 631 2483 Caecilius
663 2441 853 2496 Epirota,
886 2440 1201 2494 grammaticus,
1235 2438 1414 2481 Tusculi
1444 2445 1583 2490 natus,
1614 2438 1797 2480 libertus
1828 2439 1895 2492 (T.
1926 2439 2054 2481 Pom-

334 2510 469 2565 ponii)
519 2508 674 2562 Attici,
725 2522 821 2550 cum
871 2507 1004 2549 filiam
1053 2508 1223 2563 patroni
1269 2513 1447 2562 nuptam
1492 2506 1551 2550 M.
1595 2506 1824 2562 Agrippae>
1862 2507 2048 2562 deceret,

336 2582 557 2632 suspectus
588 2577 631 2616 in
663 2591 714 2617 ea
746 2582 788 2617 et
818 2576 872 2618 ob
904 2575 985 2617 hoc
1015 2582 1202 2617 remotus
1235 2575 1289 2616 ad
1313 2574 1562 2617 Cornelium
1594 2573 1767 2617 Gallum
1798 2590 1843 2616 se
1873 2575 2055 2618 contulit

334 2646 529 2700 vixitque
580 2659 665 2685 una
712 2643 1069 2696 familiarissime3
1119 2649 1217 2699 post
1261 2644 1382 2685 cuius
1427 2649 1609 2685 mortem
1653 2643 1816 2685 Romae
1865 2642 2051 2685 scholam

334 2714 502 2769 aperuit
540 2713 788 2768 primusque
829 2712 986 2754 dicitur
1024 2711 1157 2754 latine
1198 2725 1253 2753 ex
1292 2717 1483 2767 tempore
1525 2711 1766 2767 disputasse
1804 2712 2054 2767 primusque

334 2780 576 2835 Vergilium
616 2787 659 2822 et
696 2780 802 2822 alios
847 2787 995 2837 poetas
1035 2794 1170 2822 novos
1209 2779 1458 2835 praelegere
1493 2780 1683 2835 coepisse
1714 2778 1884 2822 Sueton.
1911 2793 2054 2833 yram-

329 2851 430 2890 mat.
461 2851 525 2890 16.

249 2917 302 2958 32
332 2923 378 2958 A.
413 2922 671 2958 CAECILIVS
703 2907 979 2958 FAVSTINVS
1010 2919 1268 2959 memoratur
1298 2916 1344 2958 in
1378 2915 1676 2970 diplomatibus
1704 2913 1792 2956 mil.
1824 2928 1864 2956 a.
1886 2916 1940 2956 99
1962 2914 2051 2956 III

334 2985 381 3028 S.
412 2984 551 3026 XXX
578 2984 660 3040 (1),
703 2999 741 3027 a.
773 2988 851 3028 105
889 2986 981 3027 III
1015 2985 1115 3039 dipl.
1147 2988 1210 3028 22
1239 2985 1326 3040 (2);
1365 2985 1453 3039 ipSe
1482 2984 1630 3038 posuit
1675 2983 1867 3026 Traiano
1905 2997 1943 3025 a.
1973 2986 2055 3025 116

337 3055 363 3094 t.
398 3052 739 3094 Mactaritanum
770 3053 893 3095 VIII
917 3053 961 3096 S.
994 3055 1130 3095 11798
1160 3052 1231 3108 (3).

425 3120 529 3161 Tria
567 3120 740 3162 nomina
779 3121 972 3163 exhibent
1010 3124 1038 3163 t.
1067 3122 1106 3163 1.
1137 3124 1191 3172 2;
1231 3121 1279 3162 de
1320 3123 1346 3162 t.
1380 3123 1417 3170 3,
1458 3120 1534 3162 ubi
1569 3118 1783 3161 Caecilius
1821 3119 2053 3160 Faustinus

333 3190 439 3230 certe
471 3187 633 3240 leqitur,
666 3187 883 3230 adnotavit
903 3179 1094 3231 Schmidt
1114 3189 1411 3242 praenominis
1431 3188 1608 3242 vestiyia
1629 3201 1656 3229 a
1675 3200 1718 3228 se
1739 3189 1922 3241 excepta,
1955 3186 2052 3228 lieet

335 3255 470 3309 maqis
498 3255 738 3297 viderentur
768 3258 983 3299 convenire
1014 3270 1106 3299 eum
1134 3268 1184 3299 TI.
1207 3270 1333 3311 quam
1362 3270 1453 3298 eum
1483 3267 1534 3307 Α.,
1567 3258 1706 3298 tamen
1735 3255 1861 3297 etiam
1891 3254 1950 3296 ad
1976 3253 2054 3297 hoe

330 3322 542 3377 pertinere
564 3336 701 3376 posse.
