2202 3730
276 288 541 324 ANTISTIVS
1157 278 1213 320 86
1821 282 2084 319 ANTISTIVS
2166 320 2168 322 ,

278 420 362 462 594
391 425 444 460 Μ.
482 422 744 459 ANTISTIVS
788 420 953 456 LABEO
996 414 1278 467 (praenomen
1323 412 1505 454 servavit
1543 412 1781 467 Porphyrio
1828 412 1887 455 ad
1928 412 2082 456 Horat.

362 487 483 529 satir.
514 490 553 536 1,
583 489 621 535 3,
653 488 725 534 82,
768 486 946 525 ceterum
974 481 1189 524 Antistius
1220 480 1367 523 Labeo
1406 481 1492 523 sive
1531 480 1710 535 Labeo),
1751 480 1865 523 filius
1906 481 2086 523 Pacuvii

362 554 540 597 Antistii
579 552 794 596 Labeonis
834 550 1094 604 Pomponius
1132 549 1296 603 Diyest.
1327 552 1366 598 1,
1397 553 1441 599 2,
1471 551 1515 599 2,
1545 552 1600 591 49
1638 549 1693 603 of.
1732 548 1845 592 Gen.
1875 552 1914 599 5,
1944 552 2015 604 21,
2045 552 2085 600 4,

363 623 438 678 qui
469 627 511 663 et
540 622 632 677 ipse
663 621 756 662 iure
784 618 1005 661 consultus
1036 623 1132 674 post
1159 630 1352 674 pugnam
1381 616 1498 674 apud
1529 616 1752 674 Philippos
1788 633 1834 659 se
1870 619 2089 660 interemit

363 690 555 744 Appian.
589 689 681 732 bell.
714 688 789 730 civ.
820 691 858 738 4,
890 689 970 729 135
980 700 994 738 ,·
1032 692 1206 728 senatus
1246 685 1450 740 lectione,
1493 700 1590 728 cum
1630 686 1700 727 vir
1728 686 1874 728 virum
1912 685 2086 741 legeret,

363 759 422 800 M.
454 756 670 814 Lepidum
711 755 812 798 olim
854 755 1020 797 hostem
1050 754 1240 809 Augusti
1282 760 1325 796 et
1363 760 1468 796 tunc
1499 753 1745 796 exulantem
1774 753 1882 809 legit
1915 754 2087 798 Sueton.

359 826 538 881 Auyust.
558 828 613 868 54
633 825 687 878 ef.
707 826 772 874 35,
796 823 884 866 Dio
903 825 968 873 54,
991 825 1043 866 15
1065 836 1177 865 anno
1199 821 1386 866 725l726
1406 842 1462 857 =
1481 821 1615 866 29l28
1636 836 1675 866 a.
1695 821 1741 865 O.
1765 822 1820 876 ef.
1838 822 2086 873 Mommsen,

363 908 430 936 res
464 896 606 948 qestae
636 892 717 934 div.
745 891 858 945 Auy.
887 906 935 945 p.
954 893 1031 941 35;
1072 894 1169 932 tunc
1208 891 1342 945 iqitwr
1380 890 1465 944 fuit
1502 890 1549 932 in
1588 893 1751 932 senatu.
1811 892 1932 933 Intra
1968 906 2088 947 prae-

366 969 507 1005 turam
529 962 648 1004 stetit
673 961 770 1003 Tae.
794 975 833 1002 a.
854 963 894 1010 3,
919 962 969 1002 75
980 973 993 1010 ;
1023 958 1171 1013 noluit,
1204 973 1303 1001 cum
1323 959 1550 1001 offerretur
1571 959 1610 1000 ei
1631 958 1686 1001 ab
1707 958 1906 1014 Augusto
1937 974 2088 1002 consu-

364 1030 490 1084 latus,
522 1044 606 1085 quo
638 1029 845 1071 suffectus
874 1027 1008 1082 fieret,
1041 1027 1248 1081 honorem
1282 1028 1503 1084 suscipere
1533 1027 1791 1082 Pomponius
1820 1028 1852 1083 §²
1881 1031 1947 1079 47,
1991 1043 2088 1071 cum

367 1099 592 1153 Augustus
623 1097 751 1140 Ateio
784 1096 984 1153 Capitoni
1025 1095 1294 1138 consulatum
1336 1095 1620 1138 accelerasset
1649 1096 1779 1152 (anno
1807 1098 1835 1139 5
1855 1110 1903 1150 p.
1932 1095 2010 1151 G),
2042 1102 2092 1138 ut

363 1167 610 1210 Labeonem
631 1166 881 1221 dignatione
901 1166 993 1207 eius
1015 1165 1290 1219 magistratus
1311 1166 1496 1207 anteiret
1516 1165 1614 1207 Tac.
1633 1179 1672 1207 a.
1690 1168 1730 1215 3,
1749 1167 1813 1207 75.
1852 1163 1974 1207 Obiit
1994 1171 2092 1221 post

364 1236 504 1291 legem
528 1235 710 1291 Papiam
738 1235 985 1290 Poppaeam
1015 1233 1089 1288 (ef.
1121 1232 1285 1287 Diyest.
1315 1235 1385 1282 24,
1406 1235 1446 1283 3,
1467 1235 1532 1283 64,
1554 1235 1594 1282 9,
1634 1231 1845 1287 leianus
1874 1233 1933 1275 ad
1961 1233 2092 1288 leyem

365 1304 531 1347 Iuliam
548 1307 587 1346 et
602 1303 789 1357 Papiam
808 1302 906 1345 ‘hoc
926 1301 1073 1344 Labeo
1094 1301 1218 1358 quasi
1239 1301 1445 1343 omissum
1467 1302 1511 1343 in
1531 1300 1627 1356 lege
1648 1300 1862 1355 adnotat’)
1885 1317 1921 1345 a.
1939 1302 1966 1344 9
1982 1317 2023 1359 p.
2041 1301 2090 1345 C.

367 1379 562 1427 rogatam
598 1378 641 1414 et
670 1377 770 1413 ante
795 1369 971 1413 Ateium
1002 1369 1258 1426 Capitonem
1287 1376 1507 1412 mortuum
1538 1384 1575 1412 a.
1607 1371 1674 1424 22,
1699 1369 1986 1424 probabiliter
2013 1371 2090 1414 sub

365 1441 491 1496 finem
523 1440 693 1494 imperii
721 1439 918 1494 Augusti,
952 1453 1044 1481 eum
1075 1438 1187 1480 alias
1222 1438 1413 1480 Tacitum
1444 1441 1618 1481 mortem
1647 1438 1736 1480 eius
1764 1442 2094 1482 memoraturum

366 1509 498 1563 fuisse
527 1509 617 1551 veri
642 1508 779 1550 simile
808 1508 877 1551 sit.
907 1532 966 1537 —
996 1508 1119 1550 onr
1147 1508 1327 1550 Neratia
1350 1506 1514 1562 Diyest.
1534 1510 1600 1558 34,
1622 1510 1665 1557 2,
1686 1510 1756 1557 32,
1779 1510 1817 1551 6.

452 1577 554 1620 Iure
594 1575 816 1619 consultus
857 1575 1142 1630 clarissimus,
1184 1576 1406 1618 institutus
1446 1591 1472 1617 a
1511 1574 1716 1618 Trebatio
1746 1575 1965 1630 Pompon.'
1985 1576 2011 1620 l.
2044 1576 2071 1618 l.
2081 1589 2094 1627 ,·

367 1645 513 1688 Labeo
544 1651 588 1688 et
617 1644 772 1701 Capito
804 1644 961 1687 decora
990 1645 1143 1687 aetatis
1164 1643 1367 1699 Augusti,
1400 1643 1477 1686 sed
1506 1643 1653 1686 Labeo
1685 1644 1937 1700 incorrupta
1965 1643 2093 1687 liber-

369 1720 457 1756 tate
496 1720 539 1756 et
577 1713 632 1755 ob
672 1713 717 1755 id
757 1713 871 1755 fama
911 1712 1170 1755 celebratior
1213 1713 1311 1755 Tae.
1355 1712 1381 1756 l.
1424 1712 1450 1754 Z.
1516 1712 1576 1754 Hi
1616 1711 1702 1754 duo
1742 1713 1931 1768 primum
1971 1713 2094 1769 quasi

369 1782 562 1824 diversas
591 1787 732 1824 sectas
762 1781 977 1835 fecerunt,
1022 1796 1122 1823 nam
1153 1780 1305 1823 Ateius
1337 1780 1490 1836 Capito
1524 1781 1570 1822 in
1600 1780 1689 1835 his,
1723 1795 1835 1837 quae
1866 1781 1905 1822 ei
1935 1780 2094 1824 tradita

371 1850 565 1905 fuerant,
607 1849 934 1906 perseverabat,
976 1849 1125 1892 Labeo
1164 1849 1328 1904 ingenii
1357 1848 1565 1905 qualitate
1600 1854 1642 1891 et
1670 1848 1830 1891 fiducia
1859 1848 2092 1904 doctrinae,

373 1919 447 1975 qui
489 1925 531 1961 et
570 1919 723 1960 ceteris
760 1919 901 1974 operis
942 1918 1179 1974 sapientiae
1219 1932 1395 1974 operam
1435 1916 1624 1971 dederat,
1658 1916 1846 1973 plurima
1888 1918 2096 1960 innovare

372 1986 537 2029 studuit
566 1986 795 2041 Pompon.,·
833 1987 939 2028 iuris
979 1985 1154 2042 quidem
1194 1985 1334 2028 civilis
1375 1984 1648 2042 disciplinam
1686 1985 1916 2042 principali
1952 1985 2095 2029 studio

374 2056 569 2097 exercuit
589 2061 632 2096 et
651 2053 971 2097 consulentibus
992 2054 1046 2096 de
1076 2055 1172 2096 iure
1201 2053 1372 2110 publice
1402 2054 1719 2110 responsitavit,
1751 2053 1828 2096 sed
1857 2060 2098 2097 ceterarum

374 2137 547 2179 quoque
576 2122 787 2165 bonarum
817 2123 976 2164 artium
1004 2137 1091 2175 non
1113 2137 1269 2178 expers
1300 2121 1382 2164 fuit
1413 2128 1455 2164 et
1484 2123 1529 2164 in
1557 2123 1884 2177 grammaticam
1914 2137 2008 2165 sese
2037 2128 2097 2165 at-

376 2206 459 2248 que
489 2190 757 2234 dialecticam
787 2191 1041 2247 litterasque
1070 2191 1337 2247 antiquiores
1378 2190 1639 2247 altioresque
1675 2196 1978 2247 penetraverat
2006 2190 2099 2233 lati-

375 2274 615 2316 narumque
656 2274 812 2302 vocum
855 2261 1043 2315 origines
1088 2261 1364 2316 rationesque
1401 2258 1688 2315 percalluerat
1723 2258 1833 2302 Geli.
1864 2263 1930 2310 13,
1961 2263 2028 2311 10,
2058 2263 2096 2302 1.

376 2328 593 2371 Iudicium
622 2328 738 2371 Ateii
767 2327 989 2385 Capitonis
1019 2329 1073 2371 de
1102 2328 1306 2371 Labeone
1338 2328 1534 2385 (mortuo)
1564 2328 1621 2372 id.
1643 2331 1708 2378 13,
1730 2331 1800 2379 12,
1821 2331 1921 2372 1-4.

462 2397 609 2439 Labeo
630 2396 863 2453 plurimum
884 2396 1037 2439 studiis
1059 2411 1234 2453 operam
1252 2396 1373 2438 dedit
1393 2402 1436 2438 et
1456 2402 1595 2439 totum
1616 2411 1777 2439 annum
1798 2397 1859 2439 ita
1878 2396 2096 2452 diviserat,

379 2471 426 2506 ut
455 2465 618 2507 Romae
645 2480 723 2507 sex
752 2464 975 2508 mensibus
1005 2480 1102 2507 cum
1132 2465 1335 2507 studiosis
1366 2470 1489 2519 esset,
1527 2479 1606 2506 sex
1632 2464 1850 2507 mensibus
1881 2464 2101 2508 secederet

379 2539 422 2575 et
461 2533 784 2575 conscribendis
823 2533 945 2575 libris
986 2548 1161 2590 operam
1201 2533 1346 2587 daret3
1388 2533 1535 2589 itaque
1574 2532 1750 2589 reliquit
1783 2532 2102 2589 quadringenta

379 2600 600 2643 volumina
629 2601 898 2655 Pomponius.
946 2602 1130 2658 Scripsit
1158 2601 1411 2644 Probabilia
1440 2600 1643 2654 (Πιῦανῶν
1674 2602 1803 2660 βιβλία
1831 2603 1934 2644 ὀκτώ
1965 2600 2102 2644 Index

379 2668 556 2723 Diyest„
587 2670 663 2711 ubi
689 2684 888 2712 numerus
917 2670 1031 2712 eadit
1061 2671 1108 2712 in
1138 2670 1271 2712 Pauli
1300 2669 1535 2724 epitomen),
1578 2668 1634 2711 ad
1673 2669 1862 2712 edictum
1890 2670 2101 2726 praetoris

383 2736 537 2779 urbani
568 2743 610 2778 et
639 2738 869 2793 peregrini,
901 2737 955 2779 ad
977 2737 1204 2780 duodecim
1224 2737 1407 2792 tabulas,
1438 2736 1570 2779 libros
1600 2751 1916 2793 responsorum,
1948 2739 2106 2795 epistu-

383 2804 543 2859 larum,
584 2804 638 2846 de
677 2806 772 2847 iure
810 2805 1053 2861 pontificio,
1095 2812 1192 2862 post
1230 2811 1414 2848 mortem
1452 2805 1545 2847 eius
1585 2805 1688 2847 editi
1730 2811 1829 2848 sunt
1863 2805 1986 2862 libri,
2028 2807 2103 2863 qui

383 2874 641 2929 posteriores
671 2873 979 2929 inscribuntur,
1013 2888 1196 2930 quorum
1231 2873 1440 2916 librorum
1470 2879 1557 2915 tres
1587 2874 1800 2928 continui,
1834 2875 2104 2917 tricensimus

383 2948 559 2984 octavus
591 2948 633 2984 et
662 2943 934 2984 tricensimus
964 2957 1103 2985 nonus
1134 2949 1176 2985 et
1197 2942 1583 2999 quadragensimus
1616 2945 1689 2985 etc.
1719 2940 1827 2986 Gell.
1854 2945 1920 2993 13,
1951 2946 2018 2994 10,
2048 2947 2104 2996 23

385 3011 631 3051 Posteriora
665 3002 911 3065 (epitomata
941 3025 968 3052 a
999 3011 1215 3067 Iauoleno)
1253 3010 1380 3053 index
1414 3009 1576 3064 Diyest.
1608 3013 1648 3052 et
1667 3010 1834 3064 passim
1863 3010 1909 3052 in
1937 3010 2100 3066 Diyest.

384 3077 648 3132 Fra-omenta
669 3078 921 3133 eolleyerunt
941 3079 1082 3130 Lenel,
1105 3079 1405 3134 Palinyenesia
1424 3080 1523 3128 502,
1556 3077 1766 3128 Huschke,
1789 3079 2102 3133 Iurisprudent.

386 3144 718 3188 Anteiustinian.
731 3161 779 3200 p.
797 3150 878 3188 110
896 3160 996 3202 sqq„
1028 3148 1077 3191 de
1096 3148 1266 3203 seriptis
1291 3147 1346 3200 of.
1366 3146 1556 3196 Perniee,
1580 3146 1647 3188 M.
1668 3145 1884 3189 Antistius
1903 3147 2047 3191 Labeo
2066 3149 2102 3191 I

388 3227 437 3267 p.
459 3215 513 3256 35
531 3226 616 3267 sqq.

479 3280 601 3333 Quod
628 3282 777 3323 scribit
804 3282 1016 3325 Horatius
1045 3286 1124 3325 sat.
1152 3286 1191 3334 1,
1212 3286 1251 3334 3,
1272 3285 1332 3326 82
1366 3281 1587 3324 ‘Labeone
1617 3282 1808 3323 insanior
1837 3282 1951 3324 inter
1979 3298 2105 3326 sanos

390 3348 573 3393 dicatur²
598 3348 804 3393 hominem
826 3349 1064 3393 Stoicorum
1085 3351 1263 3406 placitis
1285 3363 1414 3405 usque
1436 3349 1494 3392 ad
1521 3349 1734 3393 insaniam
1764 3348 1948 3393 deditum
1975 3351 2105 3406 siqni-
