2176 3750
82 338 265 376 AELIVS
964 336 1015 378 21
1713 341 1895 379 AELIVS

97 494 155 500 —-
197 469 348 512 Aelius
378 469 578 527 Pylades.

85 539 166 581 168
197 539 246 582 Ρ.
276 538 428 581 Aelius
459 540 810 596 Rasparaganus,
843 556 923 583 rex
953 541 1276 584 Roxolanorum
1309 542 1418 586 V32
1446 542 1652 597 Polensis,
1685 543 1896 599 Raspara-

166 620 306 661 ganus
336 622 415 649 rex
437 607 733 651 Sarmatarum
761 610 807 651 in
838 612 865 653 t.
895 609 980 664 filii
1009 610 1056 652 P.
1078 610 1192 652 Aelii
1223 611 1450 666 Peregrini
1481 611 1600 654 V33.
1643 611 1895 653 Hadrianus

168 689 267 717 cum
311 690 413 730 rege
452 677 798 732 Roxolanorum,
845 679 918 734 qui
965 678 1019 720 de
1065 679 1301 721 imminutis
1346 679 1573 736 stipendiis
1620 680 1892 736 querebatur,

171 744 343 798 cognito
375 746 546 799 negotio
586 761 739 803 pacem
779 747 1020 802 composuit
1058 747 1135 789 sub
1175 747 1346 790 initium
1375 748 1545 802 imperii
1572 748 1644 792 vit.
1675 748 1816 791 Hadr.
1848 751 1898 798 6;

167 815 322 866 postea
349 811 484 855 Polae
514 828 606 855 eum
637 813 826 856 exulasse
855 814 918 856 vel
947 814 1154 857 detentum
1187 816 1318 869 fuisse
1349 816 1495 858 docent
1524 815 1651 859 tituli.

83 880 193 923 168a
221 880 272 923 T.
294 880 444 923 Aelius
476 883 728 937 Restitutus,
761 882 903 937 Augg.
935 882 1114 926 libertus
1147 879 1420 940 (a.'161l168)
1452 891 1708 941 procurator
1739 884 1893 940 Syriae

166 948 439 992 Palaestinae
474 949 543 992 VI
562 953 683 994 8568.

81 1018 163 1060 169
192 1024 374 1060 AELIVS
401 1024 653 1074 ROMANVS,
682 1026 855 1062 curator
871 1019 1043 1061 aedium
1059 1020 1310 1075 sa[crarum]
1329 1027 1371 1063 et
1387 1036 1565 1077 operum
1585 1020 1892 1077 locoru[mque]

167 1085 469 1143 [publicor]um
485 1088 530 1129 in
546 1090 573 1129 t.
584 1088 749 1130 urbano
762 1088 952 1130 dedicato
968 1091 1015 1130 ut
1029 1088 1192 1130 videtur
1203 1103 1242 1131 a.
1255 1092 1340 1132 210
1350 1089 1468 1132 Ball.
1482 1103 1644 1132 eomun.
1654 1092 1813 1143 188010.
1823 1092 1891 1130 80.

93 1179 152 1186 --
194 1155 253 1197 Μ.
294 1155 480 1197 Messius
521 1156 725 1199 Rusticus
764 1156 976 1199 Aemilius
1017 1157 1158 1199 Verus
1200 1157 1351 1200 Aelius
1390 1157 1601 1200 Romulus
1642 1158 1892 1200 Priscianus

165 1222 291 1265 Titus
303 1223 362 1278 (‘?)
393 1224 618 1267 Proculus.

81 1293 164 1335 170
192 1291 343 1334 Aelius
390 1292 528 1335 Rufus
573 1294 822 1348 Ianuarius,
870 1294 939 1336 vir
979 1296 1203 1349 egregius,
1245 1294 1301 1337 ad
1340 1295 1433 1336 fisci
1478 1295 1782 1337 advocationes
1827 1301 1893 1336 ter

166 1375 346 1402 numero
386 1367 608 1417 promotus
640 1362 950 1405 Thevestinam
978 1362 1341 1405 Hadrumetinam
1371 1362 1799 1418 Thamugadensem,
1837 1362 1893 1404 ad

165 1443 381 1471 annonam
432 1436 663 1486 perpetuo,
717 1446 743 1472 a
785 1429 971 1484 militiis3
1021 1430 1177 1473 flamen
1229 1438 1485 1488 perpetuuS,
1533 1431 1892 1473 duumviralicius

163 1497 430 1553 (Lambaesi)
463 1498 587 1541 VIII
598 1502 713 1542 2757
733 1499 1102 1543 Lambaesitanus.
1149 1499 1254 1542 Post
1283 1499 1644 1542 duumviralicius
1675 1501 1721 1542 in
1751 1500 1892 1555 lapide

163 1568 308 1608 extant
337 1565 502 1609 litterae
531 1573 666 1608 DORP
698 1567 887 1610 lectionis
917 1571 1055 1610 certae
1085 1569 1270 1611 incertae
1301 1569 1608 1623 explicationis,

80 1634 158 1677 171
191 1633 343 1676 Aelius
374 1634 583 1690 Sabinus,
617 1650 763 1677 rerum
805 1637 991 1692 scriptor
1030 1636 1084 1678 de
1115 1637 1307 1679 Maximo
1349 1637 1578 1679 Maximini
1619 1637 1891 1693 imperatoris

162 1702 251 1744 filio
282 1703 440 1746 citatur
467 1704 538 1747 vit.
565 1704 689 1746 Mam.
710 1707 782 1754 32,
804 1708 842 1747 1.

77 1771 159 1814 172
188 1778 371 1814 AELIVS
403 1778 658 1814 SAOTERVS
691 1774 937 1816 nominatur
964 1774 1010 1815 in
1033 1774 1139 1816 viris
1161 1774 1423 1830 clarissimis,
1455 1776 1529 1829 qai
1552 1775 1599 1817 in
1630 1774 1727 1817 albo
1755 1789 1892 1817 sacer-

162 1839 312 1882 dotum
334 1840 486 1883 domus
506 1840 767 1896 Aug(ustae)
789 1841 1051 1896 Palatfinae)
1074 1846 1171 1885 ante
1195 1843 1360 1886 sodales
1389 1847 1437 1886 ut
1457 1844 1639 1898 patroni
1659 1844 1894 1898 perscripti

163 1911 261 1950 sunt
291 1908 360 1951 VI
370 1912 497 1960 2010,
519 1909 730 1964 Boryhesi
749 1925 842 1965 opp.
865 1911 954 1953 III
965 1914 1024 1954 23
1043 1910 1152 1954 hanc
1175 1925 1259 1955 esse
1281 1912 1507 1955 Saoterum
1530 1912 1887 1954 Nicomediensem

162 1977 358 2028 coniecit,
401 1977 708 2020 cubicularium
736 1978 973 2030 Commodi,
1013 1980 1086 2033 qai
1115 1981 1168 2022 ab
1200 1995 1246 2023 eo
1274 1982 1321 2023 in
1351 1981 1513 2023 deliciis
1542 1980 1713 2023 habitas
1736 1984 1889 2035 postea

161 2046 218 2101 (a.
240 2048 336 2102 184)
368 2060 396 2088 a
422 2045 639 2089 Cleandro
669 2048 828 2090 occisus
856 2051 916 2090 est
945 2047 1033 2090 Dio
1057 2051 1124 2103 72,
1146 2052 1215 2099 12,
1247 2050 1318 2093 vit.
1344 2049 1499 2094 Comm.
1520 2052 1559 2099 3,
1583 2053 1632 2100 6;
1662 2053 1700 2099 4,
1724 2052 1763 2092 5.

78 2114 161 2157 173
190 2113 341 2156 Aelius
374 2114 634 2157 Saturninus
674 2123 852 2172 propter
893 2117 1086 2159 carmina
1123 2117 1289 2160 famosa
1325 2120 1369 2160 in
1400 2118 1624 2161 Tiberium
1654 2119 1890 2174 composita

161 2182 389 2225 damnatus
420 2190 464 2225 et
493 2185 660 2226 occisus
691 2199 729 2228 a.
751 2186 806 2227 23
836 2184 926 2228 Dio
945 2188 1011 2236 57,
1034 2189 1108 2229 22.

76 2250 160 2294 174
187 2258 370 2293 AELIVS
402 2258 722 2307 SOORPIANVS,
759 2253 909 2295 consul
937 2254 1004 2296 III
1034 2269 1134 2297 non.
1165 2255 1296 2298 Febr.
1325 2271 1361 2299 a.
1385 2256 1470 2298 276
1501 2256 1571 2299 vit.
1604 2255 1734 2299 Prob.
1761 2259 1814 2297 11
1842 2257 1888 2298 in

160 2321 267 2362 actis
292 2323 462 2362 senatus
490 2321 614 2375 fletis.
1258 2365 1261 2368 .

76 2388 158 2431 175
188 2395 229 2430 Ρ.
249 2395 430 2430 AELIVS
455 2395 783 2444 SECVNDINVS,
806 2389 939 2432 frater
954 2389 1132 2432 Arvalis
1154 2406 1190 2434 a.
1210 2391 1305 2434 219.
1327 2393 1425 2434 221.
1447 2393 1544 2434 224.
1567 2392 1651 2435 234
1673 2393 1885 2436 actaArv.

76 2457 157 2499 176
188 2463 232 2498 L.
263 2463 445 2498 AELIVS
478 2463 703 2499 SEIANVS.
765 2457 943 2500 Nummi
981 2458 1232 2501 Bilbilitani
1270 2459 1431 2502 Eekhel
1462 2459 1531 2502 VI
1545 2475 1592 2514 p.
1615 2464 1717 2512 196,
1747 2461 1888 2504 Cohen

157 2525 192 2567 I
195 2525 213 2549 2
235 2539 283 2579 p.
305 2527 399 2575 198,
430 2528 488 2568 97
522 2526 569 2568 in
599 2529 729 2580 parte
769 2540 918 2569 aversa
957 2527 1193 2570 exhibentes
1230 2528 1351 2571 Mun.
1387 2528 1587 2583 Augusta
1617 2529 1785 2571 Bilbilis
1818 2531 1885 2572 Ti.

159 2592 343 2636 Caesare
373 2594 414 2636 V
444 2594 495 2636 L.
527 2593 649 2636 Aelio
684 2594 839 2637 Seiano
871 2610 981 2650 cos.;
1019 2597 1266 2639 nominatur
1296 2597 1341 2638 in
1383 2599 1410 2638 t.
1441 2597 1553 2639 servi
1582 2597 1650 2639 VI
1672 2601 1780 2641 6039
1813 2600 1884 2653 (1),

99 2680 105 2686 ·
160 2661 303 2704 liberti
332 2661 400 2704 VI
412 2665 548 2713 10769
580 2663 657 2719 (2),
688 2663 871 2706 Seianus
903 2663 1136 2706 sceleratus
1167 2665 1212 2706 in
1243 2668 1270 2708 t.
1292 2668 1393 2718 post
1413 2665 1725 2708 damnationem
1743 2668 1886 2721 posito

158 2729 227 2773 VI
237 2733 377 2773 10213
397 2730 478 2786 (3);
507 2731 767 2786 intelleyitur
796 2732 980 2775 Seianus
1009 2733 1056 2775 in
1086 2736 1114 2774 t.
1136 2733 1428 2776 Interamnate
1454 2734 1535 2777 XI
1556 2738 1664 2777 4170
1696 2750 1807 2778 anno
1827 2739 1886 2778 32

158 2798 348 2841 dedicato
379 2799 679 2855 providentiae
709 2800 777 2842 Ti.
811 2799 1010 2843 Caesaris
1031 2800 1144 2856 Aug.
1168 2827 1223 2831 —
1241 2827 1300 2832 —
1320 2801 1486 2845 sublato
1518 2802 1641 2846 hoste
1674 2805 1882 2860 pernicio-

157 2867 324 2910 sissimo
355 2882 396 2924 p.
427 2868 480 2911 R.
509 2893 567 2898 —

242 2935 293 2980 L.
315 2935 466 2978 Aelius
494 2936 678 2980 Seianus
707 2938 953 2980 nominatur
983 2940 1010 2979 t.
1037 2941 1076 2979 1.
1103 2942 1146 2988 2,
1175 2938 1262 2980 Dio
1281 2942 1348 2989 57,
1370 2942 1437 2989 19,
1457 2941 1496 2990 5,
1530 2943 1709 2983 ceterum
1731 2941 1886 2984 dieitur

156 3002 309 3046 Aelius
339 3003 522 3048 Seianus
555 3006 640 3047 sive
661 3005 910 3060 plerumque
941 3005 1136 3048 Seianus.
1162 3031 1222 3036 —
1251 3008 1436 3051 Genitus
1469 3008 1677 3051 Volsiniis
1713 3010 1810 3054 Tae.
1843 3025 1882 3052 a.

155 3075 195 3122 4,
219 3075 270 3124 1,·
296 3075 336 3123 ,6,
358 3075 399 3123 8,
439 3080 562 3130 patre
593 3073 692 3117 Seio
727 3074 939 3117 Strabone
978 3075 1122 3130 equite
1158 3076 1352 3118 Romano
1390 3076 1489 3119 Tac.
1522 3091 1561 3120 a.
1593 3081 1632 3127 1,
1663 3081 1721 3120 24
1731 3092 1745 3130 ,·
1772 3083 1811 3129 4,
1843 3083 1882 3129 1,

156 3139 245 3182 Dio
273 3143 339 3191 57,
371 3144 437 3191 19,
468 3144 507 3192 5,
549 3141 650 3186 Vell.
679 3146 723 3193 2,
755 3146 853 3193 127,
883 3146 922 3193 3,
964 3150 1101 3184 matre
1130 3145 1272 3198 gentis
1298 3144 1562 3186 clarissimae
1589 3145 1705 3196 Vell.,
1738 3162 1883 3188 sorore

155 3209 271 3251 Iunii
291 3208 436 3251 Blaesi
462 3210 560 3252 Tae.
583 3225 624 3252 a.
644 3213 683 3261 3,
705 3214 771 3255 35.
794 3215 874 3262 72,·
903 3215 941 3261 4,
964 3214 1034 3254 26.
1083 3211 1348 3267 Adoptatam
1372 3213 1505 3267 faisse
1527 3215 1580 3256 ab
1602 3214 1727 3257 Aelio
1756 3214 1883 3257 Gallo

157 3291 207 3318 ex
229 3277 397 3320 nomine
416 3278 502 3332 filii
517 3279 607 3321 veri
625 3279 762 3322 simile
782 3279 958 3322 videtur.
1005 3280 1152 3322 Prima
1173 3282 1352 3324 iuventa
1372 3281 1422 3324 C.
1444 3281 1672 3325 Caesarem
1696 3282 1882 3338 Augusti

157 3351 358 3401 nepotem
378 3346 423 3387 in
444 3347 653 3389 orientem
673 3354 859 3390 sectatus
879 3354 944 3389 est
964 3348 1063 3390 Tac.
1083 3363 1122 3390 a.
1138 3353 1177 3400 4,
1196 3353 1234 3400 1,
1255 3365 1342 3392 non
1365 3351 1458 3392 sine
1479 3366 1651 3393 rumore
1666 3351 1726 3397 M.
1745 3354 1883 3396 Gavio

155 3412 309 3469 Apicio
332 3420 528 3470 stuprum
548 3430 660 3458 veno
683 3416 854 3457 dedisse
871 3417 967 3461 Tac.
985 3415 1012 3458 l.
1035 3416 1077 3466 l.,
1100 3416 1187 3459 Dio
1202 3421 1268 3468 57,
1287 3422 1358 3468 19,,
1375 3421 1414 3460 5.
1446 3418 1487 3460 Α
1503 3419 1678 3461 Tiberio
1701 3435 1812 3462 anno
1830 3422 1884 3462 14
