2202 3730
266 295 516 338 *GOCGEIVS
1139 288 1223 329 430
1797 294 2074 331 COGVLNIVS

364 425 552 479 (Sueten.
584 424 744 466 Domit.
766 427 831 472 17,
866 423 933 464 VI
952 425 1068 478 472),
1112 438 1284 478 operam
1325 423 1454 466 dante
1490 426 1692 467 Petronio
1724 424 1922 467 Secundo
1953 439 2076 481 prae-

363 493 474 534 fecto
503 492 716 547 praetorio
749 498 791 532 et
822 490 1054 532 Parthenio
1095 490 1368 533 interfectore
1398 493 1637 534 Domitiani
1667 493 1815 534 Nerva
1843 492 2074 535 admodum

362 574 493 602 senex
524 561 758 615 imperator
787 565 1059 614 nuncupatus
1090 565 1153 600 est
1181 558 1269 601 Dio
1289 563 1352 610 67,
1375 563 1428 603 15
1438 574 1451 612 ,·
1482 563 1546 611 68,
1568 564 1607 611 1,
1637 561 1818 614 Eutrop.
1841 561 1867 602 l.
1891 560 1918 603 l.
1965 561 2076 616 Imp.

361 629 506 670 Nerva
536 627 694 670 Caesar
722 626 946 681 Augustus
977 627 1061 668 sive
1091 627 1192 682 imp.
1223 626 1384 669 Caesar
1414 629 1561 671 Nerva
1589 628 1814 683 Augustus
1836 629 2002 684 passim
2031 629 2078 672 in

362 696 496 737 titulis
534 696 804 748 numinisque.
875 694 1039 737 Consul
1082 695 1149 737 III
1188 711 1227 737 a.
1258 696 1324 749 97,
1367 697 1458 738 IIII
1497 712 1534 739 a.
1576 697 1630 739 98
1670 697 1787 751 fasti.
1855 697 2076 740 Autumno

362 779 399 806 a.
421 763 474 805 97
498 763 567 818 (cf.
589 763 774 816 Epitom.
797 766 866 812 12,
889 762 931 815 9)
953 762 1011 804 M.
1034 761 1212 818 leium
1234 763 1471 806 Traianum
1500 764 1724 821 adoptavit
1742 765 1855 808 Plin.
1871 779 2075 820 paneyyr.

363 834 399 874 7.
429 834 468 875 8.
499 834 565 881 10,
596 831 684 873 Dio
715 833 781 881 68,
810 834 847 880 3,
889 830 1030 872 Victor
1066 830 1197 880 Caes„
1229 832 1437 885 Epitome,
1469 833 1705 887 Eutropius
1735 821 1762 875 ἶ.
1794 833 1819 876 l.
1878 834 2077 875 Mortuus

362 906 424 941 est
463 914 575 940 anno
613 899 765 940 aetatis
797 900 1062 953 sexagesimo
1105 900 1242 953 terti0,
1285 899 1355 941 die
1394 915 1479 956 quo
1517 900 1617 942 solis
1646 900 1826 943 defectio
1857 901 1971 943 facta
2000 908 2076 957 est,

361 968 591 1023 imperavit
619 981 787 1008 menses
819 966 1004 1008 sedecim
1036 967 1127 1008 dies
1162 967 1311 1009 decem
1339 968 1536 1022 Epitome
1569 971 1626 1010 12
1660 972 1763 1011 eoetr.
1799 989 1855 1004 =
1891 973 2079 1012 mortuus

364 1036 398 1077 dv
432 1039 492 1078 27
509 1048 634 1078 mens.
659 1035 863 1077 Ianuarii
893 1049 933 1077 a.
963 1037 1018 1077 98
1028 1048 1041 1086 ;
1068 1036 1296 1091 imperavit
1324 1051 1485 1078 annum
1511 1052 1645 1079 unum
1674 1051 1842 1079 menses
1874 1045 2079 1094 quattuor

360 1104 451 1145 dies
482 1104 628 1144 decem
652 1101 836 1146 Clemens
865 1103 1100 1162 Alexandr.
1121 1107 1263 1148 strom.
1283 1108 1321 1154 1,
1342 1108 1401 1147 21
1423 1119 1471 1158 p.
1488 1109 1569 1147 406
1598 1105 1660 1147 ed.
1693 1105 1852 1148 Potter.
1903 1107 2078 1161 (Quam-

358 1186 483 1225 quam
514 1173 678 1214 omnino
710 1186 846 1214 mense
875 1172 1086 1214 Ianuario
1118 1187 1156 1216 a.
1180 1175 1235 1215 98
1263 1173 1392 1215 solem
1421 1175 1466 1215 in
1497 1175 1621 1216 terris
1647 1188 1853 1227 nusquam
1884 1174 2080 1229 defecisse

363 1243 542 1294 apparet
588 1255 639 1282 ex
687 1240 938 1294 Oppolzero,
991 1239 1139 1282 Canon
1182 1240 1255 1283 der
1295 1241 1579 1284 Fe'nsternisse
1615 1257 1662 1296 p.
1695 1242 1808 1296 126.)
1867 1244 2082 1298 Regnavit

362 1324 522 1350 annum
563 1324 694 1350 unum
735 1323 902 1350 menses
944 1315 1148 1364 quattuor
1190 1309 1281 1350 dies
1321 1324 1498 1364 novem,
1535 1310 1649 1352 vixit
1687 1325 1821 1352 annos
1857 1313 2082 1366 sexaginta

362 1378 554 1433 quinque
592 1392 759 1419 menses
789 1377 937 1419 decem
968 1376 1059 1418 dies
1089 1377 1238 1419 decem
1269 1376 1358 1420 Dio
1390 1380 1458 1428 68,
1488 1382 1515 1420 4
1546 1378 1672 1432 (idem
1698 1379 1882 1433 spatium
1911 1380 2032 1434 reyni
2060 1394 2081 1422 e

361 1446 501 1488 Dione
530 1449 740 1500 sumptum
775 1445 892 1500 apud
921 1443 1149 1488 Cedrenum
1180 1460 1229 1500 p.
1258 1449 1339 1487 433
1370 1446 1432 1489 ed.
1462 1446 1730 1500 Bonnensis).
1789 1447 1987 1490 Mortuus
2017 1447 2082 1491 est

363 1516 522 1557 Romae
563 1521 659 1571 post
699 1529 859 1556 annum
905 1521 946 1555 et
986 1521 1191 1569 quattuor
1229 1529 1397 1556 menses
1438 1515 1605 1570 imperii
1646 1516 1712 1556 sui
1752 1530 1802 1557 ac
1838 1515 1930 1558 dies
1969 1523 2079 1566 octo,

362 1583 514 1625 aetatis
550 1583 865 1638 septuagesimo
906 1589 947 1624 et
976 1581 1108 1624 altero
1131 1582 1311 1636 Eutrop.
1343 1585 1383 1632 8,
1414 1586 1452 1633 1,
1486 1584 1740 1640 ἐτελεύτησεν
1773 1585 1848 1639 πρὸ
1874 1583 1914 1641 η’
1939 1588 2081 1627 καλαν-

364 1654 442 1695 δῶν
475 1652 750 1709 φεβρουαρίων
781 1671 835 1684 =
867 1650 908 1693 d.
932 1651 985 1692 25
1013 1665 1067 1694 m.
1095 1651 1286 1692 Ianuarii
1309 1650 1466 1693 Chron.
1490 1650 1644 1693 Paseh.
1667 1666 1715 1705 p.
1735 1655 1815 1694 469
1845 1651 1906 1694 ed.
1937 1651 2079 1695 Bonn.

364 1719 602 1763 Secundum
628 1719 810 1761 Dionem
838 1718 1103 1761 statuendum
1133 1722 1193 1760 est
1213 1718 1400 1760 Nervam
1425 1722 1573 1760 natum
1602 1732 1687 1761 esse
1718 1719 1756 1763 d.
1778 1720 1903 1762 17l18
1930 1722 2082 1763 mensis

364 1789 527 1830 Martii
554 1786 618 1840 (id
645 1787 756 1841 quod
781 1790 989 1841 repuynat
1018 1788 1144 1840 fastis
1169 1786 1402 1842 Philoeali)
1435 1802 1474 1830 a.
1504 1790 1574 1837 32,
1605 1787 1831 1830 seeundum
1855 1789 2082 1843 Epitomen

363 1872 402 1899 a.
424 1860 488 1911 35,
519 1857 777 1910 Eutropium
798 1871 837 1899 a.
857 1859 928 1899 26.
980 1854 1082 1898 Cum
1101 1856 1192 1897 veri
1209 1855 1345 1897 simile
1373 1856 1430 1897 sit
1455 1855 1662 1898 hominem
1690 1856 1871 1899 nobilem
1900 1858 2083 1900 amicum

366 1925 549 1968 Neronis
570 1924 786 1978 principis
806 1927 1019 1978 praetura
1037 1937 1112 1965 suo
1134 1938 1258 1973 anno,
1281 1923 1328 1965 id
1348 1927 1407 1965 est
1429 1924 1640 1977 triqesimo
1666 1925 1831 1974 aetatis,
1862 1925 1925 1967 vel
1946 1925 2082 1980 paulo

354 1997 455 2048 post
474 1994 663 2047 functum
683 2005 779 2046 esse,
805 1992 962 2042 Nerva,
986 1992 1058 2046 qui
1068 1995 1248 2046 praetor
1268 1992 1354 2045 fuit
1375 2006 1413 2035 a.
1431 1995 1496 2042 66,
1517 1995 1645 2034 natus
1665 2005 1750 2034 esse
1770 1992 1934 2034 videtur
1954 2007 1994 2035 a.
2014 1995 2082 2036 35.

277 2062 359 2104 975
389 2069 440 2103 M.
483 2061 760 2115 (COCCEIVS)
806 2066 977 2101 NERVA
1027 2060 1164 2102 neseio
1210 2061 1303 2113 quis
1348 2063 1607 2102 memoratur
1652 2060 1697 2102 in
1740 2060 1863 2103 titulo
1908 2061 2083 2103 libertae

370 2129 437 2172 VI
460 2132 621 2172 15923:
652 2127 835 2171 Cocceia
864 2128 923 2170 Μ.
955 2127 1128 2170 Nervae
1157 2127 1185 2171 l.
1217 2127 1424 2172 Felicula.

279 2198 362 2240 976
395 2197 602 2240 Cocceius
634 2196 853 2251 Proculus,
884 2196 1126 2253 speculator
1160 2196 1257 2238 Tac.
1284 2196 1324 2238 Ῐι.
1355 2199 1393 2246 1,
1425 2199 1495 2239 24.

279 2267 360 2309 977
393 2268 652 2320 COC(CEIVS
665 2265 705 2319 ‘?)
741 2264 1012 2320 RVFI[NVS]‚
1054 2264 1221 2319 legatus
1253 2263 1478 2319 (Arabiae)
1508 2267 1765 2307 memoratur
1802 2265 1849 2307 in
1879 2268 1906 2307 t.
1933 2279 2084 2320 qraece

363 2336 520 2389 scripto
546 2334 736 2376 Arabico
766 2333 1230 2387 Lebas-Waddinyton
1258 2336 1384 2376 2070.

279 2404 360 2445 978
394 2403 601 2445 Cocceius
622 2403 778 2456 Verus,
810 2402 936 2444 homo
969 2401 1123 2443 nobilis
1145 2401 1199 2444 ab
1221 2402 1479 2457 imperatore
1501 2401 1709 2457 Septimio
1734 2401 1893 2444 Severo
1916 2402 2082 2444 occisus

364 2473 435 2514 vit.
473 2471 618 2514 Severi
646 2474 711 2521 13,
742 2473 781 2513 4.

278 2541 363 2583 979
395 2547 636 2582 COCCEIVS
667 2545 926 2594 VIBIANVS,
968 2539 1285 2595 quindecimvir
1319 2540 1453 2580 sacris
1484 2537 1696 2580 faciundis
1726 2553 1839 2580 anno
1873 2538 1957 2581 204
1987 2541 2086 2580 aeta

361 2609 614 2651 saecularia.
675 2608 819 2650 Potest
848 2607 957 2649 idem
987 2621 1072 2649 esse
1102 2607 1174 2660 qui
1202 2607 1400 2660 sequitur.

277 2679 361 2720 980
393 2684 500 2719 SEX.
524 2683 762 2718 COCCEIVS
784 2682 1032 2729 VIBIANVS,
1055 2675 1284 2731 proconsul
1307 2675 1558 2731 provinciae
1579 2674 1792 2728 Af(ricae)
1815 2673 1940 2717 VIII
1951 2677 2007 2717 84
2026 2674 2084 2730 (1)

365 2749 392 2787 t.
417 2745 704 2794 Tamallensis,
727 2743 905 2798 Ephem.
929 2758 990 2798 ep.
1007 2747 1035 2785 8
1055 2759 1103 2798 p.
1119 2747 1205 2787 293
1221 2745 1284 2798 (2)
1305 2744 1507 2785 urbanus.
1539 2743 1698 2785 XVvir
1715 2743 1848 2784 sacris
1869 2741 2082 2785 faciundis

366 2817 393 2856 t.
415 2817 458 2863 2,
491 2820 697 2869 patronus
727 2813 952 2868 municipii
984 2811 1268 2854 Tamallensis
1299 2815 1325 2855 t.
1348 2815 1387 2853 1.
1423 2837 1474 2841 —
1511 2810 1578 2865 Of.
1609 2826 1651 2853 n.
1673 2814 1766 2854 979.

281 2883 358 2924 981
396 2881 578 2923 Cocceia
623 2880 806 2922 Bassula
849 2880 1047 2922 Numisia
1091 2879 1297 2933 Procula,
1343 2879 1402 2923 M.
1448 2879 1632 2921 Munatii
1675 2877 1889 2934 Popiliani
1934 2878 2083 2932 (uxor)

369 2950 491 2992 VIII
513 2952 597 2992 626
627 2952 654 2990 t.
688 2949 1020 2991 Mactaritanus.
1072 2948 1192 2991 Certe
1222 2949 1467 3002 coynatione
1498 2949 1722 2990 coniuncta
1751 2961 1844 2989 cum
1875 2946 2085 2989 Stertinia

366 3017 538 3060 Cocceia
580 3017 770 3059 Bassula
815 3017 993 3063 Veneria
1031 3017 1219 3059 Aeliana
1257 3016 1338 3058 XI
1366 3019 1500 3066 5672,
1545 3017 1727 3070 fortasse
1773 3014 1868 3069 filia
1911 3014 2000 3056 eius
2045 3017 2085 3056 et

365 3086 413 3139 Q.
445 3084 636 3128 Camurii
667 3085 856 3127 Numisii
883 3086 1073 3128 Iunioris
1101 3098 1138 3128 v.
1169 3098 1301 3139 supra
1329 3098 1370 3126 n.
1391 3087 1482 3128 316.

239 3204 241 3211 Ι
291 3179 349 3184 -
392 3160 610 3195 CLAVDIA
641 3160 814 3195 SESTIA
845 3160 1058 3195 GOCCEIA
1094 3152 1424 3208 SEV[E]R1ANA.

281 3223 364 3265 982
395 3229 447 3264 Μ.
490 3228 767 3264 cochNJvs
815 3227 1219 3272 QVINTILLIANVS.
1295 3220 1429 3262 Tituli
1469 3219 1696 3263 Cirtenses.-
1740 3219 1780 3261 ei
1814 3219 1951 3273 positi
1986 3220 2085 3260 sunt

369 3289 492 3332 VIII
514 3293 619 3331 7041
651 3290 708 3344 (1)
750 3293 788 3331 et
829 3294 940 3334 7042
969 3289 1032 3345 (2)
1073 3289 1245 3332 mutilus
1255 3301 1268 3340 ;
1308 3289 1396 3343 igase
1426 3288 1619 3343 posuisse
1657 3287 1820 3329 videtur
1859 3289 1968 3328 6993
2004 3285 2079 3341 (3),

365 3358 482 3400 cuius
511 3357 698 3412 frustula
728 3360 883 3401 extant.
