2202 3730
201 298 536 335 CRITONIANVS
1062 293 1145 335 485
1742 298 2005 334 CVRIATIVS

283 430 461 485 Fraqm.
493 430 656 475 Histor.
686 430 840 474 Graec·
870 431 950 474 IV
962 446 1010 486 Ρ.
1030 434 1124 482 373,
1165 431 1347 485 fortasse
1384 434 1514 482 reete,
1553 445 1646 474 cum
1675 435 1715 474 et
1743 430 1889 486 Lydus
1919 430 1945 473 l.
1978 431 2004 475 l.

280 499 488 554 quaedam
517 499 567 542 de
586 500 766 554 praedis
797 500 896 542 belli
921 499 1079 542 Daeici
1107 515 1128 542 e
1164 499 1335 543 Critone
1364 499 1552 552 afferret.

226 593 281 599 —
313 568 510 612 Statilius
540 568 830 611 critonianus.

198 637 309 680 1308
340 636 526 680 Cronius
565 637 697 692 (pars
737 637 943 679 librorum
983 636 1252 692 Chronius),
1282 644 1450 680 amator
1485 637 1771 694 cercopitheci
1803 637 2005 681 Martial.

279 709 319 756 7,
350 709 417 756 87,
448 709 487 748 4.

222 799 280 805 -
310 780 671 825 Q.TERENT1VS
703 779 917 816 CVLLEO.

223 868 281 873 —
311 843 365 896 Q.
395 843 553 885 Torius
585 841 749 885 Culleo.

222 937 280 941 —
308 911 540 954 Ventidius
567 910 802 954 Cumanus.

197 981 307 1023 1309
339 978 668 1034 Cunobellinus,
709 994 800 1023 rex,
863 979 1041 1022 Nummi
1073 981 1162 1022 eius
1191 981 1356 1031 Evaus,
1402 981 1491 1024 The
1521 982 1638 1023 coins
1667 981 1719 1034 of
1742 980 1808 1023 the
1839 981 2007 1022 ancient

280 1048 460 1090 Britous
480 1063 529 1102 Ρ.
550 1051 638 1091 324
666 1061 766 1101 sqq„
799 1048 884 1090 tab.
916 1048 1164 1090 IX-XIII
1186 1050 1238 1103 ef.
1271 1049 1544 1104 Supplemeut
1572 1049 1717 1104 (1890)
1737 1063 1786 1103 Ρ.
1807 1051 1888 1091 557
1904 1063 2003 1102 sqq„
2062 1068 2065 1069 ⁷

281 1116 511 1172 Cataloque
541 1116 611 1159 des
639 1118 858 1159 monnaies
883 1116 1108 1159 Gauloises
1139 1117 1188 1159 de
1228 1117 1273 1159 la
1301 1117 1419 1160 Bibl.
1450 1121 1539 1161 nat.
1562 1132 1610 1172 Ρ.
1639 1121 1730 1161 223
1748 1131 1830 1171 sq.,
1874 1117 1923 1159 de
1961 1117 2006 1159 la

284 1186 410 1236 Tour,
440 1185 571 1228 Atlas
599 1185 649 1228 de
678 1186 896 1228 mormaies
923 1184 1150 1228 Gauloises
1180 1187 1265 1228 tab.
1287 1186 1495 1229 XLIIII.
1516 1186 1603 1228 XL
1614 1186 1666 1236 V„
1692 1186 1942 1239 Zeitsehrift
1971 1187 2003 1239 f.

280 1254 408 1298 Num.
425 1254 474 1297 X
482 1253 674 1310 V(1887)
685 1269 734 1308 Ρ.
746 1258 788 1304 2,
806 1254 1023 1310 Aeademy
1037 1257 1148 1297 1890
1167 1268 1210 1297 n.
1225 1258 1310 1298 942
1320 1270 1369 1309 Ρ.
1385 1258 1467 1298 358
1478 1269 1559 1309 sq..·
1578 1255 1629 1309 I)
1652 1255 1706 1297 ab
1724 1254 1863 1297 altera
1873 1258 2005 1309 parte

278 1323 474 1378 inseripti
494 1322 614 1365 Cam.
634 1322 700 1365 vel
720 1322 870 1366 Camu.
894 1323 958 1366 vel
978 1323 1145 1378 Camul,
1179 1324 1232 1366 ab
1261 1324 1399 1366 altera
1420 1324 1541 1379 Cun.‚
1570 1323 1721 1378 Cuno.,
1744 1323 2002 1367 Cunobelin.

277 1391 426 1434 Evaus
458 1392 544 1434 tab.
574 1391 656 1434 IX
679 1395 806 1446 1-14,
841 1389 979 1435 Catal.
1008 1394 1278 1443 9557-9563;
1312 1393 1374 1435 II
1366 1395 1391 1449 )
1424 1393 1469 1435 iu
1499 1393 1678 1435 adversa
1707 1391 2004 1435 Cunobelinus

279 1460 557 1514 (Cunobelini
588 1460 673 1502 tab.
700 1459 813 1511 XII,
840 1464 879 1511 1,
913 1459 1007 1506 C'at.
1032 1463 1151 1511 9575,
1181 1460 1429 1514 Zeitsehrift
1460 1461 1486 1504 l.
1513 1461 1559 1515 l.)
1591 1475 1685 1503 eum
1713 1462 1850 1515 capite
1879 1461 2001 1516 reqis,

276 1530 323 1572 in
343 1542 493 1571 aversa
507 1528 767 1571 Tasciovani
787 1529 816 1571 f.
839 1529 987 1571 Evaus
1006 1529 1093 1573 tab.
1114 1529 1223 1572 XII
1237 1533 1276 1571 1.
1297 1531 1340 1579 2,
1373 1528 1509 1572 Catal.
1531 1532 1650 1572 9569.
1672 1532 1782 1572 9575
1789 1543 1803 1580 ;
1835 1528 2002 1572 Cunob.

277 1600 320 1647 R*
367 1598 666 1640 Tasciovantis
705 1597 853 1640 Evans
902 1598 988 1640 tab.
1039 1597 1148 1640 XII
1185 1601 1236 1648 3,
1286 1595 1422 1641 Catal.
1459 1601 1578 1652 9573,
1626 1597 1843 1652 Academy
1880 1612 1923 1639 u.
1953 1600 2003 1648 3,·

276 1665 382 1721 ΙΙΙ)
427 1665 720 1709 Cunobelinus
770 1682 850 1709 rex
903 1668 944 1714 [ἰν
986 1667 1112 1709 Tasc.
1157 1664 1304 1726 Evans
1354 1667 1438 1709 tab.
1474 1666 1583 1709 XII
1607 1669 1646 1717 5,
1699 1665 1836 1710 Catal.
1876 1668 2001 1714 9574,

276 1735 319 1791 Pp
338 1734 635 1777 Tasciovanus
666 1732 755 1787 (sie,
786 1734 860 1777 sed
879 1735 1024 1778 dubito
1050 1749 1154 1778 uum
1182 1739 1292 1778 recte
1319 1735 1552 1790 deseriffius
1570 1735 1642 1790 sit)
1663 1735 1880 1789 Academy
1899 1750 1940 1778 u.
1963 1740 2001 1779 1.

360 1803 618 1846 Tasciovani
664 1804 747 1858 (vel
791 1804 1109 1859 Tasciovantis)
1153 1803 1268 1847 filius
1311 1805 1473 1846 nummi
1516 1805 1581 1848 ΙΙ.
1628 1805 1723 1847 ΙΙΙ.
1797 1804 2002 1847 Adminio

276 1871 549 1928 Cynobellini
580 1873 694 1927 regis
724 1873 1035 1915 Britannorum
1064 1872 1152 1915 filio
1164 1906 1183 1927 ,.
1206 1874 1280 1929 qui
1317 1873 1466 1929 pulsus
1503 1889 1530 1915 a
1567 1880 1690 1929 patre
1719 1888 1817 1915 cum
1847 1875 2006 1928 exigua

273 1956 405 1983 manu
442 1941 497 1983 ad
538 1942 754 1984 Romanos
794 1941 1106 1997 transfugerat,
1159 1944 1203 1984 in
1245 1942 1508 1985 deditionem
1552 1950 1724 1999 recepto
1769 1943 2004 1999 imperator

277 2010 434 2061 Gaius,
476 2010 601 2066 quasi
646 2011 852 2052 universa
894 2010 1054 2052 tradita
1098 2009 1260 2057 insula,
1310 2012 1563 2066 magnificas
1607 2012 1790 2053 Romam
1836 2011 2001 2053 litteras

274 2078 393 2119 misit
435 2077 606 2120 Sueten.
650 2077 787 2132 Galiq.
822 2081 876 2120 44
921 2078 1036 2132 (iude
1076 2079 1251 2122 Orosius
1292 2083 1330 2130 7,
1360 2082 1400 2130 5,
1430 2082 1469 2130 5,
1514 2080 1591 2122 ubi
1632 2079 1820 2122 traditur
1862 2080 2000 2122 Mino-

276 2144 580 2202 cynobelinum
609 2145 919 2188 Britannorum
950 2147 1064 2201 regis
1093 2147 1263 2201 filium).
1324 2147 1674 2190 Camulodunum
1703 2150 1746 2190 τὸ
1776 2153 1845 2191 τοῦ
1876 2147 2000 2191 Κυνο-

276 2215 456 2272 βελλίνου
479 2215 675 2271 βασίλειον
698 2213 787 2256 Dio
805 2218 871 2265 60,
893 2217 962 2265 21,
984 2216 1145 2257 nummi
1167 2215 1207 2257 I.
1251 2215 1450 2258 Mortuus
1472 2223 1575 2270 erat,
1610 2231 1707 2258 cum
1728 2215 1781 2258 A.
1803 2216 2001 2259 Plautius

274 2284 319 2325 in
340 2284 615 2325 Britannium
644 2283 846 2325 traiceret
873 2283 1004 2338 (anno
1021 2283 1094 2338 43)
1117 2284 1175 2326 id.
1197 2287 1262 2334 60,
1279 2288 1349 2328 20.
1391 2283 1516 2326 Filii:
1547 2284 1777 2327 Adminius
1795 2299 1832 2327 υ.
1853 2299 1997 2340 supra,

273 2351 507 2394 Caratacus
538 2351 593 2405 ef.
624 2365 758 2405 supra
791 2366 834 2393 u.
854 2354 934 2394 355
945 2366 984 2402 a,
1015 2352 1325 2406 Togodumnus
1354 2352 1442 2395 Dio
1472 2356 1538 2403 60,
1570 2357 1641 2396 20.

191 2421 302 2463 1310
333 2420 381 2463 C.
419 2419 690 2476 Cupiennius
729 2419 842 2462 Libo
883 2421 960 2472 (sie
989 2420 1115 2474 plene
1154 2421 1406 2475 Porphyrio,
1449 2421 1718 2478 Cupiennius
1758 2423 1999 2479 Horatius),

275 2490 456 2531 mirator
485 2489 615 2530 cunni
647 2487 736 2530 albi
762 2489 916 2533 Horat.
938 2493 1017 2531 sat.
1050 2493 1087 2540 1,
1118 2493 1161 2540 2,
1194 2493 1250 2531 36
1259 2503 1273 2541 ,·
1301 2489 1490 2544 Augusti
1520 2490 1812 2534 familiaritate
1842 2491 1996 2546 clarus,

273 2559 466 2614 corporis
521 2558 587 2600 sui
632 2557 985 2612 diligentissimus
1034 2557 1118 2600 fuit
1169 2565 1355 2601 sectator
1404 2565 1699 2601 matronarum
1746 2561 1998 2603 concubitus

274 2625 483 2680 Porplvyr.
507 2640 557 2680 Ρ.
576 2629 663 2669 192
692 2625 754 2668 ed.
787 2626 948 2681 Meyer.
981 2652 1034 2658 —-
1067 2626 1116 2669 C.
1148 2626 1416 2682 Cupiennius
1447 2628 1698 2670 Primitivus
1732 2629 1907 2683 quidam
1935 2631 1998 2671 iu-

273 2695 438 2736 venitur
465 2695 511 2736 iro
541 2694 663 2736 titulo
693 2692 882 2737 Cumano
910 2694 960 2737 X
984 2698 1092 2737 3699
1119 2709 1156 2736 v.
1179 2698 1216 2737 7.

218 2787 275 2791 -
303 2768 568 2804 HERENNIA
600 2769 943 2805 GVPRESSENIA
972 2770 1284 2806 ETRVSCILLA
1313 2771 1557 2808 AVGVSTA.

218 2855 275 2860 ——-
303 2829 495 2872 Asudius
525 2830 755 2873 Curianus.

190 2898 297 2941 1311
332 2898 565 2953 Curiatius,
597 2900 906 2954 grammaticus
934 2900 1093 2942 citatur
1120 2899 1238 2943 Fest.
1261 2915 1310 2955 Ρ.
1331 2903 1445 2944 1661>
1477 2907 1518 2953 3,
1551 2904 1668 2946 17Οό
1699 2907 1770 2954 27,
1809 2907 1926 2947 355α
1957 2908 1994 2955 7,

275 2969 456 3009 ceterum
483 2967 662 3022 iquotus.

192 3036 300 3078 1312
332 3034 561 3090 Curiatius,
599 3035 765 3078 Tibure
793 3042 988 3078 mortuus
1021 3036 1223 3079 Martial.
1253 3042 1293 3088 4,
1324 3041 1390 3080 60.

191 3104 300 3146 1313
332 3103 551 3146 Curiatius
589 3103 813 3146 Maternus
853 3105 932 3158 (sic
962 3104 1090 3159 plene
1135 3105 1232 3150 Tac.
1275 3106 1377 3149 dial.
1407 3110 1461 3158 2,
1514 3112 1695 3150 ceterum
1734 3109 1992 3165 Maternus),

276 3178 421 3213 orator
451 3177 494 3213 et
521 3178 651 3228 poeta
680 3179 820 3215 aetate
851 3173 1036 3215 Neronis
1068 3180 1110 3215 et
1139 3173 1389 3217 Flaviorum
1425 3177 1523 3221 Tac.
1555 3177 1657 3219 dial.
1679 3181 1708 3219 3
1727 3179 1995 3232 passimque;

279 3246 374 3294 ‘ego
415 3246 558 3282 autem
596 3242 709 3283 sicut
745 3242 791 3283 in
826 3243 967 3284 causis
997 3242 1176 3297 agendis
1207 3243 1378 3287 efficere
1407 3245 1573 3302 aliquid
1605 3253 1648 3288 et
1678 3248 1781 3288 eniti
1811 3246 1994 3289 fortasse

274 3323 470 3364 possum,
511 3310 572 3351 ita
611 3311 862 3352 recitatione
900 3311 1222 3366 tragoediarum
1264 3319 1306 3355 et
1345 3314 1515 3369 ingredi
1556 3314 1715 3357 famam
1744 3316 1993 3371 auspicatus

274 3391 381 3431 sum,
415 3391 514 3419 cum
544 3378 716 3436 quidem
746 3380 984 3438 imperante
1004 3380 1175 3424 Nerone
1196 3381 1402 3435 (traditur
1423 3384 1468 3427 in
1489 3383 1723 3439 Neronem)
1754 3384 1992 3443 improbam
