2176 3750
274 291 461 327 ANNIVS
1152 286 1207 328 66
1892 291 1999 328 ΑΝΝ
2000 292 2079 328 IVS

275 422 359 466 492
388 428 562 464 APPIVS
594 428 780 463 ANNIVS
813 428 1020 473 GALLVS,
1052 421 1202 463 consul
1232 421 1436 463 suffectus
1467 436 1504 464 a.
1536 422 1712 465 incerto.
1761 422 1907 479 Appio
1935 421 2080 466 Annio

363 490 520 545 Gaulo]
566 490 616 534 L.
662 488 882 531 Verulano
928 489 1120 544 Sever[0]
1173 489 1291 545 [eos]
1339 490 1384 532 X
1428 489 1474 533 k.
1515 489 1790 547 Septembres
1831 491 1901 534 VI
1930 493 2078 542 10055,

361 558 572 613 Boryhesi
600 572 693 612 opp.
726 557 767 599 V
787 561 873 600 324
893 558 1180 612 probabiliter
1207 558 1383 600 coniecit
1411 557 1563 601 collato
1599 559 1697 601 Tae.
1730 573 1769 602 a.
1799 563 1872 610 14,
1904 563 1963 603 26
1991 560 2080 613 suf-

360 628 491 681 fectos
519 639 604 668 esse
632 626 708 668 sub
739 626 865 680 finem
893 626 1063 680 imperii
1093 625 1277 668 Neronis
1308 624 1365 677 (a.
1396 628 1576 683 65—68)
1606 630 1647 669 et
1673 626 1863 682 Appium
1891 627 2083 670 Annium

364 694 539 738 Gallum
578 707 664 736 esse
701 693 873 736 eundem
911 695 986 747 qui
1013 693 1182 736 Annius
1213 694 1364 739 Gallus
1401 694 1458 747 (n.
1487 694 1585 744 491)
1627 695 1742 750 apud
1770 695 2017 739 Suetonium
2046 699 2086 738 et

367 762 571 806 Tacitum.

275 831 360 874 493
388 837 562 873 APPIVS
593 836 780 872 ANNIVS
812 837 1018 872 GALLVS.
1069 830 1233 873 Titulus
1262 831 1301 873 ei
1322 831 1492 885 publice
1511 831 1680 885 positus
1710 835 1771 874 est
1800 832 1853 874 ab
1884 831 2009 875 Eleis
2038 832 2084 875 in

363 899 519 942 exedra
555 898 741 942 Herodis
778 898 917 941 Attiei
949 898 1170 953 Olympica
1200 900 1254 953 cf.
1286 898 1596 954 Dittenberqer,
1636 899 1686 942 de
1724 900 1910 943 Herodis
1947 899 2087 942 Attici

361 967 637 1011 monumentis
666 967 907 1021 Olympiois,
938 967 1065 1010 index
1093 967 1332 1010 scholarum
1352 967 1555 1010 Halensis
1585 982 1625 1012 a.
1648 970 1763 1011 1892
1783 983 1832 1023 p.
1860 968 1928 1011 VI
1950 968 1995 1024 ἀ.
2016 970 2059 1025 1)
2071 981 2086 1020 ,·

361 1039 618 1090 memoratur
646 1036 692 1078 in
731 1039 759 1077 t.
800 1035 1022 1078 Eleusinio
1058 1035 1230 1090 Appiae
1268 1035 1440 1079 Anniae
1478 1036 1673 1091 Reqillae
1711 1036 1828 1091 tiliae
1869 1035 2085 1094 Ἐφημερὶς

363 1105 645 1162 ἀρχαιολογική
667 1105 755 1147 ΙΙΙ
768 1102 909 1160 (1885)
932 1119 980 1158 p.
1005 1099 1099 1147 152
1118 1118 1160 1147 n.
1182 1107 1242 1148 28
1261 1107 1324 1160 (2)
1356 1107 1396 1147 et
1423 1105 1469 1147 in
1490 1107 1520 1149 t.
1539 1104 1685 1147 Attico
1704 1105 1842 1160 neptis
1868 1103 1974 1147 CIA
1994 1105 2082 1147 III

362 1174 504 1216 1333b
531 1173 590 1229 (3)
621 1172 837 1215 emendato
868 1186 896 1214 a
924 1171 1247 1226 Dittenberqero
1277 1172 1303 1215 l.
1336 1172 1362 1215 l.
1385 1187 1434 1227 p.
1455 1172 1557 1215 XV.

450 1241 640 1285 Nomina
661 1241 795 1296 plena
824 1241 988 1283 exhibet
1018 1244 1046 1283 t.
1068 1244 1107 1292 1,
1139 1241 1307 1298 Appius
1338 1245 1366 1285 t.
1389 1245 1432 1284 2.
1453 1244 1492 1283 3.
1535 1240 1761 1295 Quaestor,
1791 1247 1965 1297 praetor
1995 1244 2023 1283 t.
2043 1244 2082 1292 1,

363 1310 512 1353 consul
535 1314 562 1353 t.
584 1314 622 1353 1.
645 1314 688 1354 2.
710 1314 750 1361 3,
777 1309 974 1366 pontifex
995 1313 1022 1352 t.
1045 1313 1082 1354 1.
1106 1314 1161 1361 2;
1190 1316 1313 1367 pater
1334 1310 1502 1367 Appiae
1522 1310 1694 1353 Anniae
1714 1310 1907 1365 Regillae
1927 1309 2086 1353 Atiliae

364 1378 598 1423 Caueidiae
637 1378 877 1431 Tertullae,
920 1379 1068 1421 uxoris
1108 1378 1176 1421 Ti.
1219 1378 1390 1422 Claudii
1432 1378 1568 1421 Attici
1609 1378 1796 1421 Herodis
1837 1381 1865 1421 t.
1900 1382 1939 1421 1.
1970 1382 2015 1422 2.
2044 1381 2084 1423 3.

363 1447 525 1490 Filius:
565 1446 734 1504 Appius
762 1447 935 1490 Annius
964 1446 1125 1489 Atilius
1156 1447 1332 1490 Bradua
1370 1461 1412 1490 n.
1443 1450 1533 1492 475.
1591 1444 1761 1494 Ἄππιος
1785 1444 1940 1494 Ἄννιος
1970 1445 2086 1491 Ἀπο-

364 1516 594 1564 λαυστιανός
624 1519 663 1559 et
687 1514 826 1559 Ἀννια
846 1514 1043 1573 Εὐτυχιάς
1072 1516 1118 1557 in
1148 1519 1176 1559 t.
1206 1515 1562 1559 Nemausensibus
1581 1515 1690 1558 XII
1699 1518 1809 1558 3406
1828 1515 1973 1559 liberti
1989 1518 2087 1558 sunt

363 1585 426 1628 vel
455 1585 588 1639 ipsius
617 1584 681 1627 vel
707 1584 834 1626 unius
864 1598 914 1626 ex
935 1584 1133 1638 posteris.

455 1654 572 1707 Quae
605 1652 864 1695 necessitudo
903 1652 1135 1695 intercedat
1173 1652 1284 1694 inter
1323 1652 1432 1694 huno
1472 1655 1512 1695 et
1543 1652 1734 1707 Appium
1761 1652 1954 1696 Annium
1988 1653 2087 1696 Tre-

366 1722 536 1766 bonium
582 1720 757 1764 Gallum
805 1720 1014 1763 consulem
1059 1735 1100 1763 a.
1141 1723 1224 1762 108
1254 1734 1340 1774 pro
1386 1723 1496 1763 certo
1540 1720 1772 1763 diiudicari
1813 1735 1898 1764 non
1934 1724 2086 1776 potest.

366 1791 501 1834 Vnum
535 1789 744 1832 hominem
777 1788 1098 1843 intelleqendum
1132 1802 1217 1831 esse
1251 1788 1344 1831 iure
1377 1788 1547 1843 neyavit
1579 1788 1879 1844 Dittenberyer
1910 1804 1958 1844 p.
1991 1789 2086 1832 VII

366 1859 393 1901 l.
416 1859 443 1901 l.
460 1861 640 1913 propter
658 1857 835 1900 nimium
854 1857 1163 1912 quinquaqinta
1183 1856 1361 1899 duorum
1382 1870 1590 1900 annorum
1609 1858 1807 1912 spatium,
1838 1857 1951 1912 quod
1978 1858 2088 1901 inter

366 1927 510 1983 patris
540 1926 598 1982 (a.
624 1928 724 1978 108)
756 1928 795 1968 et
820 1924 952 1967 Atilii
979 1925 1186 1967 Braduae
1216 1925 1300 1980 filii
1329 1923 1386 1978 (a.
1408 1927 1503 1980 160)
1535 1925 1776 1968 consulatus
1804 1926 2086 1977 intercederet,

364 1996 403 2038 si
431 1994 646 2050 Reqillam
674 1997 713 2037 et
742 1993 969 2036 Braduam
999 1993 1180 2036 consulis
1209 1993 1326 2036 illius
1353 1993 1466 2048 filios
1494 1997 1782 2037 statueremus,
1822 1994 1974 2049 Itaque
2001 1994 2092 2037 veri

365 2063 629 2107 simillimum
669 2062 833 2105 videtur
862 2062 1052 2116 Appium
1086 2061 1279 2104 Annium
1314 2061 1565 2105 Trebonium
1602 2061 1776 2105 Gallum
1816 2076 1897 2105 eos.
1936 2077 1976 2107 a.
2006 2065 2089 2105 108

368 2135 539 2187 patrem
578 2144 664 2173 esse
702 2130 840 2185 Appii
877 2130 1016 2172 Annii
1053 2129 1194 2180 Galli,
1237 2144 1361 2172 avum
1398 2129 1569 2184 Appiae
1603 2130 1776 2173 Anniae
1815 2130 2011 2185 Reqillae
2049 2134 2091 2174 et

366 2200 503 2255 Appii
521 2199 662 2242 Annii
679 2198 810 2241 Atilii
827 2198 1046 2241 Braduae.
1089 2197 1234 2253 Neque
1262 2199 1402 2241 minus
1420 2199 1708 2253 probabiliter
1728 2199 1901 2242 coniecit
1920 2198 2089 2242 Ditten-

369 2269 514 2322 berqer
541 2283 582 2322 p.
616 2267 739 2310 VIII
760 2267 952 2324 Appium
983 2266 1158 2311 Gallum
1188 2282 1273 2310 cos.
1304 2266 1627 2321 desig(natum),
1660 2268 1733 2321 qui
1759 2270 2015 2310 memoratur
2043 2267 2090 2310 in

366 2339 537 2379 senatus
567 2335 754 2378 consulto
785 2335 834 2378 de
861 2334 1076 2389 Cyzicenis
1096 2335 1185 2377 III
1208 2334 1254 2378 S.
1277 2337 1385 2377 7060
1413 2335 1530 2388 facto
1558 2335 1634 2377 sub
1655 2334 1873 2378 Antonino
1894 2335 1976 2378 Pio
2004 2349 2090 2378 esse

370 2404 542 2447 eundem
569 2404 617 2446 cle
637 2418 716 2458 quo
746 2403 813 2446 hio
845 2404 988 2458 aqitur
1018 2407 1141 2457 atque
1171 2403 1378 2445 consulem
1406 2401 1626 2454 suffectum
1654 2403 1785 2456 fuisse
1813 2404 1889 2446 sub
1919 2403 2090 2446 initium

368 2473 538 2527 imperii
566 2472 787 2514 Antonini.
840 2471 956 2514 Nam
985 2471 1096 2525 quod
1123 2471 1170 2513 in
1199 2471 1426 2525 diplomate
1454 2470 1639 2513 militari
1665 2471 1756 2513 III
1777 2475 1830 2513 41
1850 2486 1899 2526 p.
1920 2474 2003 2514 883
2032 2472 2088 2526 ef.

370 2541 457 2583 III
480 2540 526 2584 S.
546 2555 594 2594 p.
615 2542 727 2582 1988
758 2539 856 2582 dato
887 2540 1004 2582 intra
1035 2554 1073 2581 a.
1097 2538 1273 2582 149JJ53
1301 2539 1577 2582 nominantur
1606 2538 1839 2582 Marcellus
1866 2546 1908 2582 et
1937 2538 2090 2584 Gallus

367 2624 452 2650 cos.
484 2612 523 2651 et
551 2607 648 2650 inde
676 2607 712 2651 S
718 2607 764 2650 O.
789 2607 999 2650 eonditum
1021 2611 1206 2662 putatur
1234 2610 1273 2649 et
1300 2607 1439 2661 ipsum
1469 2607 1584 2649 cirea
1615 2621 1655 2649 a.
1675 2609 1868 2658 149l153,
1900 2621 1950 2650 ex
1977 2607 2089 2650 nudo

369 2676 490 2719 Galli
518 2676 758 2731 ooqnomine
786 2676 893 2718 satis
931 2675 1099 2730 vulqari
1131 2689 1397 2729 nequaquam
1435 2676 1621 2730 sequitur
1659 2675 1767 2718 huno
1795 2689 1954 2730 quoque
1992 2689 2088 2719 oon-

370 2745 500 2787 sulem
531 2744 797 2787 tribuendum
826 2757 912 2787 esse
938 2745 1056 2799 qenti
1082 2743 1266 2788 Anniae.

286 2814 371 2856 494
402 2813 502 2856 Sex.
534 2812 706 2854 Annius
737 2811 888 2856 Gallus
925 2812 1171 2855 nominatur
1205 2813 1251 2854 in
1282 2815 1310 2854 t.
1339 2811 1453 2854 servi
1480 2811 1560 2854 XI
1582 2814 1690 2854 1953
1713 2811 1944 2863 Perusino;
1983 2812 2090 2855 eius-

374 2881 466 2923 dem
486 2880 659 2923 libertus
678 2880 841 2923 videtur
862 2880 962 2924 Sex,
985 2880 1156 2923 Annius
1181 2879 1400 2935 Euryalus
1421 2879 1466 2922 in
1493 2879 1626 2922 altero
1647 2879 1854 2922 Perusino
1873 2879 1954 2922 XI
1964 2882 2090 2924 2030.

289 2950 371 2992 495
402 2955 587 2991 ANNIVS
618 2954 942 3003 HONORATVS,
985 2949 1035 2991 L.
1066 2948 1182 2991 Anni
1222 2947 1362 2990 Italici
1401 2948 1614 2990 Honorati
1653 2954 1696 2989 et
1735 2946 1947 2990 Gavidiae
1985 2948 2091 2990 Tor-

375 3023 531 3073 quatae
559 3016 673 3059 filius
702 3020 959 3060 memoratur
987 3018 1033 3059 in
1062 3017 1197 3059 titulis
1217 3016 1363 3072 patris
1391 3016 1482 3059 III
1500 3019 1621 3060 1071.
1652 3019 1778 3060 1072.

290 3085 373 3127 496
403 3084 574 3127 Annius
626 3085 894 3140 Honoratus,
942 3089 969 3128 t.
1008 3098 1186 3140 qraeeus
1228 3084 1402 3127 mutilus
1450 3083 1914 3139 Lebas-Waddinqton
1957 3088 2092 3137 2316·;

378 3185 387 3195 .
406 3185 416 3194 .
435 3185 445 3194 .
463 3185 472 3194 .
500 3150 655 3195 Ἄννιον
687 3151 898 3210 Ὁνορᾶτον
930 3186 939 3195 .
959 3186 968 3195 .
988 3186 998 3196 .
1017 3186 1026 3196 .
1058 3152 1266 3210 [ἔ]παρχον
1297 3152 1406 3209 εἴλης
1437 3184 1446 3194 .
1464 3184 1477 3195 .
1494 3184 1504 3194 .
1521 3184 1532 3194 .
1586 3151 1819 3194 Parentela
1849 3153 2092 3195 coniunctus

375 3220 539 3263 videtur
569 3234 661 3262 eum
690 3221 741 3262 L.
772 3221 916 3263 Annio
946 3221 1101 3264 Italico
1129 3220 1364 3271 Honorato,
1395 3220 1578 3273 fortasse
1597 3222 1740 3273 pater.

293 3289 375 3332 497
403 3294 588 3330 ANNIVS
620 3294 861 3343 ITALICVS,
893 3289 944 3332 L.
975 3288 1093 3331 Anni
1123 3288 1262 3331 Italici
1290 3287 1503 3330 Honorati
1535 3293 1577 3328 et
1605 3286 1817 3330 Gravidiae
1845 3287 2094 3344 Torquatae

378 3355 492 3399 filius
520 3359 777 3399 memoratur
805 3356 851 3399 in
881 3357 1015 3399 titulis
1035 3357 1182 3411 patris
1210 3356 1299 3399 III
1319 3358 1439 3400 1071.
1471 3357 1597 3399 1072.
1649 3354 1716 3409 Cf.
1742 3369 1784 3400 n.
1804 3357 1901 3398 498.
