2202 3730
14 340 21 347 ο
102 289 346 325 CLAVDIVS
965 284 1049 326 353
1659 289 1904 326 CLAVDIVS

269 418 534 473 Heyesippus
581 420 697 474 apud
737 420 894 463 Euseb.
940 420 1035 465 hist.
1080 420 1176 462 eccl.
1220 423 1269 471 3,
1313 423 1372 464 32
1414 419 1486 473 (ab
1529 420 1715 462 Eusebio
1749 419 1907 474 pendet

185 486 424 531 Chronicon
452 487 663 530 Paschalc
682 503 731 542 p.
752 492 833 531 471
855 488 916 532 ed.
937 488 1191 542 Bonnensis)
1220 490 1418 531 narravit
1449 488 1692 531 Simeonem
1722 487 1905 530 alterum

184 555 276 610 (qui
295 554 451 609 fertur)
472 557 720 612 episcopum
741 556 1182 612 Hierosolymitanum
1214 564 1387 599 eentum
1406 557 1562 611 viginti
1592 571 1727 599 annos
1757 562 1904 598 natum

182 625 437 680 martyrium
478 639 652 680 passum
694 640 787 667 esse
826 626 889 668 ἐπὶ
929 625 1126 683 Τραιανοῦ
1166 624 1366 682 Καίσαρος
1402 627 1466 668 καὶ
1506 627 1694 668 ὑπατικοῦ
1725 622 1902 675 Ἀττικοῦ,

182 692 292 735 unde
328 693 450 747 vulyo
482 708 567 747 pro
607 697 716 736 certo
754 695 959 736 statuitur
987 693 1179 735 Atticum
1210 697 1382 748 patrem
1421 693 1606 736 Herodis
1646 693 1800 748 Syriae
1842 693 1907 735 vel

183 760 371 803 Iudaeae
410 760 686 804 Palaestinae
716 762 972 815 praefuisse.
1038 761 1208 804 Atticus
1252 761 1324 804 ille
1361 763 1436 815 qui
1474 762 1632 803 dicitur
1669 760 1906 803 consularis

182 829 342 871 scilicet
371 829 544 884 leyatus,
573 830 746 872 nonnisi
774 829 930 884 Syriae
949 842 1127 884 praeses
1157 843 1242 872 esse
1262 830 1419 883 potuit,
1451 843 1544 871 cum
1572 829 1780 872 Iudaeam
1809 832 1906 871 tunc

184 898 384 951 temporis
406 898 621 952 praetorii
648 901 849 952 reyerent.
908 897 996 940 Sed
1029 901 1078 939 ut
1114 898 1318 940 incertum
1358 901 1419 940 est
1457 898 1504 940 in
1533 899 1772 952 coynomine
1800 898 1906 940 satis

182 966 351 1020 vulyari
379 965 487 1020 (vide
517 979 651 1019 supra
682 980 731 1019 p.
753 965 864 1019 178),
902 980 1002 1007 num
1041 965 1157 1020 apud
1194 965 1477 1020 Heyesippum
1515 965 1814 1021 intelleyendus
1851 966 1907 1007 sit

189 1034 252 1076 Ti.
275 1033 485 1076 Claudius
514 1033 697 1084 Atticus,
729 1034 794 1076 ita
823 1037 992 1084 auctor,
1024 1035 1143 1076 cuius
1173 1036 1263 1076 tota
1290 1035 1487 1076 narratio
1519 1033 1568 1076 de
1597 1034 1671 1076 illo
1700 1035 1907 1088 martyrio

180 1115 362 1156 prorsus
392 1116 421 1144 a
447 1116 543 1144 vero
587 1102 813 1144 abhorrere
850 1101 1026 1152 videtur,
1066 1103 1204 1144 nescio
1244 1116 1301 1144 an
1334 1102 1500 1144 nullam
1527 1105 1740 1145 mereatur
1769 1102 1905 1157 fidem.

186 1170 303 1223 Quae
325 1184 410 1212 non
429 1173 572 1224 potest
599 1184 684 1212 non
705 1170 906 1224 deneyari
922 1170 1060 1212 verbis
1080 1171 1261 1223 fortasse
1292 1171 1345 1212 ab
1377 1174 1547 1212 auctore
1575 1171 1667 1225 ipso
1698 1171 1907 1225 corruptis

185 1239 373 1293 Martyr.
403 1238 571 1291 Iynatii
597 1253 646 1292 p.
674 1242 757 1281 307
785 1242 882 1280 acta
912 1239 1079 1292 Iynatii
1112 1238 1173 1282 ed.
1205 1238 1331 1280 Zahn
1362 1240 1403 1281 ἐν
1436 1238 1513 1281 ἔτει
1543 1239 1709 1295 πέμπτῳ
1740 1239 1906 1296 (ἐννοίτῳ

185 1307 290 1349 liber
319 1307 471 1360 Oxou.)
502 1311 572 1362 τῆς
606 1308 805 1364 βασιλείας
834 1305 1031 1363 Τραιανοῦ
1062 1307 1264 1362 Καίσαρος
1292 1309 1356 1349 καὶ
1390 1307 1560 1363 δευτέρῳ
1591 1307 1668 1350 ἔτει
1699 1308 1907 1353 ἐνυπατίας

184 1376 244 1435 (ἐν
266 1376 408 1430 ὑπατίᾳ
428 1374 580 1427 Oxon.)
603 1373 771 1417 Ἀττικοῦ
792 1377 857 1417 καὶ
874 1375 1100 1431 Σουρβανοῦ
1122 1373 1198 1426 (sic
1218 1375 1366 1426 Oxon„
1389 1376 1456 1417 καί
1478 1375 1687 1432 Σουρβινόν
1714 1374 1905 1424 Vatican,

182 1442 347 1486 Ἀττικοῦ
369 1443 647 1500 Σουβουρανοῦ
667 1444 836 1497 scr-ipsit
852 1443 994 1497 Zahn)
1015 1445 1079 1486 καὶ
1098 1443 1362 1499 Μαρκέλλους
1384 1457 1486 1485 nam
1504 1446 1554 1484 ut
1572 1444 1739 1485 omnino
1762 1446 1909 1484 auctor

179 1515 356 1566 praeter
376 1511 562 1553 consules
584 1526 623 1553 a.
640 1515 722 1554 104
742 1511 858 1566 (Sex.
874 1511 1059 1567 Attium)
1083 1511 1358 1554 Suburanum
1380 1514 1418 1553 et
1439 1511 1523 1566 (M.
1543 1510 1760 1565 Asinium)
1782 1511 1907 1553 Mar-

182 1580 329 1622 cellum
357 1580 484 1622 etiam
514 1579 763 1634 leyationem
791 1579 930 1621 Attici
965 1594 1198 1622 memorare
1237 1579 1435 1629 voluerit,
1477 1579 1586 1621 hanc
1628 1594 1678 1622 ex
1706 1579 1906 1629 Eusebio,

183 1649 302 1691 cuius
330 1648 555 1691 historiam
585 1662 677 1691 eum
699 1648 906 1702 expilasse
927 1651 1092 1690 constat
1112 1649 1183 1703 (cf.
1206 1647 1348 1691 adnot.
1371 1647 1533 1689 Zahnii
1552 1647 1610 1689 ad
1629 1647 1654 1691 l.
1678 1647 1736 1701 l.),
1769 1648 1907 1690 alieno

183 1717 273 1759 loco
310 1731 401 1759 eum
439 1717 660 1759 intrusisse
690 1716 978 1771 probabiliter
1008 1716 1183 1758 coniecit
1213 1715 1352 1758 Zahn.
1410 1715 1546 1757 Falso
1575 1716 1707 1769 iyitur
1735 1715 1908 1758 Asbach

182 1785 453 1828 Jahrbaeher
492 1785 563 1827 des
604 1785 773 1827 Vereins
817 1785 891 1827 der
928 1784 1371 1838 Alterthumsfreunde
1409 1784 1456 1826 in
1496 1783 1574 1826 den
1611 1783 1908 1827 Rheinlanden

180 1854 372 1896 LXXII
394 1852 543 1908 (1882)
574 1868 622 1907 p.
653 1856 707 1896 39
746 1853 835 1895 loco
866 1867 952 1907 pro
988 1854 1169 1895 arbitrio
1207 1855 1370 1895 mutato
1408 1853 1475 1894 uti
1501 1851 1662 1894 studuit
1691 1853 1748 1894 ad
1777 1867 1909 1895 annos

183 1922 422 1964 consulatus
467 1925 506 1964 et
549 1921 772 1976 leyationis
812 1922 1054 1964 accuratius
1094 1920 1413 1963 constituendos.
1455 1945 1508 1950 —
1549 1919 1694 1974 Neque
1724 1921 1910 1975 probari

136 1988 147 1991 ”
178 1993 321 2045 potest
358 1991 565 2032 sententia
604 1990 922 2044 Dittenberyeri
955 1989 1134 2032 Hermes
1162 1989 1298 2031 XIII
1321 1989 1463 2044 (1878)
1494 2003 1543 2042 p.
1575 1991 1632 2030 77
1668 1989 1910 2031 conicientis

180 2058 227 2100 in
257 2061 284 2100 t.
316 2061 382 2108 10,
424 2071 503 2111 quo
532 2057 714 2100 honorat
744 2058 893 2100 civitas
920 2057 1193 2112 Gytheatium
1222 2057 1413 2098 Atticum
1439 2055 1640 2113 κηδεμόνα
1669 2060 1738 2098 τοῦ
1769 2056 1910 2103 ἔθνους

182 2126 288 2182 (scil.
327 2126 374 2168 E
380 2125 788 2182 leutherolaconum),
829 2126 1070 2180 siqnificari
1106 2125 1173 2167 his
1211 2125 1349 2167 verbis
1382 2124 1677 2178 proconsulem
1715 2123 1910 2167 Achaiae

180 2195 244 2237 vel
273 2195 455 2249 leyatum
485 2194 543 2236 ad
566 2193 857 2249 corriyendum
877 2197 1057 2245 statum;
1084 2208 1215 2247 neque
1236 2194 1346 2235 enim
1366 2193 1503 2235 omitti
1522 2192 1667 2246 potuit
1686 2193 1909 2238 ἀνθύπατος

181 2266 220 2305 et
247 2263 533 2316 requireretur
565 2263 730 2304 omnino
758 2277 844 2316 pro
875 2262 1015 2308 ἔθνους
1044 2276 1140 2304 voce
1170 2262 1378 2318 ἐπαρχεία.

270 2330 466 2373 Vibullia
485 2330 612 2373 Aleia
633 2345 743 2372 uxor
765 2334 792 2372 t.
809 2334 848 2372 1.
871 2334 908 2372 7.
929 2333 992 2382 15,
1016 2329 1161 2372 liberi:
1186 2330 1252 2373 Ti.
1276 2329 1485 2372 Claudius
1504 2328 1675 2371 Atticus
1695 2329 1904 2384 Herodes,

179 2399 246 2443 Ti.
277 2398 485 2442 Claudius
511 2399 683 2441 Atticus
708 2398 997 2441 Herodianus.
1064 2397 1246 2441 Claudia
1272 2397 1484 2440 Athenais
1514 2411 1636 2439 soror
1668 2400 1718 2439 ut
1743 2397 1907 2439 videtur

178 2482 215 2509 v.
246 2468 368 2522 infra
395 2468 471 2510 sub
500 2466 700 2511 Claudia.
758 2467 900 2509 Homo
927 2481 1118 2508 summae
1152 2465 1434 2519 liberalitatis,
1469 2480 1555 2521 qua
1588 2466 1822 2521 praecipue
1858 2466 1902 2507 in

179 2536 296 2578 cives
335 2535 620 2578 Athenienses
665 2550 769 2577 usus
815 2542 881 2577 est
924 2534 1131 2577 Philostr.
1169 2534 1194 2576 l.
1232 2534 1257 2576 l.
1293 2535 1325 2589 ἕ
1356 2536 1457 2576 4-5.
1494 2558 1553 2564 -
1598 2533 1904 2589 Scopelianum

180 2604 416 2660 sophistam
447 2604 630 2660 hospitio
659 2604 830 2660 excepit
859 2603 917 2645 id.
947 2607 986 2653 1,
1017 2606 1087 2653 21,
1120 2606 1184 2645 13.

94 2674 177 2716 655
207 2679 271 2715 TI.
303 2679 549 2715 CLAVDIVS
580 2678 789 2714 ATTICVS
820 2678 1068 2722 HERODES,
1101 2670 1251 2713 consul
1281 2685 1393 2712 anno
1416 2671 1510 2712 143.
1555 2669 1624 2712 De
1648 2669 1783 2712 titulis
1813 2671 1902 2713 eius

180 2745 220 2784 et
248 2742 395 2795 patris
433 2741 690 2795 coynominis
724 2740 1028 2794 distinyuendis
1063 2743 1102 2782 et
1141 2739 1190 2782 de
1230 2738 1383 2792 titulis,
1427 2739 1502 2792 qui
1536 2738 1595 2781 ad
1630 2742 1774 2781 utrum
1803 2754 1904 2794 per-

182 2810 344 2852 tineant
381 2809 552 2852 dubium
583 2812 655 2859 est,
693 2809 740 2851 in
775 2809 1014 2850 universum
1044 2807 1298 2861 conferenda
1325 2810 1424 2849 sunt
1452 2821 1558 2860 quae
1591 2820 1724 2861 supra
1752 2822 1794 2850 n.
1824 2810 1904 2851 654

179 2878 364 2932 exposui.
421 2876 584 2919 Titulos
612 2879 751 2919 autem
780 2876 1028 2930 Olympicos,
1067 2877 1140 2929 qui
1168 2875 1227 2918 ad
1254 2875 1467 2918 Herodem
1494 2875 1786 2929 familiamque
1815 2876 1904 2918 eius

178 2948 378 3000 spectant,
422 2945 553 2987 edidit
592 2948 631 2987 et
670 2944 903 2987 illustravit
931 2943 1241 2997 Dittenberyer,
1278 2943 1346 2986 De
1376 2943 1562 2986 Herodis
1590 2942 1731 2986 Attici
1757 2957 1901 2986 manu-

178 3015 328 3056 mentis
356 3014 598 3068 Olympicus,
629 3013 766 3055 Index
795 3012 1034 3054 scholarum
1053 3012 1256 3054 Halensis
1286 3027 1325 3054 a.
1356 3014 1481 3062 1892,
1511 3011 1622 3054 unde
1649 3025 1753 3066 quos
1781 3011 1903 3064 infra

180 3082 411 3132 attulimus,
442 3081 488 3124 D
514 3081 657 3123 littera
685 3084 724 3122 et
744 3081 1009 3134 payinarum
1032 3081 1218 3122 numeris
1243 3080 1471 3135 adscriptis
1500 3080 1843 3134 siqnificavimus.

265 3149 316 3203 I)
346 3150 445 3203 Ipse
467 3149 615 3203 posuit
645 3148 689 3197 a)
719 3147 907 3190 Atticos:
942 3145 1044 3190 GIA
1075 3148 1165 3190 III
1186 3151 1239 3190 69
1270 3147 1342 3202 (1),
1373 3162 1454 3202 quo
1482 3148 1679 3202 templum
1707 3147 1902 3189 Athenae

180 3217 410 3268 dedicavit;
439 3217 530 3259 III
550 3219 632 3258 403
662 3214 738 3269 (2),
769 3230 850 3269 quo
880 3219 1189 3258 monumentum
1216 3217 1354 3259 nescio
1384 3216 1495 3270 quod
1504 3230 1518 3268 ,·
1548 3217 1708 3259 Δελτίον
1741 3217 1900 3271 ἀρχαιο-

180 3286 333 3343 λογικόν
352 3288 465 3328 1888
477 3300 525 3339 p.
542 3287 623 3327 189
643 3283 715 3338 (3),
737 3298 816 3337 quo
835 3286 880 3327 τὸ
903 3283 1163 3340 ἀγορανόμων
1177 3299 1187 3337 3
1202 3284 1349 3338 posuit
1363 3283 1535 3327 Anniae
1554 3283 1748 3338 Reyillae
1774 3283 1902 3325 uxori

177 3355 295 3396 vivae
325 3358 353 3396 t.
385 3353 636 3396 Eleusinum
663 3351 882 3408 Ἐφημερὶς
912 3354 1195 3408 ἀρχαιολογική
1226 3352 1315 3395 ΙΙΙ
1335 3351 1478 3407 (1885)
1500 3367 1549 3407 p.
1569 3355 1655 3395 152
1681 3365 1723 3396 n.
1743 3353 1804 3395 28
1823 3350 1896 3406 (4),

164 3426 445 3462 Prosopographia
461 3425 544 3461 1mp.
564 3425 655 3452 Rom.
693 3424 720 3452 1.
1580 3419 1626 3455 23
