2202 3730
142 283 363 321 CLAVDIA
998 278 1084 321 409
1728 284 1947 321 CLAVDIA

226 415 415 469 Comptes
446 415 601 458 rendus
632 415 681 458 de
712 415 968 457 l'Academie
1002 415 1073 458 des
1110 416 1383 470 inscriptions
1421 418 1462 457 et
1500 414 1624 457 belles
1663 413 1804 456 lettres
1835 417 1945 457 1889

219 498 269 537 p.
299 487 403 526 202.
1183 513 1188 517 ·

137 551 215 593 871
252 558 473 593 CLAVDIA
499 558 733 594 OCTAVIA.
793 551 945 594 Tituli:
972 552 1164 593 urbanus
1184 552 1230 593 in
1250 565 1355 593 arcu
1382 551 1561 594 Claudii
1580 551 1649 593 VI
1661 554 1745 594 921
1764 565 1806 593 η.
1825 554 1853 593 5
1873 551 1945 606 (1),

220 620 298 662 ubi
325 621 378 662 ab
406 622 529 662 initio
549 620 631 662 duo
656 633 799 662 versus
823 621 1001 674 periisse
1026 620 1223 662 dicuntur
1248 634 1276 661 a
1296 619 1534 669 Florentio,
1556 620 1630 673 qui
1649 633 1759 661 unus
1779 619 1946 661 titulum

223 687 482 742 deperditum
506 689 605 731 olim
626 688 868 742 descripsit;
899 687 1072 730 Samius
1098 701 1249 741 yraece
1267 690 1449 742 scriptus
1477 687 1652 738 Gue'riu,
1675 687 1944 741 Description

223 755 294 797 des
322 756 399 798 iles
429 756 478 799 de
505 756 680 798 Patmos
710 759 749 798 et
779 755 828 797 de
858 755 1011 798 Samos
1033 770 1080 809 p.
1101 758 1184 798 215
1215 756 1302 809 (2);
1339 759 1598 798 memoratur
1626 757 1672 798 iri
1707 759 1735 798 t.
1771 755 1946 798 libertae

223 823 292 866 VI
303 826 413 867 9015
433 824 505 879 (3),
536 838 752 867 servarum
778 823 847 866 VI
856 826 967 866 5539
987 823 1058 877 (6).
1081 826 1193 866 9037
1210 823 1284 878 (7),
1308 824 1484 866 libertae
1503 826 1655 866 matris
1671 824 1739 866 VI
1752 826 1865 866 8943
1885 823 1944 878 (8)

222 895 261 934 et
281 894 450 946 passim
483 894 530 935 in
561 894 669 935 actis
696 891 935 934 Arvalium.
966 916 1023 921 —
1055 891 1232 933 Nummi
1260 894 1348 934 eius
1382 894 1428 934 iu
1463 892 1638 934 coloniis
1667 893 1759 934 cusi
1784 892 1946 934 Eckhel

225 960 294 1002 VI
307 975 356 1014 p.
376 963 463 1003 285
483 973 557 1014 sq„
589 958 728 1002 Coheu
757 959 811 1001 12
838 974 885 1013 p.
906 962 993 1002 312
1010 972 1097 1013 sqq.

308 1028 474 1070 Nomen
499 1027 755 1082 yeutilicium
779 1029 967 1082 positum
999 1030 1059 1070 est
1089 1028 1135 1069 iri
1166 1030 1194 1069 t.
1225 1030 1278 1078 2;
1313 1041 1414 1069 uum
1448 1029 1582 1082 fuerit
1609 1029 1655 1071 in
1686 1031 1713 1069 t.
1741 1031 1781 1078 1,
1813 1029 1944 1070 incer-

224 1099 311 1138 tum
341 1100 415 1139 cst.
465 1096 583 1138 Num
612 1110 664 1138 ea
690 1109 839 1138 nomeu
866 1095 1127 1150 gentilicium
1155 1110 1204 1138 re
1231 1109 1332 1137 vera
1358 1098 1546 1150 yesserit‚
1578 1095 1772 1138 dubitari
1789 1099 1942 1150 potest,

221 1178 311 1206 cum
350 1166 397 1207 iri
436 1166 542 1207 actis
570 1163 798 1206 Arvalium
835 1177 997 1218 semper
1033 1164 1143 1206 raude
1183 1163 1351 1206 dicatur
1381 1163 1576 1206 Octavia.
1638 1163 1725 1207 Sed
1761 1164 1944 1217 fortasse

218 1247 367 1275 nomen
377 1236 608 1287 paternum
629 1233 794 1283 abiecit,
818 1235 1046 1286 postquam
1066 1232 1114 1274 in
1134 1232 1268 1274 aliam
1284 1235 1447 1285 yentem
1468 1231 1674 1286 adoptata
1702 1235 1774 1274 est.
1825 1232 1946 1286 Quod

217 1304 356 1343 autem
391 1302 438 1343 iri
468 1304 495 1343 t.
526 1304 554 1342 3
591 1303 849 1357 memoratur
882 1300 1086 1355 Claudia,
1130 1299 1339 1342 Octaviae
1379 1300 1470 1341 divi
1501 1299 1674 1343 Claudii
1711 1300 1740 1342 f.
1772 1299 1941 1355 liberta,

216 1369 382 1412 Peloris
411 1369 509 1412 inde
536 1369 645 1412 nihil
666 1369 715 1412 de
742 1368 956 1411 Claudiae
983 1370 1150 1411 nomine
1171 1368 1415 1411 concludere
1441 1369 1548 1419 licet,
1581 1370 1779 1422 quoniam
1798 1372 1943 1411 notum

216 1441 277 1479 est
322 1437 511 1480 mulieris
557 1437 728 1480 libertos
771 1438 995 1491 sumpsisse
1045 1450 1194 1479 nomen
1236 1436 1501 1491 gentilicium
1536 1438 1682 1491 patris
1714 1440 1940 1491 patronae.

217 1505 428 1548 Octaviae
458 1505 583 1548 Caes.
605 1505 719 1560 Aug.
751 1505 781 1550 f.
811 1509 838 1549 t.
871 1508 909 1556 6,
941 1505 1055 1559 Aug.
1087 1504 1116 1547 f.
1148 1508 1175 1547 t.
1205 1508 1246 1555 7,
1278 1504 1402 1548 Caes.
1433 1504 1547 1560 Aug.
1578 1505 1726 1560 (uxor)
1758 1508 1786 1547 t.
1815 1508 1856 1548 8.
1890 1531 1940 1535 -

217 1574 401 1617 Octavia
430 1576 476 1618 in
504 1576 687 1617 nummis
717 1577 757 1616 et
786 1574 904 1629 apud
930 1575 1168 1629 scriptores.

301 1643 577 1699 Imperatoris
617 1642 789 1685 Claudii
829 1649 872 1684 et
902 1641 1105 1685 Valeriae
1139 1641 1400 1684 Messalinae
1438 1641 1529 1684 filia
1573 1642 1671 1686 Tac.
1704 1656 1744 1686 a.
1776 1645 1841 1692 11,
1872 1645 1939 1693 34,

214 1711 386 1755 Suetou.
415 1710 570 1754 Claud.
592 1714 663 1761 27,
694 1710 859 1766 Ioseph.
882 1714 969 1753 ant.
991 1714 1056 1762 15,
1077 1713 1119 1762 8,
1141 1709 1184 1753 1.’
1235 1709 1303 1753 De
1334 1724 1445 1753 armo
1473 1711 1615 1753 riatali
1642 1724 1728 1752 nou
1756 1714 1944 1762 coustat;

213 1796 252 1824 a.
283 1781 337 1823 62
366 1778 512 1836 puella
539 1780 744 1822 vicesimo
774 1780 927 1821 aetatis
957 1793 1069 1823 anno
1100 1779 1259 1821 dicitur
1289 1780 1432 1821 occisa
1457 1779 1556 1822 Tac.
1584 1793 1624 1822 a.
1647 1782 1713 1829 14,
1735 1782 1800 1829 64,
1831 1779 1942 1821 unde

212 1852 320 1891 nata
340 1851 434 1890 erat
454 1862 493 1890 a.
514 1851 573 1891 42
591 1847 655 1890 vel
673 1851 739 1890 43.
788 1848 1014 1891 Suetonius
1035 1851 1174 1890 autem
1195 1861 1286 1890 cum
1307 1848 1489 1890 scribat:
1517 1847 1763 1902 (Claudius)
1782 1847 1941 1890 liberos

215 1916 313 1959 tulit
335 1942 388 1947 —
408 1941 464 1947 —
486 1931 542 1958 ex
560 1915 796 1958 Messalina
816 1915 1043 1959 Octaviam
1075 1922 1118 1958 et
1138 1916 1440 1958 Britannicum
1471 1914 1563 1969 (qui
1590 1930 1702 1958 anno
1731 1919 1785 1958 41
1812 1919 1941 1958 natus

157 2003 167 2005 ’
213 1989 273 2029 est
292 1986 347 2039 cf.
368 1998 502 2039 supra
527 1998 569 2027 n.
592 1984 701 2039 666),
722 1986 813 2027 sirie
834 1985 962 2027 dubio
981 1984 1119 2039 filiam
1136 1987 1244 2027 natu
1264 1986 1465 2026 maiorem
1487 1985 1640 2026 statuit
1660 1987 1700 2026 et
1717 1982 1805 2027 Dio
1826 1987 1894 2034 60,
1914 1987 1942 2027 5

212 2057 368 2096 ‘narrat
407 2068 520 2095 anno
551 2054 601 2095 41
638 2052 870 2095 Claudium
909 2068 1002 2095 eam
1035 2052 1183 2095 Silano
1213 2052 1516 2108 despondisse3
1556 2052 1667 2094 unde
1698 2051 1941 2107 Nipperdey

214 2123 272 2165 ad
305 2122 403 2165 Tac.
436 2121 462 2163 l.
499 2121 526 2163 l.
558 2123 733 2164 coniecit
770 2122 962 2164 Tacitum
989 2122 1207 2175 scripsisse
1237 2121 1589 2168 duoetvicesimo.
1651 2120 1862 2174 Vtcuuque
1892 2121 1941 2163 de

211 2191 350 2233 verbis
390 2190 529 2232 Taciti
565 2189 803 2240 iudicatur,
845 2192 1003 2231 certum
1041 2188 1207 2232 videtur
1243 2188 1464 2232 Octaviam
1503 2192 1601 2231 ante
1638 2187 1941 2232 Britannicum

209 2262 360 2302 natam
389 2270 487 2302 esse.

295 2326 424 2369 Anno
445 2326 496 2368 41
521 2325 734 2381 desponsa
754 2332 819 2368 est
838 2326 889 2368 L.
910 2326 1036 2368 Iunio
1059 2325 1206 2368 Silano
1228 2325 1488 2381 (Torquato)
1508 2324 1596 2368 Dio
1617 2328 1682 2375 60,
1703 2327 1744 2376 5,
1776 2325 1874 2367 Tac.
1897 2340 1936 2368 a.

150 2428 153 2430 ψ
210 2399 280 2446 12,
310 2398 350 2446 3,
383 2394 554 2438 Suetou.
578 2392 732 2436 Claud.
763 2397 834 2437 24.
860 2397 932 2438 27.
987 2393 1116 2436 Anno
1146 2394 1201 2436 48
1243 2400 1427 2435 exeunte
1457 2392 1663 2436 Claudius
1692 2392 1939 2450 Agrippina

210 2465 456 2518 instigante,
491 2477 602 2519 quae
631 2463 805 2518 nuptias
833 2462 1042 2505 Octaviae
1072 2469 1114 2504 et
1142 2462 1328 2504 Neronis
1357 2460 1635 2516 moliebatur,
1668 2461 1933 2504 adfinitatem

212 2532 348 2575 Silani
374 2531 549 2574 diremit
573 2531 671 2573 Tac.
695 2545 732 2575 a.
754 2534 825 2582 12,
846 2535 886 2574 4.
915 2531 1045 2574 Anno
1069 2531 1124 2573 49
1155 2529 1362 2573 Claudius
1392 2545 1486 2572 eam
1514 2530 1678 2572 Neroni
1709 2529 1939 2587 despondit

209 2601 296 2645 ibd.
326 2603 396 2651 12,
426 2602 465 2650 9,
497 2599 674 2643 Sueton.
703 2598 858 2642 Claud.
888 2602 951 2643 27
978 2606 1020 2641 et
1047 2600 1092 2640 in
1123 2598 1252 2640 aliam
1280 2605 1452 2653 gentem
1483 2598 1774 2654 adoptandam
1805 2598 1935 2654 dedit,

210 2685 266 2712 ne
285 2668 409 2711 fratri
429 2667 634 2724 adoptivo
655 2668 845 2710 nuberet.
856 2667 946 2710 Dio
966 2671 1032 2718 60,
1053 2670 1108 2709 33
1127 2667 1347 2722 (Zonaras
1356 2670 1421 2717 11,
1438 2666 1523 2721 10).
1555 2666 1684 2708 Anno
1700 2667 1755 2709 53
1775 2667 1937 2710 Neroni

209 2738 360 2795 nupsit
391 2736 489 2779 Tac.
513 2750 552 2780 a.
574 2740 645 2787 12,
665 2738 733 2787 58,
764 2736 933 2780 Sueton.
967 2735 1084 2778 Nero
1115 2739 1155 2778 7.
1205 2735 1321 2777 Nero
1353 2736 1436 2777 cito
1468 2734 1679 2778 Octaviae
1709 2741 1935 2777 consuetu-

206 2806 351 2848 dinem
381 2811 636 2861 aspernatus
665 2804 999 2861 corripientibus
1029 2805 1177 2846 amicis
1207 2803 1406 2845 sufficere
1431 2803 1494 2846 illi
1524 2802 1683 2846 debere
1714 2803 1937 2860 respondit

209 2874 365 2916 uxoria
404 2879 656 2915 ornamenta
695 2879 739 2915 et
767 2874 813 2914 in
842 2872 975 2915 Actes
1004 2872 1186 2915 libertae
1216 2886 1405 2914 amorem
1434 2871 1636 2928 delapsus
1667 2879 1732 2915 est
1761 2871 1932 2915 Suetou.

212 2942 328 2985 Nero
347 2944 412 2997 35,
450 2941 548 2985 Tac.
571 2956 612 2984 a.
632 2945 700 2993 13,
722 2944 792 2986 12.
836 2941 1044 2984 Dolorem
1064 2942 1180 2983 necis
1202 2941 1443 2983 Britannici
1463 2941 1751 2984 dissimulavit
1775 2941 1874 2984 Tac.
1892 2956 1933 2984 a.

208 3014 274 3062 13,
295 3014 361 3053 16.
416 3009 544 3052 Anno
575 3011 629 3052 62
658 3010 787 3065 Nero,
814 3016 864 3052 ut
893 3010 1056 3065 nuptiis
1083 3010 1313 3065 Poppaeae
1343 3009 1518 3052 domum
1546 3024 1730 3053 vacuam
1760 3009 1933 3065 faceret,

209 3079 437 3122 Octaviam
475 3076 644 3119 amoliri
683 3084 819 3134 parat,
861 3078 1062 3134 quamvis
1100 3076 1294 3120 modeste
1332 3084 1492 3133 ageret,
1522 3079 1697 3120 nomine
1724 3079 1859 3135 patris
1891 3084 1935 3120 et

210 3147 364 3190 studiis
394 3145 543 3203 populi
573 3146 758 3188 invisam
791 3145 878 3188 ibd.
908 3149 975 3196 14,
1005 3148 1071 3188 59.
1132 3145 1286 3202 Specie
1315 3145 1552 3188 sterilitatis
1583 3146 1708 3188 domo
1736 3145 1861 3202 pulsa
1891 3152 1934 3189 et

208 3217 253 3258 in
285 3215 567 3270 Campaniam
607 3215 795 3269 seposita
834 3220 898 3256 est
936 3213 1084 3256 addita
1106 3213 1299 3256 ‘militari
1333 3214 1532 3257 custodia
1560 3214 1646 3258 ibd.
1677 3217 1743 3266 14,
1773 3218 1931 3259 60-61.

207 3284 382 3326 Nerone
402 3290 579 3326 auctore
599 3282 810 3325 Anicetus
830 3282 1011 3324 libertus
1031 3282 1291 3325 adulterium
1323 3284 1414 3325 eius
1445 3282 1667 3325 confessus
1698 3289 1784 3337 estz,
1815 3282 1931 3325 Nero

127 3388 130 3391 .
208 3351 347 3394 edicto
395 3357 639 3408 correptam
681 3350 825 3393 insula
870 3350 1134 3394 Pandateria
1172 3350 1326 3394 clausit
1366 3359 1409 3394 et
1447 3352 1599 3408 paucis
1638 3358 1737 3407 post
1774 3350 1930 3393 diebus
