2202 3730
144 289 424 325 CORNELIVS
1003 283 1087 325 465
1663 284 1945 322 CORNELIVS

232 419 363 462 Verus
403 420 570 462 dicatur
601 420 896 470 Armeniacus,
928 419 1040 473 quod
1066 433 1216 461 nomen
1244 419 1401 473 recepit
1436 419 1513 461 sub
1553 419 1680 473 finem
1719 418 1826 460 anni
1854 419 1946 466 163,

227 488 302 531 sed
330 488 436 531 desit
461 488 692 540 Antonino,
733 489 807 543 qui
843 489 1000 543 recepit
1030 502 1140 530 anno
1170 491 1251 530 164
1281 488 1352 542 (cf.
1383 487 1545 529 Eckhel
1575 486 1672 529 VII
1685 501 1733 541 p.
1761 489 1830 529 72.
1863 483 1947 538 90),

228 557 414 612 efficitur
444 571 581 599 annus
600 556 924 612 proconsularis
952 556 1083 611 Orfiti
1111 570 1151 598 a.
1183 555 1372 598 163l164.
1397 581 1455 586 —-
1473 555 1620 597 Filiae
1645 569 1795 597 nomen
1814 553 1952 608 periit

227 626 274 667 in
304 628 333 667 t.
359 629 403 669 2.

107 728 118 738 .
146 694 255 736 1185
287 693 513 736 Cornelius
554 694 757 747 Senecio,
800 707 933 750 eques
963 693 1183 735 Romanus
1225 691 1477 748 splendidus
1516 707 1567 734 ac
1603 691 1750 746 dives,
1785 691 1950 732 amicus

231 761 421 804 Senecae
451 761 709 818 philosophi,
742 761 883 803 subito
913 766 1108 802 mortuus
1139 759 1301 802 Seneca
1331 761 1449 814 epist.
1472 763 1566 810 101,
1587 763 1688 803 1-4.

146 830 257 871 1186
289 836 332 880 Q.
352 836 633 872 CORNELIVS
656 834 871 871 SENECIO
891 834 1164 870 ANNIANVS.
1202 828 1367 870 Titulus
1388 829 1478 870 eius
1493 828 1750 871 Carteiensis
1764 828 1826 870 II
1837 829 1950 869 1929

226 898 404 940 honores
434 898 579 940 ordine
607 899 772 940 inverso
803 897 978 940 exhibet.
1012 923 1064 927 —
1096 896 1246 938 Patris
1273 910 1424 939 nomen
1443 898 1592 951 periit,
1624 896 1740 939 tribu
1761 895 1950 939 Galeria.

315 966 531 1019 Quaestor
560 966 764 1019 urbanus,
797 965 998 1007 tribunus
1026 964 1178 1021 plebis,
1211 971 1395 1021 praetor,
1427 972 1602 1007 curator
1626 966 1724 1007 viae
1753 964 1950 1017 Latinae,

229 1033 398 1089 legatus
428 1033 610 1088 legionis
631 1034 721 1076 VII
741 1032 952 1076 Geminae
981 1032 1154 1086 Felicis,
1186 1039 1359 1075 curator
1388 1033 1485 1075 viae
1509 1034 1691 1090 Appiae,
1722 1030 1952 1089 proconsul

230 1103 358 1145 Ponti
381 1110 424 1144 et
443 1103 687 1159 Bithyniae,
719 1102 868 1145 consul
890 1101 1108 1158 (suffectus
1131 1116 1242 1145 anno
1262 1102 1460 1156 incerto);
1481 1102 1791 1156 proconsulatu
1808 1104 1952 1143 utrum

228 1172 464 1214 consularis
496 1186 555 1214 an
585 1172 833 1226 praetorius
869 1172 1039 1225 functus
1075 1172 1152 1222 sit,
1195 1185 1245 1213 ex
1275 1171 1398 1213 titulo
1435 1185 1522 1213 non
1551 1174 1732 1226 apparet
1761 1170 1816 1224 cf.
1846 1183 1953 1223 quae

231 1240 434 1282 adnotavi
459 1254 593 1295 supra
624 1241 682 1283 ad
708 1240 752 1282 A
782 1244 888 1291 934;
927 1241 973 1282 in
1002 1241 1086 1295 sine
1116 1240 1326 1283 sacerdoti
1363 1240 1567 1282 Herculis
1607 1243 1729 1282 extra
1767 1238 1953 1281 ordinem

227 1309 486 1363 reliquorum
514 1309 719 1352 honorum
746 1308 931 1360 additur,
962 1309 1072 1351 unde
1100 1312 1210 1351 recte
1230 1309 1411 1352 Hubner
1438 1308 1644 1351 intellexit
1672 1307 1954 1350 sacerdotium
2040 1335 2041 1339 ,

230 1377 430 1420 Herculis
457 1377 680 1420 Gaditani.

147 1446 256 1488 1187
289 1452 332 1496 Q.
356 1452 636 1488 CORNELIVS
659 1452 873 1488 SENECIO
900 1451 1169 1500 PROCVLVS,
1199 1445 1334 1487 frater
1355 1445 1652 1488 Corneliarum
1674 1443 1884 1487 Proculae
1913 1449 1955 1485 et

232 1513 448 1569 Placidae,
479 1514 597 1569 filius
626 1529 723 1569 eryo
753 1515 804 1556 L.
836 1514 1032 1557 Stertinii
1063 1513 1324 1566 Quintiliani
1354 1513 1487 1556 Acilii
1519 1513 1744 1557 Strabonis
1770 1512 1826 1565 Q.
1848 1510 1952 1554 Cor-

230 1582 333 1624 nelii
372 1583 538 1625 Rustici
568 1582 754 1639 Apronii
786 1582 1037 1625 Senecionis
1069 1581 1244 1624 Proculi
1281 1582 1350 1624 VI
1371 1585 1483 1624 1387
1511 1583 1566 1636 cf.
1597 1596 1732 1636 supra
1761 1595 1803 1623 n.
1832 1582 1952 1629 1163,

231 1651 515 1707 praetorieius
539 1650 708 1705 legatus
733 1651 983 1707 provinciae
1004 1650 1135 1692 Asiae
1157 1650 1226 1692 VI
1236 1653 1349 1692 1388
1369 1654 1398 1692 t.
1419 1650 1671 1705 sepulcralis
1692 1665 1720 1692 a
1738 1648 1955 1692 sororibus

221 1720 414 1774 positus,·
443 1719 607 1774 leyatus
631 1720 779 1774 patris
799 1718 1071 1773 proconsulis
1098 1718 1234 1760 Asiae
1265 1718 1484 1761 decessisse
1511 1719 1688 1763 videtur.

148 1788 256 1830 1188
289 1786 517 1830 Cornelius
540 1787 685 1830 Senex
710 1789 823 1830 inter
843 1787 1074 1842 legatarios
1094 1787 1294 1829 Dasumii
1315 1789 1565 1830 nominatur
1586 1787 1654 1829 VI
1665 1790 1809 1830 10229
1826 1800 1863 1830 υ.
1879 1788 1951 1829 28.

148 1856 257 1898 1189
288 1855 516 1899 Cornelius
538 1856 740 1910 Severus,
773 1862 901 1912 poeta
930 1856 1084 1897 aetatis
1104 1855 1306 1910 Augusti,
1338 1855 1394 1898 ad
1415 1871 1545 1911 quem
1567 1855 1753 1898 Ovidius
1781 1855 1956 1911 scripsit

231 1938 282 1966 ex
301 1923 438 1966 Ponto
464 1928 504 1975 4,
535 1928 590 1976 2;
633 1930 769 1967 ‘vates
801 1938 1058 1979 magnorum
1088 1925 1277 1966 maxime
1307 1931 1474 1979 regum‘
1507 1924 1594 1967 ibd.
1624 1938 1661 1966 v.
1693 1927 1743 1975 1,·
1776 1924 1955 1980 ‘quique

141 2011 148 2013 >
231 1992 351 2034 dedit
378 1992 505 2034 Latio
545 2007 720 2035 carmen
755 1991 901 2047 regale
932 1992 1135 2035 Severus³
1164 1992 1222 2034 id.
1254 2007 1305 2035 ex
1334 1992 1472 2035 Ponto
1501 1996 1540 2043 4,
1575 1995 1640 2043 16,
1673 1995 1711 2035 9.
1772 1992 1954 2034 Etiamsi

231 2060 500 2102 versificator
528 2075 658 2117 quam
696 2067 826 2117 poeta
863 2060 1037 2115 melior,
1076 2062 1113 2102 si
1152 2067 1297 2103 tamen
1335 2061 1391 2103 ad
1422 2061 1644 2117 exemplar
1684 2061 1812 2117 primi
1853 2060 1954 2102 libri

236 2128 394 2170 bellum
424 2128 618 2171 Siculum
656 2130 998 2186 perscripsisset,
1029 2129 1274 2171 vindicaret
1301 2129 1382 2171 sibi
1413 2131 1507 2172 iure
1538 2129 1774 2171 secundum
1813 2129 1956 2171 locum

233 2196 407 2251 (scilicet
434 2197 547 2238 inter
565 2200 719 2251 poetas
747 2198 951 2239 carminis
980 2196 1113 2251 heroi)
1151 2197 1327 2250 Quintil.
1357 2198 1491 2242 instit.
1513 2201 1579 2249 10,
1601 2201 1639 2248 1,
1661 2200 1730 2240 89.

177 2289 230 2293 -
262 2265 334 2305 Μ’.
365 2270 561 2306 ACILIVS
592 2271 809 2307 GLABRIO
842 2272 920 2307 CN.
952 2271 1234 2307 CORNELIVS
1266 2272 1503 2311 SEVERVS.

148 2333 258 2375 1190
289 2338 570 2374 CORNELIVS
603 2339 831 2388 SISENNA,
864 2339 1046 2387 senator,
1079 2333 1149 2374 cui
1180 2348 1292 2375 anno
1315 2333 1393 2376 741
1419 2355 1474 2368 =
1498 2335 1550 2376 13
1581 2349 1620 2376 a.
1648 2333 1696 2376 C.
1727 2334 1773 2374 in
1803 2339 1957 2375 senatu

232 2407 409 2457 propter
439 2402 587 2442 uxoris
618 2402 753 2443 vitam
784 2402 964 2443 crimina
995 2401 1163 2444 obiecta
1193 2409 1295 2444 sunt
1323 2401 1412 2444 Dio
1440 2405 1506 2453 54,
1538 2406 1610 2447 27.

316 2469 373 2512 In
409 2471 590 2512 nummis
627 2470 678 2525 I)
718 2471 793 2513 sub
833 2470 1027 2525 Auyusto
1066 2484 1151 2512 non
1191 2473 1289 2513 ante
1329 2485 1367 2515 a.
1401 2474 1485 2514 742
1519 2491 1575 2506 =
1609 2473 1668 2513 12
1697 2486 1736 2513 a.
1766 2471 1813 2514 O.
1845 2472 1956 2514 cusis

233 2537 306 2593 (cf.
336 2537 595 2589 Mommsen,
626 2539 894 2582 Mumwesen
919 2553 968 2593 p.
995 2539 1090 2592 744)
1119 2543 1407 2581 memorantur
1434 2543 1636 2594 quattuor
1664 2540 1815 2582 IIIviri
1855 2556 1956 2582 aere

233 2612 413 2660 argento
454 2621 560 2648 auro
599 2606 742 2649 flando
784 2607 985 2649 feriundo
1022 2607 1227 2661 Sisenna,
1268 2607 1511 2664 AproniuS,
1554 2607 1712 2662 Galus,
1753 2608 1957 2650 Messalla

231 2674 437 2725 Babelon,
471 2675 700 2718 Monnaies
730 2675 779 2718 de
810 2676 854 2718 la
873 2675 1137 2730 Republique
1156 2676 1366 2718 Romaine
1386 2676 1421 2718 I
1434 2691 1481 2730 p.
1504 2679 1603 2719 432.
1659 2677 1769 2719 Item
1797 2678 1959 2719 nummi

233 2742 310 2790 ΙΙ)
342 2743 497 2785 aetatis
522 2743 710 2798 Auyusti
739 2744 783 2785 in
814 2744 971 2787 Sicilia
998 2747 1047 2786 ut
1074 2744 1240 2786 videtur
1270 2745 1361 2786 cusi
1393 2745 1440 2786 in
1461 2747 1592 2799 parte
1623 2744 1800 2787 adversa
1829 2749 1958 2800 caput

232 2810 421 2865 Auyusti
439 2811 632 2854 exhibent
649 2812 848 2866 inscripti
857 2811 1094 2867 Augustus,
1118 2813 1164 2854 in
1181 2826 1329 2855 aversa
1341 2813 1524 2855 Sisenna
1543 2828 1608 2868 pr.
1625 2828 1710 2857 cos.
1727 2814 1778 2858 L.
1792 2813 1956 2857 Statius

231 2878 427 2933 Flaccus,
463 2879 514 2921 P.
545 2879 672 2922 Cotta
700 2879 793 2922 Bal.
823 2881 994 2935 IIvir(i)
1024 2894 1211 2922 museum
1238 2880 1524 2931 Berolinense,
1557 2881 1741 2924 collectio
1772 2881 1954 2935 Imhoof,

235 2946 445 3001 Boryhesi
482 2961 575 3002 opp.
606 2948 668 2990 II
687 2962 734 3002 p.
765 2950 871 2998 324,
916 2948 1202 2990 Numismatic
1241 2949 1451 2991 chronicle
1479 2949 1607 2992 XIV
1627 2948 1774 3007 (1852)
1798 2965 1846 3005 p.
1873 2954 1957 2993 123

235 3014 291 3067 cf.
321 3014 474 3057 XVII
496 3013 635 3069 (1855)
656 3030 704 3070 p.
725 3018 825 3058 218.

322 3081 527 3125 Nummos
558 3097 696 3125 omnes
721 3083 780 3125 ad
798 3083 970 3126 eundem
989 3083 1196 3125 hominem
1215 3088 1490 3127 memoratum
1512 3100 1538 3128 a
1558 3085 1699 3128 Dione
1717 3087 1957 3140 referendos

235 3164 322 3193 esse
351 3152 511 3194 censuit
538 3151 749 3206 Boryhesi
776 3151 803 3193 l.
836 3151 862 3193 l.
885 3166 934 3205 p.
960 3155 1056 3202 326,
1090 3166 1183 3193 cum
1211 3166 1401 3195 nummos
1429 3154 1464 3196 I
1477 3154 1614 3209 paulo
1641 3158 1743 3208 post
1763 3169 1957 3210 puynam

191 3248 195 3252 -
237 3219 463 3262 Actiacam
503 3232 623 3261 cusos
662 3232 747 3261 esse
786 3218 898 3272 falso
929 3220 1190 3274 opinaretur.
1250 3219 1481 3275 Postquam
1517 3226 1655 3264 autem
1685 3222 1794 3264 illud
1819 3237 1956 3265 mone-

236 3288 386 3330 taliwm
427 3287 644 3342 colleyium
681 3301 767 3329 non
806 3290 903 3329 ante
943 3302 982 3332 a.
1015 3291 1099 3331 742
1127 3289 1259 3342 fuisse
1288 3291 1486 3340 constitit,
1522 3292 1612 3332 veri
1631 3305 1792 3345 parum
1822 3292 1957 3334 simile

235 3356 400 3399 videtur
430 3355 669 3399 Cornelium
699 3355 925 3398 Sisennam
956 3357 1030 3409 qui
1055 3357 1142 3410 fuit
1169 3359 1340 3399 senator
1370 3372 1482 3400 anno
1509 3361 1601 3409 741,
1633 3363 1830 3413 quaestor
1860 3375 1956 3414 erqo

221 3428 501 3464 Prosopographia
519 3428 602 3461 Imp.
622 3428 714 3456 Rom.
750 3428 777 3456 1.
1640 3427 1686 3463 30
