2202 3730
275 263 471 311 ASINIVS
1154 265 1235 308 162
1877 259 2073 307 Asmivs

443 403 668 458 Augustus
699 416 797 443 eum
827 401 998 443 dixerat
1028 399 1196 456 imperii
1229 398 1406 441 avidum
1436 405 1478 442 et
1506 401 1716 442 minorem
1751 401 1850 443 Tae.
1881 415 1920 444 a.
1942 404 1980 452 1,
2003 403 2078 453 13,⁴

359 488 396 517 a.
430 472 484 513 14
513 470 738 512 Tiberium
768 470 813 511 in
841 475 992 511 senatu
1023 467 1201 510 offendit
1229 467 1330 509 olim
1359 468 1526 510 invisus
1554 474 1731 524 propter
1759 469 2080 511 matrimonium

357 539 623 595 Agrippinae
643 538 727 581 ibd.
749 541 787 587 1,
810 540 879 587 12,
910 536 1000 578 Dio
1019 538 1086 586 57,
1108 539 1139 579 2
1148 549 1162 587 ,·
1192 536 1432 578 sententiae
1452 536 1544 578 eius
1567 537 1612 578 in
1634 543 1785 579 senatu
1805 537 1946 579 dictae
1967 552 2005 580 a.
2025 538 2079 580 14

363 608 460 649 Tae.
484 621 522 648 a.
544 609 582 656 1,
603 609 643 647 8.
665 608 733 655 12,
767 620 803 646 a.
828 605 880 647 15
910 603 996 648 ibd.
1018 607 1056 654 1,
1081 606 1145 645 76.
1170 606 1234 654 77,
1258 619 1296 646 a.
1321 605 1374 646 16
1402 604 1488 648 ibd.
1515 607 1560 655 2,
1580 607 1652 647 32.
1673 608 1738 647 33.
1759 607 1825 648 35.
1845 608 1923 657 365
1952 620 1989 648 a.
2022 606 2079 648 24

354 675 439 719 ibd.
460 678 498 726 4,
519 678 589 718 20.
609 677 676 724 30,
708 688 745 715 a.
768 674 821 715 28
843 672 928 714 ibd.
949 675 988 723 4,
1014 675 1089 724 71,·
1119 687 1157 714 a.
1184 672 1234 714 19
1256 672 1404 714 Pisoni
1425 686 1498 714 reo
1519 679 1727 728 patronus
1758 673 1908 715 adesse
1937 672 2077 716 noluit

353 742 438 785 ibd.
468 746 507 793 3,
538 745 603 783 11.
663 740 716 783 A.
747 742 802 783 30
841 740 992 782 eodem
1027 740 1117 794 die,
1162 754 1260 782 cum
1301 741 1345 782 in
1377 739 1555 797 Capreis
1586 755 1685 783 cum
1714 741 1892 784 Tiberio
1923 742 2070 784 convi-

354 816 552 864 varetur,
594 810 757 851 Romae
798 824 824 851 a
864 815 1016 851 senatu
1054 809 1281 851 damnatus
1320 815 1405 863 est3
1452 809 1528 851 sed
1565 809 1789 864 Tiberius,
1828 811 1951 866 quasi
1982 810 2074 866 ipse

354 893 498 920 coram
527 884 680 920 senatu
705 877 936 919 decernere
960 876 1102 932 vellet,
1134 876 1300 920 distulit
1330 892 1504 920 causam
1532 883 1574 919 et
1599 876 1775 922 Gallum
1801 878 1847 919 in
1877 877 2072 921 custodia

357 946 505 988 haberi
545 947 668 987 iussit
696 945 785 987 Dio
813 948 880 996 58,
911 949 939 988 3
979 946 1123 987 amicis
1165 946 1255 987 eius
1295 959 1467 1001 pessum
1516 944 1626 988 datis
1655 944 1744 988 Dio
1775 945 1801 990 l.
1834 945 1876 997 l.,
1918 946 2078 990 Seneca

357 1015 475 1069 epist.
496 1016 561 1065 55,
582 1017 622 1056 3.
672 1013 725 1058 A.
748 1014 802 1056 33
825 1013 942 1067 obiit,
966 1028 1092 1069 quem
1116 1019 1305 1068 egestate
1330 1013 1416 1056 cibi
1437 1019 1709 1070 peremptum
1738 1013 1855 1056 haud
1884 1014 2076 1070 dubium,

358 1090 509 1139 sponte
539 1097 593 1124 an
623 1083 878 1124 necessitate
907 1083 1119 1124 incertum
1149 1081 1390 1124 habebatur
1424 1082 1522 1126 Tae.
1557 1096 1597 1124 a.
1629 1085 1667 1132 6,
1697 1085 1766 1133 23,
1798 1081 1888 1125 Dio
1915 1086 1982 1135 58,
2007 1086 2077 1127 23.

357 1150 625 1207 Agrippinae
646 1150 775 1207 paulo
796 1157 894 1207 post
915 1157 1107 1192 mortuae
1127 1150 1327 1193 Tiberius
1349 1150 1661 1206 impudicitiam
1692 1156 1735 1192 et
1755 1149 1930 1195 Gallum
1959 1151 2077 1194 adul-

357 1226 497 1262 terum
518 1219 675 1262 obiecit
695 1219 872 1274 eiusque
892 1225 1029 1260 morte
1049 1218 1104 1260 ad
1126 1218 1315 1261 taedium
1339 1219 1454 1261 vitae
1476 1218 1742 1275 compulsam
1767 1219 1865 1262 Tae.
1889 1233 1928 1260 a.
1953 1222 1989 1270 6,
2006 1222 2077 1264 25.

443 1288 628 1342 Magnus
651 1293 804 1342 orator,
827 1287 910 1329 nisi
931 1286 1051 1329 illum
1071 1286 1324 1341 magnitudo
1347 1288 1481 1343 patris
1503 1286 1704 1329 obrueret
1715 1286 1876 1330 Seneca
1896 1291 2077 1332 controv.

359 1359 386 1398 4
408 1356 551 1410 praef.
575 1358 625 1407 4;
655 1356 828 1411 scripsit
852 1354 985 1397 libros
1016 1354 1070 1398 de
1100 1355 1420 1411 comparatione
1443 1356 1578 1418 patris
1601 1361 1642 1397 et
1664 1354 1885 1398 Ciceronis
1907 1355 2077 1400 Sueton.

360 1423 518 1467 Claud.
540 1427 606 1475 41,
638 1423 755 1465 Plin.
779 1423 896 1478 epist.
918 1427 957 1474 7,
977 1427 1016 1474 4,
1039 1426 1080 1466 3.
1101 1426 1139 1475 6,
1167 1422 1418 1476 Quintilian.
1448 1423 1628 1466 institut.
1648 1426 1718 1475 12,
1742 1426 1781 1475 1,
1803 1427 1877 1475 22,
1917 1423 2081 1467 Gellius

359 1495 426 1544 17,
447 1495 485 1543 1,
508 1495 556 1543 1,·
587 1493 850 1548 epigramma
879 1492 923 1533 in
954 1492 1240 1548 Pomponium
1264 1491 1519 1534 Marcellum
1541 1491 1712 1535 Sueten.
1730 1505 1909 1547 yramm.
1930 1495 2003 1536 22.
2028 1518 2080 1523 —

313 1592 318 1599 .
361 1559 602 1615 Vergilium
633 1559 826 1614 eclogam
858 1565 1056 1616 quartam
1086 1561 1131 1602 in
1161 1574 1207 1601 se
1242 1560 1465 1616 scripsisse
1496 1559 1608 1602 dixit
1637 1559 1754 1604 Serv.
1787 1559 1858 1603 ecl.
1888 1564 1927 1611 4,
1958 1564 1996 1603 1.
2027 1586 2079 1591 -

359 1628 512 1670 Mensa
541 1629 673 1670 citrea
703 1629 794 1670 eius
828 1628 1008 1682 insignis
1039 1627 1156 1670 Plin.
1183 1641 1225 1670 n.
1255 1627 1296 1670 h.
1327 1631 1395 1679 13,
1417 1631 1488 1678 92,
1525 1628 1772 1672 Tertullian.
1804 1628 1853 1671 de
1872 1627 2013 1683 pallio
2041 1631 2080 1672 5.

447 1697 737 1753 (Vipsaniam)
768 1695 1056 1752 Agrippinam
1084 1702 1182 1752 post
1211 1696 1446 1738 divortium
1467 1696 1634 1739 Tiberii
1666 1696 1723 1752 (a.
1745 1699 1828 1739 743
1853 1717 1908 1732 =
1936 1697 2007 1752 11)
2037 1697 2082 1739 in

363 1765 683 1807 matrimonium
716 1764 842 1806 duxit
877 1765 974 1807 Tae.
1008 1778 1047 1806 a.
1079 1767 1117 1815 1,
1149 1767 1220 1815 12,
1251 1763 1340 1806 Dio
1368 1767 1436 1815 57,
1464 1767 1518 1816 2,·
1547 1771 1610 1807 tot
1641 1763 1931 1807 consularium
1960 1772 2084 1822 pater

368 1833 465 1876 Tac.
490 1847 529 1877 a.
553 1836 589 1883 6,
612 1836 682 1876 23.
731 1832 853 1875 Filii:
876 1832 925 1877 O.
947 1832 1125 1875 Asinius
1147 1831 1283 1874 Pollio
1315 1847 1400 1875 cos.
1431 1847 1469 1874 a.
1492 1833 1559 1887 23,
1590 1832 1649 1874 M.
1680 1832 1858 1875 Asinius
1886 1832 2085 1890 Agrippa

364 1916 449 1944 cos.
482 1917 519 1945 a.
551 1901 618 1956 25,
652 1901 754 1945 Sex,
786 1900 964 1943 Asinius
996 1899 1123 1944 Celer
1152 1915 1236 1942 cos.
1269 1915 1306 1944 a.
1337 1901 1404 1956 38,
1447 1900 1624 1942 Asinius
1655 1900 1807 1944 Gallus
1848 1901 1905 1957 (n.
1937 1903 2084 1958 1014);

362 1968 541 2011 Asinius
564 1968 815 2023 Saloninus,
847 1968 926 2012 On.
948 1968 1125 2011 Asinius
1149 1969 1205 2024 (n.
1227 1968 1359 2022 1008)
1385 1971 1528 2011 utrum
1556 1971 1697 2011 sextus
1725 1969 1841 2024 filius
1867 1969 2084 2012 habendus

361 2037 428 2088 sit,
471 2051 528 2079 an
566 2036 676 2079 idem
711 2037 841 2091 fuerit
879 2040 1002 2091 atque
1037 2036 1192 2080 Gallus
1222 2039 1297 2079 aut
1327 2036 1572 2088 Saloninus,
1603 2037 1650 2080 in
1677 2037 1813 2080 medio
1847 2037 2082 2115 relinquen-

364 2103 463 2146 dum
493 2107 565 2148 est.

282 2173 389 2214 1018
422 2178 463 2214 C.
494 2171 724 2227 ASIN[IVS]
765 2177 1002 2214 IVLIANVS
1037 2172 1205 2226 publice
1241 2171 1474 2214 honoratus
1512 2175 1540 2216 t.
1571 2170 1789 2215 Blaundis
1817 2172 1864 2215 in
1893 2173 2085 2230 Phrygia

363 2243 526 2295 reperto
554 2240 665 2283 CIG
693 2243 825 2283 3866:
852 2241 918 2283 τὸν
951 2242 1151 2297 κράτιστον
1181 2241 1247 2283 ὑὸν
1282 2241 1325 2283 Γ.
1348 2238 1547 2295 Ἀσιν(ίου)
1575 2240 1794 2297 Προτείμου
1825 2240 2083 2299 Κουαδρᾶτου

365 2310 553 2352 ὑπατικοῦ
574 2309 732 2351 saeculi
751 2309 839 2351 III
853 2309 1038 2352 ineuntis
1061 2310 1115 2362 ef.
1135 2323 1177 2351 n.
1199 2312 1323 2353 1029.
1369 2309 1514 2352 Potest
1532 2309 1642 2352 idem
1662 2323 1748 2353 esse
1775 2313 1898 2390 atque
1919 2311 1962 2355 G.
1983 2312 2084 2355 Asi-

363 2377 460 2419 nius
490 2377 773 2420 Nicomachus
802 2377 1002 2419 Iulianus
1030 2391 1072 2422 n.
1098 2380 1224 2422 1023.

282 2446 390 2488 1019
421 2452 473 2488 Μ.
505 2452 703 2488 ASINIVS
734 2452 1049 2501 MARCELLVS,
1083 2445 1235 2488 consul
1265 2461 1302 2489 a.
1334 2447 1390 2489 54
1419 2461 1518 2489 cum
1551 2446 1629 2488 M!
1662 2446 1802 2489 Acilio
1832 2446 2000 2491 Aviola.
2026 2471 2085 2478 —

364 2514 421 2556 In
459 2514 700 2557 consulatu:
739 2514 799 2557 M.
830 2514 1008 2557 Asinius
1042 2514 1272 2557 Marcellus
1313 2513 1462 2558 tabula
1501 2517 1645 2558 cerata
1680 2515 1828 2570 Pomp.
1857 2518 1897 2558 3.
1932 2516 1991 2571 [4.
2022 2515 2082 2572 6],

364 2582 423 2624 M.
446 2581 624 2624 Asinius
651 2583 748 2626 Tae.
767 2597 806 2625 a.
824 2586 894 2633 12,
917 2586 979 2633 64,
1002 2582 1179 2626 Asinius
1199 2583 1431 2626 Marcellus
1453 2583 1622 2628 Sueton.
1643 2582 1797 2626 Claud.
1818 2586 1884 2635 45,
1906 2587 2085 2627 ceterum

365 2649 597 2692 Marcellus
626 2651 744 2704 fasti.
784 2676 835 2681 —
877 2650 1018 2693 Asinii
1059 2651 1267 2694 Pollionis
1306 2666 1519 2708 pronepos
1554 2652 1652 2694 Tac.
1684 2665 1724 2694 a.
1755 2655 1820 2703 14,
1850 2655 1917 2703 40,
1956 2665 2084 2707 nepos

364 2717 529 2760 videtur
559 2716 602 2761 Ο.
625 2718 772 2761 Asinii
798 2719 920 2762 Galli
928 2733 942 2771 ,·
970 2735 1008 2762 a.
1030 2720 1081 2762 61
1115 2719 1212 2762 falsi
1243 2726 1483 2774 accusatus,
1510 2720 1587 2762 sed
1606 2721 1817 2763 maiorum
1837 2726 1880 2762 et
1897 2720 2083 2764 Neronis

366 2787 506 2840 gratia
535 2786 757 2829 absolutus
794 2788 891 2832 Tae.
916 2802 954 2832 a.
976 2791 1042 2839 14,
1066 2791 1133 2830 40.

284 2854 393 2897 1020
422 2861 474 2897 Μ.
503 2861 700 2897 ASINIVS
731 2862 1046 2911 MARCELLVS,
1078 2856 1228 2899 consul
1258 2872 1296 2899 a.
1320 2857 1402 2899 104
1430 2871 1528 2899 cum
1559 2856 1660 2900 SeX.
1690 2856 1810 2899 Attio
1842 2856 2081 2900 Saburano.

363 2923 419 2965 In
440 2923 679 2965 consulatu:
707 2923 766 2966 M.
790 2924 965 2967 Asinius
994 2924 1225 2967 Marcellus
1256 2923 1400 2975 Wood,
1432 2924 1677 2968 discoveries
1707 2928 1754 2967 at
1780 2924 1986 2979 Ephesus,
2017 2925 2082 2968 in-

365 2990 590 3044 scriptions
619 2992 731 3044 from
760 2992 826 3034 tlie
852 2996 975 3047 yreat
1004 2993 1163 3036 theatre
1188 3008 1229 3036 n.
1252 2997 1277 3035 1
1305 2993 1381 3036 eol.
1413 2993 1481 3036 VI
1498 3006 1535 3037 v.
1558 2996 1622 3044 74,
1652 2996 1831 3036 ceterum
1851 2993 2082 3037 Marcellus

367 3058 485 3111 fasti.
518 3083 569 3088 -—
600 3059 744 3102 Filius
773 3060 836 3103 vel
856 3062 1001 3114 potius
1031 3075 1158 3116 nepos
1188 3060 1371 3104 consulis
1401 3075 1440 3104 a.
1461 3063 1513 3104 54
1541 3060 1716 3104 videtur.

287 3127 392 3169 1021
431 3133 476 3177 Q.
506 3132 704 3169 ASINIVS
735 3134 1050 3184 MARCELLVS,
1084 3129 1232 3172 consul
1264 3129 1399 3184 (suff.)
1430 3143 1529 3171 cum
1557 3128 1610 3171 A.
1637 3128 1854 3185 Caepione
1884 3128 2082 3186 Crispino

365 3193 412 3236 in
448 3197 476 3236 t.
512 3195 659 3237 mutilo
698 3195 744 3238 in
784 3210 886 3250 ayro
924 3197 1118 3240 Romano
1152 3200 1318 3252 reperto
1355 3196 1578 3239 Romisehe
1609 3195 1936 3252 Mittheilunyen
1973 3198 2083 3240 1886

354 3276 401 3316 p.
432 3265 530 3313 128,
560 3263 636 3305 ubi
664 3264 928 3317 praecedunt
967 3265 1153 3308 eonsules
1195 3265 1407 3308 ordinarii
1445 3279 1484 3307 a.
1515 3267 1581 3309 96.
1642 3263 1755 3307 Vnde
1784 3265 1958 3308 Henzen
1987 3277 2081 3307 con-

367 3330 476 3373 sules
515 3334 555 3373 et
592 3331 834 3375 ordinarios
874 3336 912 3375 et
949 3333 1146 3386 suffectos
1181 3333 1363 3377 eiusdem
1393 3332 1499 3378 anni
1525 3331 1649 3375 iuxta
1678 3332 1852 3386 positos
1872 3345 1958 3376 esse
1986 3345 2081 3376 con·
