2202 3730
135 307 389 344 ANTONIVS
1009 302 1065 345 93
1686 310 1940 346 ANTONIVS

218 442 258 490 4,
288 442 354 482 44.
404 439 585 481 Praetor
614 454 652 481 a.
684 439 763 482 741
796 459 852 474 =
885 440 938 482 13
968 455 1005 482 a.
1030 439 1080 484 O.
1110 439 1300 495 Augusti
1339 440 1454 483 diem
1492 440 1680 483 natalem
1720 441 1835 483 ludis
1865 443 1945 483 cir-

220 507 421 550 censibus
459 514 503 549 et
540 508 771 550 venatione
811 507 1050 551 celebravit
1089 512 1133 551 et
1160 523 1217 550 ex
1247 515 1420 551 senatus
1451 508 1646 551 consulto
1674 509 1874 564 Augusto
1906 518 1948 553 et

219 575 491 618 senatoribus
523 576 699 632 epulum
729 576 848 619 dedit
876 576 965 618 Dio
984 578 1050 627 54,
1070 580 1140 627 26,
1176 577 1354 619 Velleius
1385 577 1411 621 l.
1444 577 1471 619 l.
1528 577 1690 620 Consul
1719 593 1758 620 a.
1782 580 1866 622 744
1890 599 1946 614 Ξ

220 645 275 686 10
294 660 332 688 a.
355 644 403 687 O.
435 644 544 698 fasti
572 645 817 699 (consulatu
847 652 1024 687 ornatus
1055 645 1234 687 Velleius
1254 645 1281 690 l.
1304 645 1364 701 l.).
1417 645 1680 701 Sacerdotio,
1710 648 1946 703 provinciis

220 719 397 755 ornatus
427 713 630 766 Velleius;
659 713 891 770 proconsul
922 713 1090 769 (Asiae)
1121 714 1285 769 Ioseph.
1317 718 1405 759 ant.
1426 718 1490 766 16,
1520 718 1559 765 6,
1593 718 1631 766 7,
1659 715 1737 757 ubi
1764 715 1947 767 affertur

218 781 403 836 epistula
431 781 533 824 Iulli
554 781 735 824 Antonii
764 782 1034 839 proconsulis
1055 782 1111 824 ad
1131 782 1343 839 Ephesios
1365 783 1480 826 data.
1529 782 1584 827 A.
1608 784 1690 827 752
1711 804 1767 818 =
1787 786 1814 827 2
1834 800 1872 827 a.
1895 784 1943 828 C.

217 850 452 892 sceleribus
472 850 610 892 Iuliae
630 850 816 906 Augusti
847 850 960 893 filiae
991 850 1170 893 detectis
1195 851 1330 894 Iullus
1362 866 1417 893 ex
1447 851 1656 894 adulteris
1686 854 1789 907 eius,
1821 854 1945 909 quasi

215 918 271 960 ad
301 920 531 975 imperium
560 919 835 975 adspirasset,
858 920 1021 962 Romae
1050 926 1198 975 morte>
1216 921 1397 976 punitus
1418 927 1483 962 est
1501 920 1589 962 Dio
1608 923 1674 971 55,
1696 925 1760 971 10,
1784 921 1945 964 Seneca

217 987 266 1029 cle
297 987 498 1029 brevitate
525 988 639 1029 vitae
658 991 698 1037 4,
719 991 758 1037 6,
796 988 894 1032 Tac.
918 1002 958 1030 a.
980 992 1018 1038 1,
1044 992 1117 1039 10‚·
1144 991 1184 1039 4,
1206 992 1260 1030 44
1287 988 1397 1044 (ipse
1425 988 1598 1030 sceleris
1618 1004 1645 1031 a
1664 1004 1709 1030 se
1730 991 1944 1032 commissi

216 1054 331 1098 ultor
351 1055 507 1097 dicitur
537 1070 565 1097 a
596 1055 748 1098 Velleio
777 1070 878 1098 vera
905 1056 1046 1098 velare
1065 1056 1284 1111 studente).
1336 1057 1503 1098 Nomen
1525 1057 1646 1099 fastis
1666 1072 1753 1099 non
1774 1073 1944 1101 erasum

216 1130 281 1166 est
304 1124 404 1170 Tac.
425 1139 466 1167 a.
488 1127 528 1175 3,
550 1127 617 1167 18.
641 1149 693 1154 ——
716 1123 819 1167 Oum
847 1125 894 1166 in
924 1128 952 1167 t.
978 1128 1010 1168 2
1040 1124 1208 1167 dicatur
1236 1124 1374 1167 Iullus
1404 1132 1537 1181 pater,
1569 1140 1732 1168 necesse
1763 1131 1822 1169 est
1853 1142 1945 1169 eum

214 1192 351 1246 fllium
371 1194 654 1247 coynominem
685 1193 757 1248 (cf.
779 1207 886 1247 quae
916 1193 1120 1235 adnotavi
1139 1193 1198 1235 ad
1215 1193 1259 1234 A
1276 1193 1350 1247 62)
1381 1194 1592 1245 habuisse,
1625 1194 1674 1236 de
1699 1209 1791 1248 quo.
1807 1199 1946 1238 tacent

214 1261 463 1315 scriptores;
493 1261 603 1303 alter
631 1261 748 1316 filius
779 1262 831 1304 L.
863 1261 1080 1304 Antonius
1116 1262 1214 1304 Tac.
1237 1276 1277 1306 a.
1298 1265 1337 1312 4,
1359 1265 1414 1304 44
1442 1263 1509 1317 (ex
1528 1264 1809 1317 praenomine
1837 1268 1944 1306 natu

214 1330 370 1384 minor)
401 1330 456 1384 cf.
487 1330 621 1384 infra.

176 1447 180 1450 Δ
298 1398 484 1440 Heroico
514 1404 650 1441 metro
681 1398 919 1455 Διομηδείας
946 1399 1039 1440 XII
1068 1397 1202 1441 libros
1241 1399 1414 1454 scripsit
1454 1400 1675 1453 egregios,
1718 1407 1943 1455 praeterea

217 1473 260 1508 et
288 1481 418 1523 prosa
446 1466 592 1523 aliqua
620 1466 738 1508 Acro
768 1467 827 1508 acl
855 1467 1011 1512 Horat.
1044 1481 1173 1511 carm.
1194 1471 1234 1517 4,
1255 1471 1298 1516 2,
1320 1471 1390 1517 23,
1424 1468 1567 1510 eadem
1597 1469 1686 1521 fere
1714 1469 1944 1511 scholiasta

215 1534 340 1589 Cruq.
401 1535 516 1578 Vnde
546 1535 761 1577 lectionem
785 1535 991 1578 traditam
1020 1550 1057 1580 v.
1078 1539 1133 1577 33
1164 1537 1381 1578 ‘concines
1411 1537 1574 1578 maiore
1603 1543 1731 1592 poeta
1760 1537 1940 1593 plectro’

214 1607 254 1646 et
280 1619 317 1646 v.
338 1607 392 1646 41
423 1605 640 1646 ‘concines
671 1603 891 1661 laetosque
921 1604 1028 1648 dies’
1059 1604 1256 1647 tuendam
1286 1608 1326 1647 et
1353 1605 1482 1646 verba
1502 1605 1682 1648 Horatii
1707 1605 1765 1647 ad
1782 1601 1943 1648 Iullum

213 1673 436 1727 referenda
475 1686 562 1716 esse
591 1676 694 1728 post
733 1673 842 1716 alios
881 1673 1089 1716 Bucheler
1127 1673 1402 1716 Rheinischcs
1441 1674 1640 1716 Museum
1678 1674 1895 1716 XXXXI
1901 1675 1942 1717 V

212 1741 351 1796 (1889)
381 1756 431 1796 p.
452 1744 538 1784 318
566 1740 700 1784 denuo
730 1740 1016 1784 demonstrare
1053 1741 1228 1784 studuit.
1287 1741 1351 1783 At
1383 1741 1672 1795 praeferenda
1711 1745 1771 1784 est
1810 1757 1942 1785 emen-

213 1809 332 1852 datio
358 1809 628 1852 Lachmanni
653 1813 830 1864 utroque
869 1809 957 1852 loco
991 1811 1220 1852 ‘concinet‘
1253 1811 1513 1852 restituentis
1550 1811 1605 1864 cf.
1638 1810 1858 1865 Kiessliny
1897 1812 1942 1853 in

212 1877 393 1920 editione
422 1892 552 1920 carm.
585 1878 644 1920 ad
673 1878 699 1923 l.
732 1878 758 1920 l.

127 1946 211 1989 638
243 1953 297 1989 Μ.
326 1952 603 2002 ANTONIVS,
642 1946 757 1989 filius
792 1947 852 1990 M.
882 1946 1064 1990 Antonii
1094 1948 1261 1992 HIviri.
1323 1947 1503 1990 Nummi
1531 1948 1675 2002 capita
1705 1948 1941 1991 exhibentes

216 2015 362 2070 patris
381 2018 422 2058 et
443 2015 529 2070 filii
547 2014 686 2059 Cohen
706 2015 762 2058 12
782 2030 830 2070 p.
850 2018 906 2059 58
934 2030 978 2058 n.
999 2019 1039 2058 1.
1059 2019 1103 2067 2,
1133 2030 1310 2070 qum-um
1331 2017 1460 2070 prior
1479 2029 1604 2058 cusus
1624 2030 1664 2058 a.
1686 2016 1866 2060 7192'720
1886 2037 1941 2051 =

211 2084 333 2127 35l34
372 2084 418 2126 in
447 2087 579 2138 parte
618 2084 797 2126 adversa
834 2084 1066 2139 inscriptus
1101 2087 1163 2127 est
1199 2085 1260 2128 M.
1291 2084 1508 2127 Antonius
1539 2085 1598 2127 M.
1629 2085 1684 2139 f.;
1724 2085 1940 2127 Antonius

212 2153 383 2194 iuvenis
414 2152 586 2195 Sueton.
606 2152 719 2207 Auy.
740 2155 807 2203 17,
834 2151 1053 2200 Ἄντυλλος
1081 2152 1344 2195 Plutarchus
1373 2156 1414 2194 et
1440 2152 1542 2195 Dio.

297 2221 358 2263 M.
388 2219 567 2263 Antonii
598 2227 640 2263 et
662 2220 853 2263 Fulviae
882 2221 998 2263 filius
1027 2222 1165 2263 maior
1195 2221 1367 2265 Sueton.
1394 2221 1507 2276 Any.
1529 2226 1595 2265 17.
1616 2225 1682 2272 63,
1714 2221 1938 2263 Plutarch.

210 2288 370 2332 Anton.
391 2292 455 2332 71.
479 2291 546 2333 81.
567 2292 635 2333 87.
680 2289 810 2332 Anno
834 2290 916 2332 710
935 2309 991 2324 =
1012 2290 1069 2332 44
1089 2289 1130 2332 d.
1154 2290 1206 2332 17
1236 2291 1398 2332 mensis
1420 2290 1569 2332 Martii
1601 2297 1726 2346 pater
1755 2304 1939 2345 parvum

212 2356 349 2399 filium
387 2358 432 2399 in
473 2356 735 2414 Capitolium
773 2357 829 2400 ad
868 2358 1055 2400 Brutum
1095 2365 1138 2400 et
1167 2357 1365 2401 Cassium
1401 2358 1597 2401 obsidem
1635 2359 1753 2400 misit
1792 2357 1940 2400 Cicero

211 2425 404 2480 Philipp.
435 2429 474 2477 1,
496 2429 540 2469 2.
559 2429 637 2477 31;
664 2429 708 2477 2,
740 2429 814 2477 90,
848 2426 1028 2470 Velleius
1055 2430 1099 2477 2,
1125 2429 1193 2478 58,
1222 2430 1271 2477 3,
1308 2426 1411 2469 belli
1450 2427 1708 2470 Mutinensis
1746 2433 1939 2483 tempore

206 2491 371 2537 'Romae
390 2509 490 2537 cum
508 2501 647 2537 matre
668 2494 754 2537 fuit
770 2494 916 2537 Cicero
927 2495 1120 2550 Philipp.
1132 2499 1202 2546 12,
1216 2498 1255 2546 1,
1278 2501 1428 2552 postea
1447 2502 1613 2552 patrem
1634 2496 1679 2537 in
1689 2495 1937 2552 Aegyptum

212 2569 385 2605 secutus
407 2569 471 2605 est
492 2562 717 2605 Plutarch.
739 2562 899 2608 Anton.
919 2566 991 2607 28.
1012 2566 1080 2606 57.
1134 2563 1189 2606 A.
1212 2564 1294 2606 718
1324 2584 1379 2598 Ξ
1410 2565 1465 2607 36
1496 2563 1545 2608 O.
1578 2564 1740 2607 Caesar
1759 2565 1937 2606 Tarenti

211 2630 367 2673 Iuliam
407 2631 541 2674 filiam
580 2646 715 2688 puero
756 2631 986 2688 despondit
1017 2632 1188 2675 Sueton.
1218 2632 1330 2687 Any.
1363 2636 1428 2688 63,
1459 2632 1548 2674 Dio
1576 2635 1644 2683 48,
1667 2635 1745 2684 54,
1774 2635 1840 2682 51,
1872 2634 1936 2674 15.

212 2699 266 2742 A.
289 2700 373 2743 724
393 2721 449 2735 =
469 2701 525 2743 30
554 2700 770 2742 Antonius
800 2706 898 2756 post
926 2713 1120 2756 pugnam
1140 2700 1365 2743 Actiacam
1392 2700 1708 2743 Alexandriam
1737 2715 1937 2743 reversus

209 2767 357 2810 Marco
400 2767 488 2810 filio
531 2774 676 2824 togam
718 2767 890 2811 virilem
934 2768 1054 2811 dedit
1093 2768 1318 2811 Plutarch.
1357 2769 1516 2813 Anton.
1551 2773 1623 2820 71,
1664 2769 1753 2812 Dio
1781 2771 1856 2819 51,
1889 2772 1938 2819 6;

211 2835 373 2879 Caesar
402 2851 548 2879 rerum
577 2838 740 2893 potitus
772 2852 870 2879 eum
901 2837 1131 2879 simulacro
1162 2837 1253 2879 divi
1282 2837 1396 2892 Iulii,
1434 2838 1490 2880 ad
1520 2837 1636 2895 quod
1668 2837 1934 2892 confugerat,

211 2905 438 2962 abreptum
458 2907 677 2948 interemit
693 2906 864 2949 Sueton.
881 2905 992 2961 Auy.
1009 2909 1075 2956 17,
1098 2906 1322 2949 Plutarch.
1333 2906 1491 2949 Anton.
1509 2909 1577 2949 81.
1592 2909 1662 2958 87,
1683 2906 1771 2949 Dio
1786 2909 1852 2956 51,
1869 2909 1934 2948 15.

125 2973 208 3016 639
237 2979 282 3016 L.
313 2980 589 3028 ANTONIVS,
629 2974 730 3017 Iulli
760 2973 940 3017 Antonii
981 2980 1025 3016 et
1059 2973 1291 3018 Marcellae
1329 2974 1466 3023 filius.
1510 2975 1719 3019 Octaviae
1748 2975 1935 3029 Augusti

210 3043 368 3087 sororis
396 3057 541 3099 nepos,
575 3049 672 3099 post
702 3049 884 3085 mortem
914 3043 1049 3099 patris
1079 3041 1138 3095 (a.
1161 3046 1246 3087 752
1263 3063 1320 3078 =
1349 3047 1381 3087 2
1411 3058 1451 3086 a.
1479 3043 1542 3098 O.)
1572 3043 1804 3086 admodum
1833 3043 1935 3085 adu-

210 3109 471 3153 lescentulus
501 3112 714 3167 sepositus
735 3111 789 3154 ab
812 3111 1013 3166 Augusto
1035 3112 1078 3152 in
1101 3112 1321 3154 civitatem
1338 3112 1663 3167 Massiliensem,
1696 3112 1770 3155 ubi
1792 3112 1934 3168 specie

212 3178 454 3221 studiorum
483 3194 640 3223 nomen
671 3179 791 3222 exilii
821 3186 1064 3234 tegeretur3
1094 3179 1154 3222 ibi
1176 3180 1283 3223 obiit
1306 3196 1345 3223 a.
1367 3182 1421 3224 25
1442 3196 1484 3237 p.
1505 3181 1567 3236 C,
1599 3180 1771 3223 habitus
1791 3187 1936 3222 tamen

210 3249 422 3303 supremis
465 3248 603 3291 honor
648 3263 830 3305 ossaque
875 3247 1041 3291 tumulo
1087 3248 1370 3292 Octaviorum
1413 3249 1547 3292 inlata
1590 3264 1669 3305 per
1713 3249 1935 3291 decretum

209 3322 383 3358 senatus
418 3316 518 3359 Tac.
540 3331 580 3359 a.
600 3320 640 3368 4,
661 3320 728 3359 44.

139 3407 195 3413 -—
238 3383 441 3427 Valerius
469 3385 699 3431 Antonius,
