<?xml version="1.0" encoding="UTF-8"?>
<!DOCTYPE html PUBLIC "-//W3C//DTD XHTML 1.0 Transitional//EN"
    "http://www.w3.org/TR/xhtml1/DTD/xhtml1-transitional.dtd">
<html xmlns="http://www.w3.org/1999/xhtml" xml:lang="en" lang="en">
 <head>
  <title>
</title>
<meta http-equiv="Content-Type" content="text/html;charset=utf-8" />
  <meta name='ocr-system' content='tesseract 3.04.00' />
  <meta name='ocr-capabilities' content='ocr_page ocr_carea ocr_par ocr_line ocrx_word'/>
</head>
<body>
  <div class='ocr_page' id='page_1' title='image "./prosopographiaim01akaduoft_0378.png"; bbox 0 0 2202 3730; ppageno 0'>
   <div class='ocr_carea' id='block_1_1' title="bbox 269 295 2066 341">
    <p class='ocr_par' dir='ltr' id='par_1_1' title="bbox 269 295 2066 341">
     <span class='ocr_line' id='line_1_1' title="bbox 269 295 2066 341; baseline -0.003 0"><span class='ocrx_word' id='word_1_1' title='bbox 269 305 512 341; x_wconf 79' lang='lat' dir='ltr'>cLAvmvs</span> <span class='ocrx_word' id='word_1_2' title='bbox 1125 295 1208 337; x_wconf 82' lang='lat'>362</span> <span class='ocrx_word' id='word_1_3' title='bbox 1819 299 2066 337; x_wconf 81' lang='lat' dir='ltr'><strong>CLAVDIVS</strong></span> 
     </span>
    </p>
   </div>
   <div class='ocr_carea' id='block_1_2' title="bbox 277 364 1909 371">
    <p class='ocr_par' dir='ltr' id='par_1_2' title="bbox 277 364 1909 371">
     <span class='ocr_line' id='line_1_2' title="bbox 277 364 1909 371; baseline 0 0"><span class='ocrx_word' id='word_1_4' title='bbox 277 364 1909 371; x_wconf 95' lang='lat' dir='ltr'> </span> 
     </span>
    </p>
   </div>
   <div class='ocr_carea' id='block_1_3' title="bbox 1148 364 1909 370">
    <p class='ocr_par' dir='ltr' id='par_1_3' title="bbox 1148 364 1909 370">
     <span class='ocr_line' id='line_1_3' title="bbox 1148 364 1909 370; baseline 0 0"><span class='ocrx_word' id='word_1_5' title='bbox 1148 364 1909 370; x_wconf 95' lang='lat' dir='ltr'> </span> 
     </span>
    </p>
   </div>
   <div class='ocr_carea' id='block_1_4' title="bbox 278 430 2116 3421">
    <p class='ocr_par' dir='ltr' id='par_1_4' title="bbox 355 430 2116 2124">
     <span class='ocr_line' id='line_1_4' title="bbox 443 430 2073 488; baseline -0.002 -12"><span class='ocrx_word' id='word_1_6' title='bbox 443 436 634 476; x_wconf 90' lang='lat' dir='ltr'>Primum</span> <span class='ocrx_word' id='word_1_7' title='bbox 674 448 699 474; x_wconf 92' lang='lat' dir='ltr'>a</span> <span class='ocrx_word' id='word_1_8' title='bbox 737 438 858 488; x_wconf 89' lang='lat' dir='ltr'>patre</span> <span class='ocrx_word' id='word_1_9' title='bbox 898 431 965 473; x_wconf 90' lang='lat' dir='ltr'>Ti.</span> <span class='ocrx_word' id='word_1_10' title='bbox 1003 430 1210 473; x_wconf 88' lang='lat' dir='ltr'>Claudius</span> <span class='ocrx_word' id='word_1_11' title='bbox 1252 430 1535 473; x_wconf 80' lang='lat' dir='ltr'>Germanicus</span> <span class='ocrx_word' id='word_1_12' title='bbox 1575 431 1738 486; x_wconf 87' lang='lat' dir='ltr'>dictus,</span> <span class='ocrx_word' id='word_1_13' title='bbox 1780 430 1936 472; x_wconf 91' lang='lat' dir='ltr'>deinde</span> <span class='ocrx_word' id='word_1_14' title='bbox 1975 436 2073 487; x_wconf 90' lang='lat' dir='ltr'>post</span> 
     </span>
     <span class='ocr_line' id='line_1_5' title="bbox 355 498 2071 555; baseline -0.003 -10"><span class='ocrx_word' id='word_1_15' title='bbox 355 503 623 545; x_wconf 84' lang='lat' dir='ltr'><strong>Britanniam</strong></span> <span class='ocrx_word' id='word_1_16' title='bbox 655 500 891 542; x_wconf 88' lang='lat' dir='ltr'>subiectam</span> <span class='ocrx_word' id='word_1_17' title='bbox 913 500 968 552; x_wconf 87' lang='lat' dir='ltr'>(a.</span> <span class='ocrx_word' id='word_1_18' title='bbox 991 499 1063 552; x_wconf 77' lang='lat'>43)</span> <span class='ocrx_word' id='word_1_19' title='bbox 1085 506 1259 540; x_wconf 90' lang='lat' dir='ltr'>senatus</span> <span class='ocrx_word' id='word_1_20' title='bbox 1284 498 1477 541; x_wconf 90' lang='lat' dir='ltr'>consulto</span> <span class='ocrx_word' id='word_1_21' title='bbox 1498 500 1773 541; x_wconf 83' lang='lat' dir='ltr'>Britannicus</span> <span class='ocrx_word' id='word_1_22' title='bbox 1798 505 2071 555; x_wconf 90' lang='lat' dir='ltr'>nuncupatus</span> 
     </span>
     <span class='ocr_line' id='line_1_6' title="bbox 357 565 2071 624; baseline -0.001 -12"><span class='ocrx_word' id='word_1_23' title='bbox 357 580 432 624; x_wconf 82' lang='lat' dir='ltr'>est,</span> <span class='ocrx_word' id='word_1_24' title='bbox 455 573 556 612; x_wconf 83' lang='grc' dir='ltr'>ὥστε</span> <span class='ocrx_word' id='word_1_25' title='bbox 574 571 638 611; x_wconf 74' lang='grc' dir='ltr'>καὶ</span> <span class='ocrx_word' id='word_1_26' title='bbox 660 574 805 624; x_wconf 82' lang='grc' dir='ltr'>κυρίως</span> <span class='ocrx_word' id='word_1_27' title='bbox 828 567 970 624; x_wconf 85' lang='grc' dir='ltr'>τρόπον</span> <span class='ocrx_word' id='word_1_28' title='bbox 991 567 1073 609; x_wconf 84' lang='grc' dir='ltr'>τινὰ</span> <span class='ocrx_word' id='word_1_29' title='bbox 1097 565 1354 623; x_wconf 80' lang='grc' dir='ltr'>Βρεττανικὸν</span> <span class='ocrx_word' id='word_1_30' title='bbox 1377 569 1494 610; x_wconf 73' lang='grc' dir='ltr'>αὐτὸν</span> <span class='ocrx_word' id='word_1_31' title='bbox 1515 569 1783 623; x_wconf 79' lang='grc' dir='ltr'>ὀνομασθῆναι</span> <span class='ocrx_word' id='word_1_32' title='bbox 1803 566 1891 609; x_wconf 76' lang='lat' dir='ltr'>Dio</span> <span class='ocrx_word' id='word_1_33' title='bbox 1909 570 1975 617; x_wconf 89' lang='lat'>60,</span> <span class='ocrx_word' id='word_1_34' title='bbox 1996 569 2071 617; x_wconf 88' lang='grc'>22,</span> 
     </span>
     <span class='ocr_line' id='line_1_7' title="bbox 357 635 2074 691; baseline -0.003 -10"><span class='ocrx_word' id='word_1_35' title='bbox 357 640 526 681; x_wconf 77' lang='lat' dir='ltr'>Sueton.</span> <span class='ocrx_word' id='word_1_36' title='bbox 558 636 706 678; x_wconf 74' lang='lat' dir='ltr'>Claud.</span> <span class='ocrx_word' id='word_1_37' title='bbox 737 639 808 679; x_wconf 92' lang='grc'>27.</span> <span class='ocrx_word' id='word_1_38' title='bbox 866 635 906 676; x_wconf 94' lang='grc' dir='ltr'><strong>Α</strong></span> <span class='ocrx_word' id='word_1_39' title='bbox 938 635 1103 677; x_wconf 83' lang='lat' dir='ltr'>Sosibio</span> <span class='ocrx_word' id='word_1_40' title='bbox 1142 635 1350 677; x_wconf 80' lang='lat' dir='ltr'>educatus</span> <span class='ocrx_word' id='word_1_41' title='bbox 1386 636 1484 678; x_wconf 79' lang='lat' dir='ltr'>Tac.</span> <span class='ocrx_word' id='word_1_42' title='bbox 1516 650 1554 677; x_wconf 84' lang='lat' dir='ltr'>a.</span> <span class='ocrx_word' id='word_1_43' title='bbox 1586 640 1649 686; x_wconf 88' lang='lat'>11,</span> <span class='ocrx_word' id='word_1_44' title='bbox 1680 639 1719 677; x_wconf 90' lang='lat'>1.</span> <span class='ocrx_word' id='word_1_45' title='bbox 1749 639 1788 685; x_wconf 86' lang='grc'>4,</span> <span class='ocrx_word' id='word_1_46' title='bbox 1820 636 1895 691; x_wconf 89' lang='lat' dir='ltr'>qui</span> <span class='ocrx_word' id='word_1_47' title='bbox 1925 641 2074 691; x_wconf 86' lang='lat' dir='ltr'>postea</span> 
     </span>
     <span class='ocr_line' id='line_1_8' title="bbox 355 703 2073 761; baseline -0.002 -14"><span class='ocrx_word' id='word_1_48' title='bbox 355 707 596 761; x_wconf 86' lang='lat' dir='ltr'>Agrippina</span> <span class='ocrx_word' id='word_1_49' title='bbox 635 704 837 745; x_wconf 79' lang='lat' dir='ltr'>moliente</span> <span class='ocrx_word' id='word_1_50' title='bbox 875 710 1041 745; x_wconf 89' lang='lat' dir='ltr'>amotus</span> <span class='ocrx_word' id='word_1_51' title='bbox 1083 714 1125 745; x_wconf 93' lang='lat' dir='ltr'>et</span> <span class='ocrx_word' id='word_1_52' title='bbox 1165 704 1415 745; x_wconf 89' lang='lat' dir='ltr'>interfectus</span> <span class='ocrx_word' id='word_1_53' title='bbox 1456 710 1520 744; x_wconf 91' lang='lat' dir='ltr'>est</span> <span class='ocrx_word' id='word_1_54' title='bbox 1557 703 1645 745; x_wconf 88' lang='lat' dir='ltr'>Dio</span> <span class='ocrx_word' id='word_1_55' title='bbox 1675 706 1741 754; x_wconf 87' lang='lat'>60,</span> <span class='ocrx_word' id='word_1_56' title='bbox 1771 706 1842 746; x_wconf 85' lang='lat'>32.</span> <span class='ocrx_word' id='word_1_57' title='bbox 1900 703 2073 745; x_wconf 86' lang='lat' dir='ltr'>Nerone</span> 
     </span>
     <span class='ocr_line' id='line_1_9' title="bbox 356 771 2072 828; baseline -0.001 -14"><span class='ocrx_word' id='word_1_58' title='bbox 356 773 556 828; x_wconf 86' lang='lat' dir='ltr'>adoptato</span> <span class='ocrx_word' id='word_1_59' title='bbox 583 772 797 814; x_wconf 88' lang='lat' dir='ltr'>desolatus</span> <span class='ocrx_word' id='word_1_60' title='bbox 819 771 1027 827; x_wconf 88' lang='lat' dir='ltr'>paulatim</span> <span class='ocrx_word' id='word_1_61' title='bbox 1049 772 1178 813; x_wconf 88' lang='lat' dir='ltr'>etiam</span> <span class='ocrx_word' id='word_1_62' title='bbox 1203 771 1433 813; x_wconf 84' lang='lat' dir='ltr'>servilibus</span> <span class='ocrx_word' id='word_1_63' title='bbox 1454 772 1701 813; x_wconf 89' lang='lat' dir='ltr'>ministeriis</span> <span class='ocrx_word' id='word_1_64' title='bbox 1731 772 1829 814; x_wconf 83' lang='lat' dir='ltr'>Tae.</span> <span class='ocrx_word' id='word_1_65' title='bbox 1851 786 1889 814; x_wconf 87' lang='grc' dir='ltr'>α.</span> <span class='ocrx_word' id='word_1_66' title='bbox 1915 775 1981 822; x_wconf 87' lang='grc'>12,</span> <span class='ocrx_word' id='word_1_67' title='bbox 2003 774 2072 814; x_wconf 90' lang='grc'>26.</span> 
     </span>
     <span class='ocr_line' id='line_1_10' title="bbox 356 839 2076 896; baseline -0.002 -13"><span class='ocrx_word' id='word_1_68' title='bbox 356 841 463 884; x_wconf 84' lang='lat' dir='ltr'>Cum</span> <span class='ocrx_word' id='word_1_69' title='bbox 510 856 547 882; x_wconf 91' lang='lat' dir='ltr'>a.</span> <span class='ocrx_word' id='word_1_70' title='bbox 590 842 638 882; x_wconf 84' lang='lat'>51</span> <span class='ocrx_word' id='word_1_71' title='bbox 690 841 866 882; x_wconf 89' lang='lat' dir='ltr'>fratrem</span> <span class='ocrx_word' id='word_1_72' title='bbox 912 839 1161 895; x_wconf 89' lang='lat' dir='ltr'>adoptatum</span> <span class='ocrx_word' id='word_1_73' title='bbox 1206 840 1449 882; x_wconf 90' lang='lat' dir='ltr'>Domitium</span> <span class='ocrx_word' id='word_1_74' title='bbox 1493 839 1785 895; x_wconf 82' lang='lat' dir='ltr'>salutavisset,</span> <span class='ocrx_word' id='word_1_75' title='bbox 1831 840 2076 896; x_wconf 88' lang='lat' dir='ltr'>Agrippina</span> 
     </span>
     <span class='ocr_line' id='line_1_11' title="bbox 355 907 2073 964; baseline -0.001 -14"><span class='ocrx_word' id='word_1_76' title='bbox 355 924 544 950; x_wconf 86' lang='lat' dir='ltr'>noverca</span> <span class='ocrx_word' id='word_1_77' title='bbox 584 924 680 950; x_wconf 92' lang='lat' dir='ltr'>eum</span> <span class='ocrx_word' id='word_1_78' title='bbox 720 908 993 964; x_wconf 90' lang='lat' dir='ltr'>adoptionem</span> <span class='ocrx_word' id='word_1_79' title='bbox 1023 908 1208 949; x_wconf 89' lang='lat' dir='ltr'>Neronis</span> <span class='ocrx_word' id='word_1_80' title='bbox 1249 922 1451 964; x_wconf 90' lang='lat' dir='ltr'>spernere</span> <span class='ocrx_word' id='word_1_81' title='bbox 1491 908 1605 964; x_wconf 90' lang='lat' dir='ltr'>apud</span> <span class='ocrx_word' id='word_1_82' title='bbox 1638 907 1867 950; x_wconf 87' lang='lat' dir='ltr'>Claudium</span> <span class='ocrx_word' id='word_1_83' title='bbox 1899 909 2073 949; x_wconf 89' lang='lat' dir='ltr'>insimu-</span> 
     </span>
     <span class='ocr_line' id='line_1_12' title="bbox 355 975 2076 1032; baseline -0.001 -14"><span class='ocrx_word' id='word_1_84' title='bbox 355 978 471 1031; x_wconf 85' lang='lat' dir='ltr'><strong>lavit,</strong></span> <span class='ocrx_word' id='word_1_85' title='bbox 506 978 580 1032; x_wconf 91' lang='lat' dir='ltr'>qui</span> <span class='ocrx_word' id='word_1_86' title='bbox 612 977 863 1018; x_wconf 81' lang='lat' dir='ltr'>criminibus</span> <span class='ocrx_word' id='word_1_87' title='bbox 894 975 1009 1017; x_wconf 89' lang='lat' dir='ltr'>illius</span> <span class='ocrx_word' id='word_1_88' title='bbox 1047 983 1282 1018; x_wconf 88' lang='lat' dir='ltr'>commotus</span> <span class='ocrx_word' id='word_1_89' title='bbox 1318 977 1526 1032; x_wconf 88' lang='lat' dir='ltr'>optimum</span> <span class='ocrx_word' id='word_1_90' title='bbox 1557 991 1771 1032; x_wconf 90' lang='lat' dir='ltr'>quemque</span> <span class='ocrx_word' id='word_1_91' title='bbox 1802 976 2076 1018; x_wconf 82' lang='lat' dir='ltr'>educatorem</span> 
     </span>
     <span class='ocr_line' id='line_1_13' title="bbox 355 1043 2116 1100; baseline -0.002 -14"><span class='ocrx_word' id='word_1_92' title='bbox 355 1045 594 1087; x_wconf 81' lang='lat' dir='ltr'><strong>Britannici</strong></span> <span class='ocrx_word' id='word_1_93' title='bbox 616 1044 747 1086; x_wconf 88' lang='lat' dir='ltr'>exilio</span> <span class='ocrx_word' id='word_1_94' title='bbox 780 1051 854 1086; x_wconf 91' lang='lat' dir='ltr'>aut</span> <span class='ocrx_word' id='word_1_95' title='bbox 881 1050 1018 1085; x_wconf 89' lang='lat' dir='ltr'>morte</span> <span class='ocrx_word' id='word_1_96' title='bbox 1049 1045 1191 1086; x_wconf 88' lang='lat' dir='ltr'>affecit</span> <span class='ocrx_word' id='word_1_97' title='bbox 1221 1044 1430 1100; x_wconf 90' lang='lat' dir='ltr'>datosque</span> <span class='ocrx_word' id='word_1_98' title='bbox 1460 1059 1485 1085; x_wconf 93' lang='lat' dir='ltr'>a</span> <span class='ocrx_word' id='word_1_99' title='bbox 1516 1058 1704 1086; x_wconf 88' lang='lat' dir='ltr'>noverca</span> <span class='ocrx_word' id='word_1_100' title='bbox 1733 1043 1953 1087; x_wconf 85' lang='lat' dir='ltr'>custodiae</span> <span class='ocrx_word' id='word_1_101' title='bbox 1985 1044 2075 1084; x_wconf 88' lang='lat' dir='ltr'>eius</span> <span class='ocrx_word' id='word_1_102' title='bbox 2114 1047 2116 1049; x_wconf 82' lang='grc'><strong>’</strong></span> 
     </span>
     <span class='ocr_line' id='line_1_14' title="bbox 356 1112 2077 1169; baseline -0.002 -13"><span class='ocrx_word' id='word_1_103' title='bbox 356 1114 559 1169; x_wconf 90' lang='lat' dir='ltr'>imposuit</span> <span class='ocrx_word' id='word_1_104' title='bbox 587 1113 673 1154; x_wconf 82' lang='lat' dir='ltr'>ibd.</span> <span class='ocrx_word' id='word_1_105' title='bbox 699 1117 768 1163; x_wconf 89' lang='grc'>12,</span> <span class='ocrx_word' id='word_1_106' title='bbox 789 1117 855 1163; x_wconf 91' lang='grc'>41,</span> <span class='ocrx_word' id='word_1_107' title='bbox 887 1112 1070 1155; x_wconf 70' lang='lat' dir='ltr'>Suetom</span> <span class='ocrx_word' id='word_1_108' title='bbox 1093 1112 1210 1154; x_wconf 82' lang='lat' dir='ltr'>Nero</span> <span class='ocrx_word' id='word_1_109' title='bbox 1242 1116 1279 1163; x_wconf 90' lang='lat'>7,</span> <span class='ocrx_word' id='word_1_110' title='bbox 1308 1112 1396 1154; x_wconf 90' lang='lat' dir='ltr'>Dio</span> <span class='ocrx_word' id='word_1_111' title='bbox 1427 1115 1492 1163; x_wconf 87' lang='grc'>60,</span> <span class='ocrx_word' id='word_1_112' title='bbox 1513 1115 1583 1155; x_wconf 85' lang='grc'>32.</span> <span class='ocrx_word' id='word_1_113' title='bbox 1645 1112 1735 1155; x_wconf 86' lang='lat' dir='ltr'>Sub</span> <span class='ocrx_word' id='word_1_114' title='bbox 1767 1113 1930 1154; x_wconf 84' lang='lat' dir='ltr'>exitum</span> <span class='ocrx_word' id='word_1_115' title='bbox 1961 1112 2077 1152; x_wconf 88' lang='lat' dir='ltr'>vitae</span> 
     </span>
     <span class='ocr_line' id='line_1_15' title="bbox 357 1180 2077 1236; baseline -0.002 -13"><span class='ocrx_word' id='word_1_116' title='bbox 357 1180 564 1224; x_wconf 87' lang='lat' dir='ltr'>Claudius</span> <span class='ocrx_word' id='word_1_117' title='bbox 586 1181 710 1235; x_wconf 88' lang='lat' dir='ltr'>signa</span> <span class='ocrx_word' id='word_1_118' title='bbox 726 1181 938 1236; x_wconf 86' lang='lat' dir='ltr'>quaedam</span> <span class='ocrx_word' id='word_1_119' title='bbox 960 1195 1039 1222; x_wconf 92' lang='lat' dir='ltr'>nec</span> <span class='ocrx_word' id='word_1_120' title='bbox 1061 1180 1243 1222; x_wconf 90' lang='lat' dir='ltr'>obscura</span> <span class='ocrx_word' id='word_1_121' title='bbox 1263 1181 1551 1236; x_wconf 89' lang='lat' dir='ltr'>paenitentiae</span> <span class='ocrx_word' id='word_1_122' title='bbox 1567 1180 1620 1222; x_wconf 90' lang='lat' dir='ltr'>de</span> <span class='ocrx_word' id='word_1_123' title='bbox 1641 1181 1824 1222; x_wconf 88' lang='lat' dir='ltr'>Neronis</span> <span class='ocrx_word' id='word_1_124' title='bbox 1846 1180 2077 1236; x_wconf 84' lang='lat' dir='ltr'>adoptione</span> 
     </span>
     <span class='ocr_line' id='line_1_16' title="bbox 357 1248 2077 1305; baseline -0.001 -14"><span class='ocrx_word' id='word_1_125' title='bbox 357 1249 476 1292; x_wconf 89' lang='lat' dir='ltr'>dedit</span> <span class='ocrx_word' id='word_1_126' title='bbox 506 1256 547 1290; x_wconf 89' lang='lat' dir='ltr'>et</span> <span class='ocrx_word' id='word_1_127' title='bbox 577 1249 759 1291; x_wconf 89' lang='lat' dir='ltr'>subinde</span> <span class='ocrx_word' id='word_1_128' title='bbox 790 1250 967 1291; x_wconf 86' lang='lat' dir='ltr'>obvium</span> <span class='ocrx_word' id='word_1_129' title='bbox 998 1248 1079 1290; x_wconf 89' lang='lat' dir='ltr'>sibi</span> <span class='ocrx_word' id='word_1_130' title='bbox 1109 1250 1409 1291; x_wconf 89' lang='lat' dir='ltr'>Britannicum</span> <span class='ocrx_word' id='word_1_131' title='bbox 1439 1250 1572 1290; x_wconf 87' lang='lat' dir='ltr'>artius</span> <span class='ocrx_word' id='word_1_132' title='bbox 1603 1248 1851 1305; x_wconf 86' lang='lat' dir='ltr'>complexus</span> <span class='ocrx_word' id='word_1_133' title='bbox 1881 1248 2077 1290; x_wconf 84' lang='lat' dir='ltr'>hortatus</span> 
     </span>
     <span class='ocr_line' id='line_1_17' title="bbox 357 1316 2076 1373; baseline -0.001 -14"><span class='ocrx_word' id='word_1_134' title='bbox 357 1325 432 1372; x_wconf 90' lang='lat' dir='ltr'>est,</span> <span class='ocrx_word' id='word_1_135' title='bbox 465 1324 514 1359; x_wconf 95' lang='lat' dir='ltr'>ut</span> <span class='ocrx_word' id='word_1_136' title='bbox 543 1325 756 1359; x_wconf 86' lang='lat' dir='ltr'>cresceret</span> <span class='ocrx_word' id='word_1_137' title='bbox 785 1319 1081 1373; x_wconf 85' lang='lat' dir='ltr'>rationemque</span> <span class='ocrx_word' id='word_1_138' title='bbox 1111 1332 1136 1359; x_wconf 92' lang='lat' dir='ltr'>a</span> <span class='ocrx_word' id='word_1_139' title='bbox 1162 1332 1207 1359; x_wconf 93' lang='lat' dir='ltr'>se</span> <span class='ocrx_word' id='word_1_140' title='bbox 1228 1318 1419 1359; x_wconf 92' lang='lat' dir='ltr'>omnium</span> <span class='ocrx_word' id='word_1_141' title='bbox 1439 1317 1650 1359; x_wconf 83' lang='lat' dir='ltr'>factorum</span> <span class='ocrx_word' id='word_1_142' title='bbox 1670 1318 1885 1373; x_wconf 90' lang='lat' dir='ltr'>acciperet</span> <span class='ocrx_word' id='word_1_143' title='bbox 1906 1316 2076 1360; x_wconf 80' lang='lat' dir='ltr'>Sueten.</span> 
     </span>
     <span class='ocr_line' id='line_1_18' title="bbox 358 1384 2077 1442; baseline -0.002 -14"><span class='ocrx_word' id='word_1_144' title='bbox 358 1386 507 1428; x_wconf 83' lang='lat' dir='ltr'>Claud.</span> <span class='ocrx_word' id='word_1_145' title='bbox 529 1389 597 1428; x_wconf 83' lang='grc'><em>43.</em></span> <span class='ocrx_word' id='word_1_146' title='bbox 660 1385 728 1427; x_wconf 90' lang='lat' dir='ltr'>Ab</span> <span class='ocrx_word' id='word_1_147' title='bbox 759 1386 1003 1441; x_wconf 87' lang='lat' dir='ltr'>Agrippina</span> <span class='ocrx_word' id='word_1_148' title='bbox 1033 1400 1088 1427; x_wconf 92' lang='lat' dir='ltr'>ne</span> <span class='ocrx_word' id='word_1_149' title='bbox 1118 1384 1317 1427; x_wconf 91' lang='lat' dir='ltr'>cubiculo</span> <span class='ocrx_word' id='word_1_150' title='bbox 1348 1388 1484 1442; x_wconf 87' lang='lat' dir='ltr'>patris</span> <span class='ocrx_word' id='word_1_151' title='bbox 1518 1385 1795 1440; x_wconf 87' lang='lat' dir='ltr'>egrederetur</span> <span class='ocrx_word' id='word_1_152' title='bbox 1822 1384 2077 1441; x_wconf 83' lang='lat' dir='ltr'>prohibitus,</span> 
     </span>
     <span class='ocr_line' id='line_1_19' title="bbox 357 1452 2077 1509; baseline -0.001 -14"><span class='ocrx_word' id='word_1_153' title='bbox 357 1454 459 1495; x_wconf 92' lang='lat' dir='ltr'>dum</span> <span class='ocrx_word' id='word_1_154' title='bbox 490 1454 561 1495; x_wconf 91' lang='lat' dir='ltr'>ille</span> <span class='ocrx_word' id='word_1_155' title='bbox 590 1455 777 1495; x_wconf 90' lang='lat' dir='ltr'>animam</span> <span class='ocrx_word' id='word_1_156' title='bbox 808 1453 973 1495; x_wconf 88' lang='lat' dir='ltr'>efflaret</span> <span class='ocrx_word' id='word_1_157' title='bbox 1008 1454 1105 1496; x_wconf 81' lang='lat' dir='ltr'>Tae.</span> <span class='ocrx_word' id='word_1_158' title='bbox 1138 1468 1177 1496; x_wconf 84' lang='lat' dir='ltr'>a.</span> <span class='ocrx_word' id='word_1_159' title='bbox 1210 1458 1279 1504; x_wconf 90' lang='grc'>12,</span> <span class='ocrx_word' id='word_1_160' title='bbox 1313 1456 1379 1496; x_wconf 91' lang='grc'>68.</span> <span class='ocrx_word' id='word_1_161' title='bbox 1438 1453 1548 1496; x_wconf 85' lang='lat' dir='ltr'>Cum</span> <span class='ocrx_word' id='word_1_162' title='bbox 1578 1454 1946 1509; x_wconf 86' lang='lat' dir='ltr'>appropinquaret</span> <span class='ocrx_word' id='word_1_163' title='bbox 1974 1452 2077 1505; x_wconf 88' lang='lat' dir='ltr'>dies,</span> 
     </span>
     <span class='ocr_line' id='line_1_20' title="bbox 357 1519 2076 1579; baseline -0.001 -15"><span class='ocrx_word' id='word_1_164' title='bbox 357 1537 441 1579; x_wconf 94' lang='lat' dir='ltr'>quo</span> <span class='ocrx_word' id='word_1_165' title='bbox 473 1529 675 1577; x_wconf 90' lang='lat' dir='ltr'>quartum</span> <span class='ocrx_word' id='word_1_166' title='bbox 707 1522 920 1564; x_wconf 90' lang='lat' dir='ltr'>decimum</span> <span class='ocrx_word' id='word_1_167' title='bbox 951 1523 1102 1564; x_wconf 89' lang='lat' dir='ltr'>aetatis</span> <span class='ocrx_word' id='word_1_168' title='bbox 1129 1537 1289 1564; x_wconf 91' lang='lat' dir='ltr'>annum</span> <span class='ocrx_word' id='word_1_169' title='bbox 1309 1523 1585 1564; x_wconf 86' lang='lat' dir='ltr'>Britannicus</span> <span class='ocrx_word' id='word_1_170' title='bbox 1614 1521 1828 1577; x_wconf 87' lang='lat' dir='ltr'>explebat,</span> <span class='ocrx_word' id='word_1_171' title='bbox 1859 1521 1975 1563; x_wconf 87' lang='lat' dir='ltr'>Nero</span> <span class='ocrx_word' id='word_1_172' title='bbox 1996 1519 2076 1562; x_wconf 85' lang='lat' dir='ltr'>sub</span> 
     </span>
     <span class='ocr_line' id='line_1_21' title="bbox 358 1589 2079 1646; baseline -0.002 -13"><span class='ocrx_word' id='word_1_173' title='bbox 358 1592 524 1633; x_wconf 90' lang='lat' dir='ltr'>initium</span> <span class='ocrx_word' id='word_1_174' title='bbox 549 1606 586 1635; x_wconf 87' lang='lat' dir='ltr'>a.</span> <span class='ocrx_word' id='word_1_175' title='bbox 609 1593 662 1633; x_wconf 86' lang='lat'>55</span> <span class='ocrx_word' id='word_1_176' title='bbox 685 1605 816 1646; x_wconf 91' lang='lat' dir='ltr'>opera</span> <span class='ocrx_word' id='word_1_177' title='bbox 835 1591 1052 1632; x_wconf 88' lang='lat' dir='ltr'>Lucustae</span> <span class='ocrx_word' id='word_1_178' title='bbox 1072 1591 1289 1632; x_wconf 86' lang='lat' dir='ltr'>veneficae</span> <span class='ocrx_word' id='word_1_179' title='bbox 1315 1605 1411 1632; x_wconf 90' lang='lat' dir='ltr'>eum</span> <span class='ocrx_word' id='word_1_180' title='bbox 1439 1590 1682 1646; x_wconf 90' lang='lat' dir='ltr'>epulantem</span> <span class='ocrx_word' id='word_1_181' title='bbox 1704 1603 1872 1631; x_wconf 89' lang='lat' dir='ltr'>veneno</span> <span class='ocrx_word' id='word_1_182' title='bbox 1893 1604 1916 1631; x_wconf 93' lang='lat' dir='ltr'>e</span> <span class='ocrx_word' id='word_1_183' title='bbox 1937 1589 2079 1631; x_wconf 92' lang='lat' dir='ltr'>medio</span> 
     </span>
     <span class='ocr_line' id='line_1_22' title="bbox 361 1658 2079 1715; baseline -0.001 -15"><span class='ocrx_word' id='word_1_184' title='bbox 361 1659 534 1700; x_wconf 87' lang='lat' dir='ltr'>sustulit</span> <span class='ocrx_word' id='word_1_185' title='bbox 562 1673 804 1715; x_wconf 90' lang='lat' dir='ltr'>corpusque</span> <span class='ocrx_word' id='word_1_186' title='bbox 834 1660 990 1715; x_wconf 89' lang='lat' dir='ltr'>raptim</span> <span class='ocrx_word' id='word_1_187' title='bbox 1020 1659 1064 1700; x_wconf 89' lang='lat' dir='ltr'>in</span> <span class='ocrx_word' id='word_1_188' title='bbox 1105 1673 1254 1714; x_wconf 87' lang='lat' dir='ltr'>campo</span> <span class='ocrx_word' id='word_1_189' title='bbox 1285 1659 1443 1700; x_wconf 88' lang='lat' dir='ltr'>Martio</span> <span class='ocrx_word' id='word_1_190' title='bbox 1483 1658 1681 1713; x_wconf 88' lang='lat' dir='ltr'>sepelivit</span> <span class='ocrx_word' id='word_1_191' title='bbox 1714 1658 1799 1700; x_wconf 76' lang='lat' dir='ltr'>ibd.</span> <span class='ocrx_word' id='word_1_192' title='bbox 1830 1661 1895 1708; x_wconf 89' lang='lat'>13,</span> <span class='ocrx_word' id='word_1_193' title='bbox 1926 1661 2079 1708; x_wconf 83' lang='lat'><em>15-17,</em></span> 
     </span>
     <span class='ocr_line' id='line_1_23' title="bbox 362 1726 2082 1780; baseline -0.001 -12"><span class='ocrx_word' id='word_1_194' title='bbox 362 1727 533 1769; x_wconf 80' lang='lat' dir='ltr'>Sueton.</span> <span class='ocrx_word' id='word_1_195' title='bbox 566 1727 682 1769; x_wconf 86' lang='lat' dir='ltr'>Nero</span> <span class='ocrx_word' id='word_1_196' title='bbox 712 1730 779 1777; x_wconf 84' lang='lat'>33,</span> <span class='ocrx_word' id='word_1_197' title='bbox 811 1726 899 1768; x_wconf 90' lang='lat' dir='ltr'>Dio</span> <span class='ocrx_word' id='word_1_198' title='bbox 930 1730 994 1777; x_wconf 91' lang='grc'><em>61,</em></span> <span class='ocrx_word' id='word_1_199' title='bbox 1026 1731 1064 1768; x_wconf 93' lang='grc'><em>1.</em></span> <span class='ocrx_word' id='word_1_200' title='bbox 1097 1730 1134 1776; x_wconf 97' lang='grc'>7,</span> <span class='ocrx_word' id='word_1_201' title='bbox 1166 1727 1330 1780; x_wconf 67' lang='lat' dir='ltr'>Ioseph.</span> <span class='ocrx_word' id='word_1_202' title='bbox 1363 1730 1449 1769; x_wconf 78' lang='lat' dir='ltr'>ant.</span> <span class='ocrx_word' id='word_1_203' title='bbox 1483 1730 1553 1777; x_wconf 87' lang='grc'>20,</span> <span class='ocrx_word' id='word_1_204' title='bbox 1584 1728 1624 1776; x_wconf 88' lang='grc'><em>8,</em></span> <span class='ocrx_word' id='word_1_205' title='bbox 1656 1729 1698 1776; x_wconf 91' lang='grc'><em>2,</em></span> <span class='ocrx_word' id='word_1_206' title='bbox 1742 1726 1835 1768; x_wconf 81' lang='lat' dir='ltr'>bell.</span> <span class='ocrx_word' id='word_1_207' title='bbox 1865 1730 1908 1777; x_wconf 88' lang='grc'><em>2,</em></span> <span class='ocrx_word' id='word_1_208' title='bbox 1940 1729 2010 1777; x_wconf 92' lang='grc'>12,</span> <span class='ocrx_word' id='word_1_209' title='bbox 2040 1728 2082 1776; x_wconf 90' lang='grc'><em>8,</em></span> 
     </span>
     <span class='ocr_line' id='line_1_24' title="bbox 361 1794 2081 1849; baseline 0 -13"><span class='ocrx_word' id='word_1_210' title='bbox 361 1795 542 1849; x_wconf 76' lang='lat' dir='ltr'>Eutrop.</span> <span class='ocrx_word' id='word_1_211' title='bbox 565 1798 603 1845; x_wconf 91' lang='lat'>7,</span> <span class='ocrx_word' id='word_1_212' title='bbox 625 1799 695 1838; x_wconf 89' lang='grc'><em>12.</em></span> <span class='ocrx_word' id='word_1_213' title='bbox 719 1799 784 1845; x_wconf 89' lang='grc'>14,</span> <span class='ocrx_word' id='word_1_214' title='bbox 815 1795 939 1837; x_wconf 78' lang='lat' dir='ltr'>schol.</span> <span class='ocrx_word' id='word_1_215' title='bbox 964 1794 1022 1836; x_wconf 82' lang='lat' dir='ltr'>ad</span> <span class='ocrx_word' id='word_1_216' title='bbox 1044 1795 1234 1837; x_wconf 81' lang='lat' dir='ltr'>Juvenal.</span> <span class='ocrx_word' id='word_1_217' title='bbox 1260 1798 1340 1838; x_wconf 78' lang='lat' dir='ltr'>sat.</span> <span class='ocrx_word' id='word_1_218' title='bbox 1362 1799 1400 1845; x_wconf 93' lang='lat'>1,</span> <span class='ocrx_word' id='word_1_219' title='bbox 1425 1799 1498 1845; x_wconf 83' lang='lat'><em>71,·</em></span> <span class='ocrx_word' id='word_1_220' title='bbox 1527 1797 1565 1846; x_wconf 84' lang='lat'>6,</span> <span class='ocrx_word' id='word_1_221' title='bbox 1588 1797 1672 1837; x_wconf 93' lang='lat'>117</span> <span class='ocrx_word' id='word_1_222' title='bbox 1679 1807 1692 1846; x_wconf 90' lang='lat'><em>;</em></span> <span class='ocrx_word' id='word_1_223' title='bbox 1719 1797 1759 1844; x_wconf 88' lang='grc'>8,</span> <span class='ocrx_word' id='word_1_224' title='bbox 1781 1797 1879 1845; x_wconf 89' lang='grc'><em>218,</em></span> <span class='ocrx_word' id='word_1_225' title='bbox 1910 1794 2081 1836; x_wconf 86' lang='lat' dir='ltr'>Aelian.</span> 
     </span>
     <span class='ocr_line' id='line_1_25' title="bbox 365 1862 2081 1919; baseline -0.001 -14"><span class='ocrx_word' id='word_1_226' title='bbox 365 1863 414 1905; x_wconf 84' lang='lat' dir='ltr'>de</span> <span class='ocrx_word' id='word_1_227' title='bbox 441 1867 530 1905; x_wconf 80' lang='lat' dir='ltr'>nat.</span> <span class='ocrx_word' id='word_1_228' title='bbox 563 1863 737 1907; x_wconf 82' lang='lat' dir='ltr'>animal.</span> <span class='ocrx_word' id='word_1_229' title='bbox 764 1866 804 1914; x_wconf 87' lang='lat'>5,</span> <span class='ocrx_word' id='word_1_230' title='bbox 835 1867 906 1906; x_wconf 89' lang='grc'>29.</span> <span class='ocrx_word' id='word_1_231' title='bbox 966 1864 1091 1905; x_wconf 85' lang='lat' dir='ltr'>Titus</span> <span class='ocrx_word' id='word_1_232' title='bbox 1121 1864 1377 1919; x_wconf 88' lang='lat' dir='ltr'>Vespasiani</span> <span class='ocrx_word' id='word_1_233' title='bbox 1419 1863 1534 1905; x_wconf 91' lang='lat' dir='ltr'>filius</span> <span class='ocrx_word' id='word_1_234' title='bbox 1565 1864 1639 1919; x_wconf 92' lang='lat' dir='ltr'>qui</span> <span class='ocrx_word' id='word_1_235' title='bbox 1669 1862 2001 1905; x_wconf 87' lang='lat' dir='ltr'>familiarissime</span> <span class='ocrx_word' id='word_1_236' title='bbox 2032 1877 2081 1904; x_wconf 91' lang='lat' dir='ltr'>eo</span> 
     </span>
     <span class='ocr_line' id='line_1_26' title="bbox 363 1931 2084 1988; baseline -0.001 -14"><span class='ocrx_word' id='word_1_237' title='bbox 363 1948 464 1973; x_wconf 88' lang='lat' dir='ltr'>usus</span> <span class='ocrx_word' id='word_1_238' title='bbox 495 1940 598 1987; x_wconf 88' lang='lat' dir='ltr'>erat,</span> <span class='ocrx_word' id='word_1_239' title='bbox 631 1940 778 1988; x_wconf 91' lang='lat' dir='ltr'>postea</span> <span class='ocrx_word' id='word_1_240' title='bbox 812 1940 997 1974; x_wconf 88' lang='lat' dir='ltr'>statuam</span> <span class='ocrx_word' id='word_1_241' title='bbox 1025 1934 1064 1974; x_wconf 92' lang='lat' dir='ltr'>ei</span> <span class='ocrx_word' id='word_1_242' title='bbox 1094 1947 1271 1974; x_wconf 88' lang='lat' dir='ltr'>auream</span> <span class='ocrx_word' id='word_1_243' title='bbox 1302 1934 1347 1973; x_wconf 92' lang='lat' dir='ltr'>in</span> <span class='ocrx_word' id='word_1_244' title='bbox 1378 1932 1543 1974; x_wconf 90' lang='lat' dir='ltr'>Palatio</span> <span class='ocrx_word' id='word_1_245' title='bbox 1574 1933 1718 1988; x_wconf 90' lang='lat' dir='ltr'>posuit</span> <span class='ocrx_word' id='word_1_246' title='bbox 1748 1939 1790 1973; x_wconf 90' lang='lat' dir='ltr'>et</span> <span class='ocrx_word' id='word_1_247' title='bbox 1819 1931 1997 1973; x_wconf 89' lang='lat' dir='ltr'>alteram</span> <span class='ocrx_word' id='word_1_248' title='bbox 2028 1945 2084 1972; x_wconf 86' lang='lat' dir='ltr'>ex</span> 
     </span>
     <span class='ocr_line' id='line_1_27' title="bbox 365 1999 2083 2058; baseline -0.001 -17"><span class='ocrx_word' id='word_1_249' title='bbox 365 2000 493 2042; x_wconf 87' lang='lat' dir='ltr'>ebore</span> <span class='ocrx_word' id='word_1_250' title='bbox 524 2008 776 2056; x_wconf 88' lang='lat' dir='ltr'>equestrem,</span> <span class='ocrx_word' id='word_1_251' title='bbox 810 2016 921 2057; x_wconf 92' lang='lat' dir='ltr'>quae</span> <span class='ocrx_word' id='word_1_252' title='bbox 952 2000 1144 2043; x_wconf 84' lang='lat' dir='ltr'>Circensi</span> <span class='ocrx_word' id='word_1_253' title='bbox 1174 2015 1334 2058; x_wconf 87' lang='lat' dir='ltr'>pompa</span> <span class='ocrx_word' id='word_1_254' title='bbox 1371 2000 1707 2057; x_wconf 83' lang='lat' dir='ltr'>praeferebatur,</span> <span class='ocrx_word' id='word_1_255' title='bbox 1739 1999 1959 2042; x_wconf 89' lang='lat' dir='ltr'>dedicavit</span> <span class='ocrx_word' id='word_1_256' title='bbox 1987 2013 2083 2055; x_wconf 92' lang='lat' dir='ltr'>pro-</span> 
     </span>
     <span class='ocr_line' id='line_1_28' title="bbox 364 2069 1079 2124; baseline 0.006 -15"><span class='ocrx_word' id='word_1_257' title='bbox 364 2075 621 2124; x_wconf 89' lang='lat' dir='ltr'>secutusque</span> <span class='ocrx_word' id='word_1_258' title='bbox 652 2076 717 2111; x_wconf 88' lang='lat' dir='ltr'>est</span> <span class='ocrx_word' id='word_1_259' title='bbox 738 2069 907 2113; x_wconf 77' lang='lat' dir='ltr'>Sueten.</span> <span class='ocrx_word' id='word_1_260' title='bbox 935 2069 1015 2113; x_wconf 72' lang='lat' dir='ltr'>Tit,</span> <span class='ocrx_word' id='word_1_261' title='bbox 1037 2073 1079 2113; x_wconf 89' lang='grc'>2.</span> 
     </span>
    </p>

    <p class='ocr_par' dir='ltr' id='par_1_5' title="bbox 362 2137 2081 2256">
     <span class='ocr_line' id='line_1_29' title="bbox 447 2137 2081 2189; baseline 0.001 -11"><span class='ocrx_word' id='word_1_262' title='bbox 447 2137 713 2179; x_wconf 78' lang='lat' dir='ltr'>Memoratur</span> <span class='ocrx_word' id='word_1_263' title='bbox 749 2138 846 2180; x_wconf 85' lang='lat' dir='ltr'>Tae.</span> <span class='ocrx_word' id='word_1_264' title='bbox 877 2152 917 2180; x_wconf 84' lang='lat' dir='ltr'>a.</span> <span class='ocrx_word' id='word_1_265' title='bbox 948 2141 1013 2188; x_wconf 93' lang='lat'>11,</span> <span class='ocrx_word' id='word_1_266' title='bbox 1043 2140 1112 2180; x_wconf 90' lang='grc'>26.</span> <span class='ocrx_word' id='word_1_267' title='bbox 1143 2141 1197 2180; x_wconf 91' lang='grc'><em>34</em></span> <span class='ocrx_word' id='word_1_268' title='bbox 1207 2151 1220 2189; x_wconf 93' lang='grc'><em>;</em></span> <span class='ocrx_word' id='word_1_269' title='bbox 1249 2141 1318 2188; x_wconf 91' lang='grc'>12,</span> <span class='ocrx_word' id='word_1_270' title='bbox 1344 2141 1388 2181; x_wconf 92' lang='grc'>2.</span> <span class='ocrx_word' id='word_1_271' title='bbox 1411 2141 1450 2180; x_wconf 88' lang='grc'>9.</span> <span class='ocrx_word' id='word_1_272' title='bbox 1473 2140 1536 2180; x_wconf 86' lang='grc'>65.</span> <span class='ocrx_word' id='word_1_273' title='bbox 1559 2139 1625 2181; x_wconf 90' lang='grc'>68.</span> <span class='ocrx_word' id='word_1_274' title='bbox 1647 2140 1724 2188; x_wconf 89' lang='grc'><em>69,·</em></span> <span class='ocrx_word' id='word_1_275' title='bbox 1753 2139 1818 2187; x_wconf 84' lang='grc'>13,</span> <span class='ocrx_word' id='word_1_276' title='bbox 1840 2140 1905 2179; x_wconf 87' lang='grc'><em>10.</em></span> <span class='ocrx_word' id='word_1_277' title='bbox 1927 2139 1993 2178; x_wconf 91' lang='grc'>14.</span> <span class='ocrx_word' id='word_1_278' title='bbox 2014 2138 2081 2180; x_wconf 90' lang='grc'><em>19.</em></span> 
     </span>
     <span class='ocr_line' id='line_1_30' title="bbox 362 2205 1449 2256; baseline 0.001 -8"><span class='ocrx_word' id='word_1_279' title='bbox 362 2208 443 2256; x_wconf 88' lang='grc'><em>21;</em></span> <span class='ocrx_word' id='word_1_280' title='bbox 471 2208 536 2255; x_wconf 90' lang='grc'>14,</span> <span class='ocrx_word' id='word_1_281' title='bbox 557 2208 596 2256; x_wconf 91' lang='lat'>3,</span> <span class='ocrx_word' id='word_1_282' title='bbox 629 2205 800 2248; x_wconf 77' lang='lat' dir='ltr'>Sueton.</span> <span class='ocrx_word' id='word_1_283' title='bbox 826 2206 942 2248; x_wconf 78' lang='lat' dir='ltr'>Nero</span> <span class='ocrx_word' id='word_1_284' title='bbox 963 2209 1001 2256; x_wconf 90' lang='lat'>6,</span> <span class='ocrx_word' id='word_1_285' title='bbox 1032 2206 1267 2248; x_wconf 76' lang='lat' dir='ltr'>Herodian.</span> <span class='ocrx_word' id='word_1_286' title='bbox 1289 2210 1329 2256; x_wconf 89' lang='grc'>4,</span> <span class='ocrx_word' id='word_1_287' title='bbox 1350 2211 1388 2256; x_wconf 86' lang='grc'>5,</span> <span class='ocrx_word' id='word_1_288' title='bbox 1411 2209 1449 2250; x_wconf 88' lang='lat'>6.</span> 
     </span>
    </p>

    <p class='ocr_par' dir='ltr' id='par_1_6' title="bbox 278 2273 2084 2464">
     <span class='ocr_line' id='line_1_31' title="bbox 278 2273 2084 2330; baseline -0.001 -15"><span class='ocrx_word' id='word_1_289' title='bbox 278 2274 359 2315; x_wconf 82' lang='grc'>667</span> <span class='ocrx_word' id='word_1_290' title='bbox 391 2280 451 2317; x_wconf 89' lang='grc' dir='ltr'>ΤΙ.</span> <span class='ocrx_word' id='word_1_291' title='bbox 495 2274 779 2328; x_wconf 86' lang='lat' dir='ltr'>CL(AVDIVS)</span> <span class='ocrx_word' id='word_1_292' title='bbox 821 2280 1180 2315; x_wconf 86' lang='lat' dir='ltr'>CALLIPPIANVS</span> <span class='ocrx_word' id='word_1_293' title='bbox 1225 2280 1476 2328; x_wconf 85' lang='lat' dir='ltr'>ITALICVS,</span> <span class='ocrx_word' id='word_1_294' title='bbox 1520 2276 1688 2323; x_wconf 73' lang='grc' dir='ltr'>ὕπατος,</span> <span class='ocrx_word' id='word_1_295' title='bbox 1734 2274 1974 2330; x_wconf 76' lang='grc' dir='ltr'>πρεσβευτὴς</span> <span class='ocrx_word' id='word_1_296' title='bbox 2019 2273 2084 2315; x_wconf 78' lang='grc' dir='ltr'>καὶ</span> 
     </span>
     <span class='ocr_line' id='line_1_32' title="bbox 365 2341 2082 2400; baseline 0 -17"><span class='ocrx_word' id='word_1_297' title='bbox 365 2343 662 2399; x_wconf 82' lang='grc' dir='ltr'>ἀντιστράτηγος</span> <span class='ocrx_word' id='word_1_298' title='bbox 699 2347 777 2386; x_wconf 86' lang='grc' dir='ltr'>τῶν</span> <span class='ocrx_word' id='word_1_299' title='bbox 817 2343 1051 2400; x_wconf 82' lang='grc' dir='ltr'>Σεβαστῶν,</span> <span class='ocrx_word' id='word_1_300' title='bbox 1092 2345 1272 2400; x_wconf 81' lang='grc' dir='ltr'>λογιστὴς</span> <span class='ocrx_word' id='word_1_301' title='bbox 1310 2344 1376 2385; x_wconf 86' lang='grc' dir='ltr'>καὶ</span> <span class='ocrx_word' id='word_1_302' title='bbox 1415 2344 1699 2399; x_wconf 82' lang='grc' dir='ltr'>ἐπανορθωτὴς</span> <span class='ocrx_word' id='word_1_303' title='bbox 1738 2346 1816 2383; x_wconf 83' lang='grc' dir='ltr'>τῶν</span> <span class='ocrx_word' id='word_1_304' title='bbox 1855 2341 2082 2398; x_wconf 74' lang='grc' dir='ltr'>ἐλευθέρων</span> 
     </span>
     <span class='ocr_line' id='line_1_33' title="bbox 366 2409 1573 2464; baseline 0.001 -13"><span class='ocrx_word' id='word_1_305' title='bbox 366 2410 522 2453; x_wconf 87' lang='grc' dir='ltr'>πόλεων</span> <span class='ocrx_word' id='word_1_306' title='bbox 547 2410 716 2464; x_wconf 75' lang='lat' dir='ltr'>publice</span> <span class='ocrx_word' id='word_1_307' title='bbox 744 2410 974 2452; x_wconf 77' lang='lat' dir='ltr'>honoratus</span> <span class='ocrx_word' id='word_1_308' title='bbox 1004 2414 1031 2455; x_wconf 84' lang='lat' dir='ltr'>t.</span> <span class='ocrx_word' id='word_1_309' title='bbox 1062 2411 1207 2452; x_wconf 80' lang='lat' dir='ltr'>Attico</span> <span class='ocrx_word' id='word_1_310' title='bbox 1239 2409 1341 2453; x_wconf 79' lang='lat' dir='ltr'>OIA</span> <span class='ocrx_word' id='word_1_311' title='bbox 1370 2411 1457 2453; x_wconf 88' lang='lat' dir='ltr'>III</span> <span class='ocrx_word' id='word_1_312' title='bbox 1482 2413 1573 2454; x_wconf 83' lang='lat'>631.</span> 
     </span>
    </p>

    <p class='ocr_par' dir='ltr' id='par_1_7' title="bbox 367 2478 2085 2670">
     <span class='ocr_line' id='line_1_34' title="bbox 452 2478 2084 2534; baseline 0 -15"><span class='ocrx_word' id='word_1_313' title='bbox 452 2479 553 2520; x_wconf 88' lang='lat' dir='ltr'>Fuit</span> <span class='ocrx_word' id='word_1_314' title='bbox 581 2478 730 2520; x_wconf 92' lang='lat' dir='ltr'>consul</span> <span class='ocrx_word' id='word_1_315' title='bbox 759 2478 973 2534; x_wconf 63' lang='lat' dir='ltr'>(suffectus</span> <span class='ocrx_word' id='word_1_316' title='bbox 994 2493 1105 2521; x_wconf 86' lang='lat' dir='ltr'>anno</span> <span class='ocrx_word' id='word_1_317' title='bbox 1125 2479 1312 2530; x_wconf 81' lang='lat' dir='ltr'>incerto),</span> <span class='ocrx_word' id='word_1_318' title='bbox 1342 2478 1509 2533; x_wconf 86' lang='lat' dir='ltr'>legatus</span> <span class='ocrx_word' id='word_1_319' title='bbox 1531 2479 1824 2533; x_wconf 88' lang='lat' dir='ltr'>Augustorum</span> <span class='ocrx_word' id='word_1_320' title='bbox 1857 2493 1934 2534; x_wconf 88' lang='lat' dir='ltr'>pro</span> <span class='ocrx_word' id='word_1_321' title='bbox 1965 2492 2084 2534; x_wconf 85' lang='lat' dir='ltr'>prae-</span> 
     </span>
     <span class='ocr_line' id='line_1_35' title="bbox 367 2545 2084 2602; baseline -0.001 -14"><span class='ocrx_word' id='word_1_322' title='bbox 367 2553 458 2588; x_wconf 89' lang='lat' dir='ltr'>tore</span> <span class='ocrx_word' id='word_1_323' title='bbox 499 2547 654 2589; x_wconf 90' lang='lat' dir='ltr'>missus</span> <span class='ocrx_word' id='word_1_324' title='bbox 693 2547 748 2589; x_wconf 92' lang='lat' dir='ltr'>ad</span> <span class='ocrx_word' id='word_1_325' title='bbox 788 2547 1091 2602; x_wconf 88' lang='lat' dir='ltr'>corrigendum</span> <span class='ocrx_word' id='word_1_326' title='bbox 1132 2554 1289 2590; x_wconf 90' lang='lat' dir='ltr'>statum</span> <span class='ocrx_word' id='word_1_327' title='bbox 1328 2548 1566 2589; x_wconf 86' lang='lat' dir='ltr'>civitatium</span> <span class='ocrx_word' id='word_1_328' title='bbox 1609 2547 1842 2590; x_wconf 90' lang='lat' dir='ltr'>liberarum</span> <span class='ocrx_word' id='word_1_329' title='bbox 1880 2545 2084 2588; x_wconf 86' lang='lat' dir='ltr'>Achaiae.</span> 
     </span>
     <span class='ocr_line' id='line_1_36' title="bbox 367 2614 2085 2670; baseline 0.002 -15"><span class='ocrx_word' id='word_1_330' title='bbox 367 2614 442 2655; x_wconf 77' lang='lat' dir='ltr'>Ad</span> <span class='ocrx_word' id='word_1_331' title='bbox 462 2618 640 2656; x_wconf 78' lang='lat' dir='ltr'>aetatem</span> <span class='ocrx_word' id='word_1_332' title='bbox 661 2615 808 2658; x_wconf 80' lang='lat' dir='ltr'>Severi</span> <span class='ocrx_word' id='word_1_333' title='bbox 826 2619 865 2657; x_wconf 78' lang='lat' dir='ltr'>et</span> <span class='ocrx_word' id='word_1_334' title='bbox 883 2616 1095 2658; x_wconf 76' lang='lat' dir='ltr'>Antonini</span> <span class='ocrx_word' id='word_1_335' title='bbox 1112 2616 1274 2658; x_wconf 76' lang='lat' dir='ltr'>rettulit</span> <span class='ocrx_word' id='word_1_336' title='bbox 1292 2615 1590 2670; x_wconf 74' lang='lat' dir='ltr'>Dittenberyer</span> <span class='ocrx_word' id='word_1_337' title='bbox 1608 2615 1783 2670; x_wconf 76' lang='lat' dir='ltr'>Ephem.</span> <span class='ocrx_word' id='word_1_338' title='bbox 1806 2629 1868 2669; x_wconf 78' lang='lat' dir='ltr'>ep.</span> <span class='ocrx_word' id='word_1_339' title='bbox 1884 2619 1909 2658; x_wconf 91' lang='lat'><em>1</em></span> <span class='ocrx_word' id='word_1_340' title='bbox 1922 2629 1971 2669; x_wconf 75' lang='lat' dir='ltr'>p.</span> <span class='ocrx_word' id='word_1_341' title='bbox 1987 2616 2085 2659; x_wconf 83' lang='grc'><em>248.</em></span> 
     </span>
    </p>

    <p class='ocr_par' dir='ltr' id='par_1_8' title="bbox 284 2683 2083 2806">
     <span class='ocr_line' id='line_1_37' title="bbox 284 2683 2083 2738; baseline 0.001 -15"><span class='ocrx_word' id='word_1_342' title='bbox 284 2683 366 2724; x_wconf 86' lang='grc'>668</span> <span class='ocrx_word' id='word_1_343' title='bbox 398 2688 492 2724; x_wconf 84' lang='grc' dir='ltr'><em>ΤΙΒ.</em></span> <span class='ocrx_word' id='word_1_344' title='bbox 516 2683 798 2738; x_wconf 86' lang='lat' dir='ltr'><strong>OL(AVDIVS)</strong></span> <span class='ocrx_word' id='word_1_345' title='bbox 822 2690 1087 2726; x_wconf 87' lang='lat' dir='ltr'><strong>OANDIDVS.</strong></span> <span class='ocrx_word' id='word_1_346' title='bbox 1139 2684 1308 2726; x_wconf 76' lang='lat' dir='ltr'>Titulus</span> <span class='ocrx_word' id='word_1_347' title='bbox 1335 2685 1424 2726; x_wconf 80' lang='lat' dir='ltr'>eius</span> <span class='ocrx_word' id='word_1_348' title='bbox 1449 2684 1779 2726; x_wconf 77' lang='lat' dir='ltr'>Tarraconensis</span> <span class='ocrx_word' id='word_1_349' title='bbox 1805 2683 1867 2725; x_wconf 92' lang='grc' dir='ltr'>ΙΙ</span> <span class='ocrx_word' id='word_1_350' title='bbox 1876 2686 2005 2725; x_wconf 83' lang='grc'><em>4114.</em></span> <span class='ocrx_word' id='word_1_351' title='bbox 2022 2707 2083 2712; x_wconf 88' lang='grc'>·-</span> 
     </span>
     <span class='ocr_line' id='line_1_38' title="bbox 372 2750 1718 2806; baseline 0.001 -15"><span class='ocrx_word' id='word_1_352' title='bbox 372 2750 561 2792; x_wconf 82' lang='lat' dir='ltr'>Nomina</span> <span class='ocrx_word' id='word_1_353' title='bbox 580 2751 714 2805; x_wconf 75' lang='lat' dir='ltr'>plena</span> <span class='ocrx_word' id='word_1_354' title='bbox 744 2752 907 2794; x_wconf 76' lang='lat' dir='ltr'>exhibet</span> <span class='ocrx_word' id='word_1_355' title='bbox 937 2752 1095 2803; x_wconf 78' lang='lat' dir='ltr'>titulus,</span> <span class='ocrx_word' id='word_1_356' title='bbox 1127 2751 1348 2795; x_wconf 83' lang='lat' dir='ltr'>Candidus</span> <span class='ocrx_word' id='word_1_357' title='bbox 1380 2752 1495 2806; x_wconf 76' lang='lat' dir='ltr'>apud</span> <span class='ocrx_word' id='word_1_358' title='bbox 1522 2751 1718 2794; x_wconf 83' lang='lat' dir='ltr'>Dionem.</span> 
     </span>
    </p>

    <p class='ocr_par' dir='ltr' id='par_1_9' title="bbox 371 2817 2088 3421">
     <span class='ocr_line' id='line_1_39' title="bbox 457 2817 2087 2874; baseline 0.001 -15"><span class='ocrx_word' id='word_1_359' title='bbox 457 2818 705 2861; x_wconf 84' lang='lat' dir='ltr'>Praefectus</span> <span class='ocrx_word' id='word_1_360' title='bbox 736 2820 922 2863; x_wconf 89' lang='lat' dir='ltr'>cohortis</span> <span class='ocrx_word' id='word_1_361' title='bbox 957 2821 1171 2863; x_wconf 88' lang='lat' dir='ltr'>secundae</span> <span class='ocrx_word' id='word_1_362' title='bbox 1200 2821 1359 2862; x_wconf 90' lang='lat' dir='ltr'>civium</span> <span class='ocrx_word' id='word_1_363' title='bbox 1389 2821 1700 2874; x_wconf 86' lang='lat' dir='ltr'>Romanorum,</span> <span class='ocrx_word' id='word_1_364' title='bbox 1740 2819 1939 2862; x_wconf 87' lang='lat' dir='ltr'>tribunus</span> <span class='ocrx_word' id='word_1_365' title='bbox 1978 2817 2087 2860; x_wconf 92' lang='lat' dir='ltr'>mili-</span> 
     </span>
     <span class='ocr_line' id='line_1_40' title="bbox 371 2887 2085 2946; baseline 0.001 -19"><span class='ocrx_word' id='word_1_366' title='bbox 371 2893 462 2928; x_wconf 91' lang='lat' dir='ltr'>tum</span> <span class='ocrx_word' id='word_1_367' title='bbox 502 2887 681 2942; x_wconf 87' lang='lat' dir='ltr'>legionis</span> <span class='ocrx_word' id='word_1_368' title='bbox 717 2890 762 2931; x_wconf 83' lang='lat'>11</span> <span class='ocrx_word' id='word_1_369' title='bbox 802 2888 1046 2944; x_wconf 84' lang='lat' dir='ltr'>Augustae,</span> <span class='ocrx_word' id='word_1_370' title='bbox 1086 2891 1358 2946; x_wconf 90' lang='lat' dir='ltr'>praepositus</span> <span class='ocrx_word' id='word_1_371' title='bbox 1396 2890 1617 2946; x_wconf 88' lang='lat' dir='ltr'>copiarum</span> <span class='ocrx_word' id='word_1_372' title='bbox 1658 2888 1942 2945; x_wconf 81' lang='lat' dir='ltr'>expeditionis</span> <span class='ocrx_word' id='word_1_373' title='bbox 1980 2888 2085 2931; x_wconf 80' lang='lat' dir='ltr'>Ger-</span> 
     </span>
     <span class='ocr_line' id='line_1_41' title="bbox 371 2955 2086 3010; baseline 0.001 -14"><span class='ocrx_word' id='word_1_374' title='bbox 371 2956 564 3002; x_wconf 82' lang='lat' dir='ltr'>manicae</span> <span class='ocrx_word' id='word_1_375' title='bbox 603 2957 817 2999; x_wconf 90' lang='lat' dir='ltr'>secundae</span> <span class='ocrx_word' id='word_1_376' title='bbox 856 2956 1030 3010; x_wconf 78' lang='lat' dir='ltr'>(scilieet</span> <span class='ocrx_word' id='word_1_377' title='bbox 1070 2958 1135 3002; x_wconf 77' lang='grc' dir='ltr'>Μ</span> <span class='ocrx_word' id='word_1_378' title='bbox 1166 2957 1339 3000; x_wconf 78' lang='lat' dir='ltr'>Aurelii</span> <span class='ocrx_word' id='word_1_379' title='bbox 1372 2961 1411 3000; x_wconf 77' lang='lat' dir='ltr'>et</span> <span class='ocrx_word' id='word_1_380' title='bbox 1441 2956 1655 3000; x_wconf 81' lang='lat' dir='ltr'>Commodi</span> <span class='ocrx_word' id='word_1_381' title='bbox 1684 2956 1882 2998; x_wconf 82' lang='lat' dir='ltr'>adversus</span> <span class='ocrx_word' id='word_1_382' title='bbox 1911 2955 2086 2998; x_wconf 82' lang='lat' dir='ltr'>Mareo-</span> 
     </span>
     <span class='ocr_line' id='line_1_42' title="bbox 371 3023 2084 3081; baseline 0 -17"><span class='ocrx_word' id='word_1_383' title='bbox 371 3036 519 3065; x_wconf 84' lang='lat' dir='ltr'>manos</span> <span class='ocrx_word' id='word_1_384' title='bbox 558 3038 597 3065; x_wconf 85' lang='lat' dir='ltr'>a.</span> <span class='ocrx_word' id='word_1_385' title='bbox 629 3027 739 3080; x_wconf 86' lang='lat'><em>178),</em></span> <span class='ocrx_word' id='word_1_386' title='bbox 781 3033 1033 3081; x_wconf 88' lang='lat' dir='ltr'>procurator</span> <span class='ocrx_word' id='word_1_387' title='bbox 1061 3026 1152 3067; x_wconf 91' lang='lat' dir='ltr'>XX</span> <span class='ocrx_word' id='word_1_388' title='bbox 1181 3025 1484 3068; x_wconf 90' lang='lat' dir='ltr'>hereditatium</span> <span class='ocrx_word' id='word_1_389' title='bbox 1523 3040 1600 3081; x_wconf 89' lang='lat' dir='ltr'>per</span> <span class='ocrx_word' id='word_1_390' title='bbox 1630 3024 1795 3067; x_wconf 82' lang='lat' dir='ltr'>Gallias</span> <span class='ocrx_word' id='word_1_391' title='bbox 1824 3023 2084 3078; x_wconf 87' lang='lat' dir='ltr'>Lugdunen-</span> 
     </span>
     <span class='ocr_line' id='line_1_43' title="bbox 376 3090 2088 3150; baseline 0 -18"><span class='ocrx_word' id='word_1_392' title='bbox 376 3105 464 3132; x_wconf 90' lang='lat' dir='ltr'>sem</span> <span class='ocrx_word' id='word_1_393' title='bbox 495 3098 538 3133; x_wconf 91' lang='lat' dir='ltr'>et</span> <span class='ocrx_word' id='word_1_394' title='bbox 566 3092 786 3146; x_wconf 90' lang='lat' dir='ltr'>Belgicam</span> <span class='ocrx_word' id='word_1_395' title='bbox 818 3101 860 3136; x_wconf 88' lang='lat' dir='ltr'>et</span> <span class='ocrx_word' id='word_1_396' title='bbox 890 3101 1119 3150; x_wconf 89' lang='lat' dir='ltr'>utramque</span> <span class='ocrx_word' id='word_1_397' title='bbox 1150 3095 1439 3148; x_wconf 83' lang='lat' dir='ltr'>Germaniam,</span> <span class='ocrx_word' id='word_1_398' title='bbox 1472 3093 1649 3135; x_wconf 86' lang='lat' dir='ltr'>allectus</span> <span class='ocrx_word' id='word_1_399' title='bbox 1680 3094 1791 3134; x_wconf 89' lang='lat' dir='ltr'>inter</span> <span class='ocrx_word' id='word_1_400' title='bbox 1820 3090 2088 3142; x_wconf 88' lang='lat' dir='ltr'>tribunicios,</span> 
     </span>
     <span class='ocr_line' id='line_1_44' title="bbox 376 3158 2088 3216; baseline 0.001 -17"><span class='ocrx_word' id='word_1_401' title='bbox 376 3158 475 3200; x_wconf 91' lang='lat' dir='ltr'>item</span> <span class='ocrx_word' id='word_1_402' title='bbox 507 3162 766 3215; x_wconf 86' lang='lat' dir='ltr'>praetorios,</span> <span class='ocrx_word' id='word_1_403' title='bbox 807 3169 979 3204; x_wconf 89' lang='lat' dir='ltr'>curator</span> <span class='ocrx_word' id='word_1_404' title='bbox 1010 3163 1195 3204; x_wconf 89' lang='lat' dir='ltr'>civitatis</span> <span class='ocrx_word' id='word_1_405' title='bbox 1226 3162 1535 3216; x_wconf 89' lang='lat' dir='ltr'>Teanensium,</span> <span class='ocrx_word' id='word_1_406' title='bbox 1575 3160 1744 3215; x_wconf 87' lang='lat' dir='ltr'>legatus</span> <span class='ocrx_word' id='word_1_407' title='bbox 1783 3174 1861 3216; x_wconf 84' lang='lat' dir='ltr'>pro</span> <span class='ocrx_word' id='word_1_408' title='bbox 1896 3174 1961 3215; x_wconf 89' lang='lat' dir='ltr'>pr.</span> <span class='ocrx_word' id='word_1_409' title='bbox 1991 3174 2088 3215; x_wconf 90' lang='lat' dir='ltr'>pro-</span> 
     </span>
     <span class='ocr_line' id='line_1_45' title="bbox 376 3227 2086 3286; baseline 0.001 -19"><span class='ocrx_word' id='word_1_410' title='bbox 376 3227 545 3268; x_wconf 91' lang='lat' dir='ltr'>vinciae</span> <span class='ocrx_word' id='word_1_411' title='bbox 573 3227 723 3284; x_wconf 88' lang='lat' dir='ltr'>Asiae,</span> <span class='ocrx_word' id='word_1_412' title='bbox 762 3228 918 3284; x_wconf 90' lang='lat' dir='ltr'>logista</span> <span class='ocrx_word' id='word_1_413' title='bbox 949 3231 1134 3273; x_wconf 89' lang='lat' dir='ltr'>civitatis</span> <span class='ocrx_word' id='word_1_414' title='bbox 1165 3229 1536 3286; x_wconf 90' lang='lat' dir='ltr'>splendidissimae</span> <span class='ocrx_word' id='word_1_415' title='bbox 1566 3228 1954 3282; x_wconf 89' lang='lat' dir='ltr'>Nicomedensium,</span> <span class='ocrx_word' id='word_1_416' title='bbox 1986 3228 2086 3269; x_wconf 91' lang='lat' dir='ltr'>item</span> 
     </span>
     <span class='ocr_line' id='line_1_46' title="bbox 379 3293 2087 3354; baseline 0.001 -18"><span class='ocrx_word' id='word_1_417' title='bbox 379 3295 685 3351; x_wconf 81' lang='lat' dir='ltr'>Ephesiorum3</span> <span class='ocrx_word' id='word_1_418' title='bbox 735 3297 825 3339; x_wconf 83' lang='lat' dir='ltr'>dux</span> <span class='ocrx_word' id='word_1_419' title='bbox 870 3299 1086 3340; x_wconf 87' lang='lat' dir='ltr'>exercitus</span> <span class='ocrx_word' id='word_1_420' title='bbox 1128 3298 1292 3354; x_wconf 89' lang='lat' dir='ltr'>Illyrici</span> <span class='ocrx_word' id='word_1_421' title='bbox 1338 3298 1613 3354; x_wconf 87' lang='lat' dir='ltr'>expeditione</span> <span class='ocrx_word' id='word_1_422' title='bbox 1650 3296 1815 3339; x_wconf 88' lang='lat' dir='ltr'>Asiana</span> <span class='ocrx_word' id='word_1_423' title='bbox 1862 3297 1926 3338; x_wconf 80' lang='lat' dir='ltr'>tit.</span> <span class='ocrx_word' id='word_1_424' title='bbox 1970 3293 2087 3352; x_wconf 90' lang='lat' dir='ltr'>apud</span> 
     </span>
     <span class='ocr_line' id='line_1_47' title="bbox 376 3363 2088 3421; baseline -0.001 -14"><span class='ocrx_word' id='word_1_425' title='bbox 376 3364 580 3407; x_wconf 89' lang='lat' dir='ltr'>Nicaeam</span> <span class='ocrx_word' id='word_1_426' title='bbox 609 3380 647 3409; x_wconf 86' lang='lat' dir='ltr'>a.</span> <span class='ocrx_word' id='word_1_427' title='bbox 680 3365 762 3406; x_wconf 90' lang='lat'>194</span> <span class='ocrx_word' id='word_1_428' title='bbox 790 3367 896 3407; x_wconf 89' lang='lat' dir='ltr'>vicit</span> <span class='ocrx_word' id='word_1_429' title='bbox 924 3367 1210 3408; x_wconf 87' lang='lat' dir='ltr'>Pescennium</span> <span class='ocrx_word' id='word_1_430' title='bbox 1238 3366 1421 3421; x_wconf 89' lang='lat' dir='ltr'>Nigrum</span> <span class='ocrx_word' id='word_1_431' title='bbox 1451 3364 1541 3408; x_wconf 89' lang='lat' dir='ltr'>Dio</span> <span class='ocrx_word' id='word_1_432' title='bbox 1570 3368 1635 3418; x_wconf 87' lang='grc'>74,</span> <span class='ocrx_word' id='word_1_433' title='bbox 1666 3367 1709 3416; x_wconf 91' lang='grc'>6,</span> <span class='ocrx_word' id='word_1_434' title='bbox 1750 3365 1850 3406; x_wconf 90' lang='lat' dir='ltr'>item</span> <span class='ocrx_word' id='word_1_435' title='bbox 1885 3363 2088 3406; x_wconf 84' lang='lat' dir='ltr'>Parthica</span> 
     </span>
    </p>
   </div>
  </div>
 </body>
</html>
