2176 3750
107 316 344 354 ANNAEVS
989 314 1043 357 57
1682 320 1919 359 ANNAEVS

191 447 409 491 Cornutus
449 450 494 490 in
532 449 725 492 Maronis
765 452 1084 494 commentariis
1124 451 1169 494 X
1207 452 1379 497 Charis.
1419 451 1610 497 Gramm.
1647 453 1747 495 Lat.
1778 453 1813 495 I
1834 455 1924 496 127

189 535 247 552 =
276 515 482 559 Annaeus
523 516 741 561 Cornutus
781 519 835 562 ad
875 519 1073 562 Italicum
1115 520 1169 562 de
1198 521 1391 576 Vergilio
1428 520 1539 564 libro
1578 521 1624 564 X
1662 521 1720 564 id.
1742 536 1791 577 p.
1812 524 1922 573 125,-

188 584 408 628 adnotatio
445 587 536 628 eius
566 586 623 629 ad
654 587 772 642 Very.
803 587 910 631 Aen.
942 593 980 639 4,
1013 591 1094 631 689
1126 589 1380 632 Macrobius
1407 592 1446 640 5,
1479 593 1547 640 19,
1579 593 1635 641 2;
1670 589 1803 640 locos,
1845 591 1922 632 ubi

187 653 401 696 Cornutus
428 658 687 698 memoratur
718 657 834 711 apud
853 657 1047 700 Servium
1073 661 1111 700 et
1139 659 1186 700 in
1205 658 1376 701 scholiis
1407 658 1722 709 Veronensibus,
1755 658 1921 713 colleyi't

189 721 310 764 Jahn
331 722 356 764 l.
380 722 406 764 l.
431 738 478 777 p.
500 723 549 765 X
559 723 654 766 VII
664 737 771 778 seq.;
802 725 959 767 citatur
981 729 1209 780 praeterea
1236 726 1284 768 in
1303 725 1430 768 schol.
1451 725 1656 771 Bernens.
1680 725 1738 768 ad
1755 727 1920 770 Lucan.

190 793 229 841 1,
251 795 339 834 214
358 805 407 845 p.
429 794 488 834 25
518 791 658 844 Vsen.;
677 795 716 844 3,
737 796 819 836 375
840 808 888 847 p.
910 797 1015 845 109;
1045 798 1085 844 3,
1108 797 1189 837 381
1210 809 1258 848 p.
1282 798 1378 837 110.
1394 819 1452 824 ——
1471 794 1679 837 Annaeus
1701 794 1919 838 Cornutus

191 858 245 900 de
277 861 571 903 enuntiatione
601 860 671 902 vel
703 861 1012 918 orthographia
1049 862 1291 905 Cassiodor.
1320 863 1513 906 Gramm.
1535 864 1634 906 Lat.
1667 863 1763 906 VII
1776 867 1869 908 147.

277 927 499 971 ‘Annaeus
531 929 750 972 Cornutus
781 929 892 973 libro
923 931 1011 974 tab.
1043 938 1196 973 castar.
1227 933 1364 988 patris
1396 933 1478 974 sui'
1517 932 1745 975 Charisius
1764 932 1798 974 I
1819 935 1918 982 201,

189 1010 295 1049 quae
323 998 453 1040 verba
483 1002 684 1053 corrupta
712 1013 841 1053 usque
870 999 1007 1042 adhuc
1035 1014 1120 1043 non
1149 1003 1256 1043 certe
1275 1001 1473 1043 restituta
1493 1005 1602 1044 sunt.
1626 1025 1683 1031 —
1705 1001 1918 1055 (Persius)

190 1068 393 1120 cognovit
422 1081 500 1122 per
529 1066 769 1110 Cornutum
797 1069 926 1111 etiam
956 1068 1185 1111 Annaeum
1216 1069 1467 1124 Lucanum,
1500 1084 1769 1126 aequaevum
1797 1068 1919 1111 audi-

189 1140 324 1176 torem
341 1134 548 1189 Cornuti3
570 1151 669 1178 nam
686 1136 903 1179 Cornutus
924 1137 997 1180 illo
1019 1144 1211 1194 tempore
1232 1139 1422 1193 tragicus
1444 1138 1527 1180 fuit
1547 1144 1689 1181 sectae
1709 1138 1916 1194 poeticae,

190 1203 265 1258 qui
305 1202 440 1246 libros
480 1203 778 1261 philosophiae
818 1205 995 1262 reliquit
1034 1207 1106 1248 vit.
1139 1206 1257 1248 Pers.
1281 1221 1330 1260 p.
1362 1209 1434 1256 73,
1471 1207 1548 1249 ubi
1576 1207 1706 1248 verba
1734 1221 1835 1248 nam
1861 1230 1919 1235 —

188 1269 366 1333 reliquit
392 1272 577 1326 ineptum
603 1272 811 1327 ylossema
839 1287 925 1316 esse
946 1275 1168 1328 perspexit
1195 1274 1354 1329 Beryh.

102 1338 181 1380 451
217 1338 423 1382 Annaeus
454 1340 589 1383 Fidus
619 1341 866 1384 nominatur
897 1342 1059 1385 Seneca
1086 1346 1176 1387 nat.
1207 1346 1365 1397 quaest.
1397 1346 1424 1385 4
1451 1343 1565 1397 prol.
1596 1345 1636 1386 8.

116 1431 174 1436 —
217 1408 267 1452 T.
300 1408 526 1452 Cornelius
556 1409 765 1453 Annaeus
792 1411 973 1454 Fuscus.

102 1475 186 1518 452
215 1483 268 1518 Μ.
290 1483 527 1520 ANNAEVS
558 1485 802 1522 LVCANVS.
845 1479 966 1522 Vitae
995 1480 1086 1522 eius
1115 1483 1259 1522 eoetant
1290 1479 1409 1530 duae,
1438 1494 1527 1521 una
1559 1480 1646 1534 (vit.
1669 1479 1711 1534 1)
1743 1494 1793 1522 eoe
1814 1480 1916 1522 Sue—

189 1545 303 1587 tonio
335 1546 517 1589 oriunda
547 1547 719 1590 Sueton.
751 1548 824 1590 rel.
847 1548 1096 1602 Reifferseh.
1120 1563 1169 1603 p.
1191 1551 1246 1591 50
1264 1562 1361 1602 seq„
1395 1548 1533 1590 altera
1566 1547 1653 1600 (vit.
1674 1547 1722 1602 2)
1758 1548 1918 1591 Vaccae

183 1616 233 1655 ut
261 1617 445 1668 putatur
474 1630 522 1669 p.
555 1619 608 1658 76
637 1629 718 1670 seq.
759 1616 846 1660 ibd.
916 1616 1184 1659 Praenomen
1224 1617 1389 1659 exhibet
1417 1617 1489 1659 vit.
1522 1620 1554 1659 2
1593 1620 1632 1658 et
1669 1616 1916 1671 Hieronym.

189 1682 248 1724 ad
276 1697 316 1726 a.
346 1683 455 1726 Abr.
477 1687 606 1735 2079,
638 1688 818 1727 ceterum
847 1683 1054 1727 Annaeus
1082 1685 1287 1727 Lucanus
1317 1685 1402 1727 sive
1432 1685 1650 1727 Lucanus.

274 1750 412 1794 Filius
434 1752 493 1795 M.
514 1752 684 1795 Annaei
706 1753 846 1795 Melae
877 1760 919 1796 et
939 1753 1105 1796 Aciliae
1124 1754 1195 1797 vit.
1218 1757 1261 1804 2,
1299 1754 1398 1797 Tac.
1421 1768 1460 1795 a.
1484 1757 1549 1803 16,
1572 1757 1637 1803 17,
1670 1754 1916 1809 Hieronym.

188 1819 246 1861 ad
274 1835 314 1863 a.
334 1820 443 1864 Abr.
474 1824 600 1864 2084.
652 1822 948 1865 Cordubensis
978 1823 1050 1865 vit.
1081 1826 1119 1865 1.
1147 1827 1190 1873 2,
1226 1823 1473 1877 Hieronym.
1505 1822 1564 1864 ad
1593 1837 1633 1865 a.
1664 1822 1773 1865 Abr.
1804 1826 1918 1866 2079

188 1888 261 1943 (cf.
294 1889 462 1932 Statius
491 1890 582 1932 silv.
611 1893 656 1941 2,
678 1894 715 1940 7,
738 1893 898 1941 24-30,
932 1891 1134 1933 Martial.
1155 1894 1195 1941 1,
1217 1894 1281 1940 61,
1307 1890 1361 1944 7).
1421 1890 1560 1932 Natus
1592 1897 1656 1932 est
1686 1890 1917 1934 Cordubae

187 1956 230 1999 d.
261 1958 288 2000 3
316 1972 449 2002 mens.
481 1958 716 2001 Novembr.
747 1975 784 2003 a.
816 1959 871 2002 39
901 1960 975 2002 vit.
1006 1963 1059 2010 2,
1102 1966 1303 2001 octavum
1341 1973 1535 2001 mensem
1574 1972 1706 2013 agens
1737 1961 1916 2002 Romam

187 2025 420 2069 translatus
450 2027 522 2069 vit.
553 2031 606 2078 2,
648 2028 820 2070 auditor
859 2027 1029 2070 Annaei
1072 2027 1275 2082 Cornuti,
1318 2029 1485 2070 amicus
1515 2028 1655 2070 Persii
1692 2028 1763 2070 vit.
1796 2028 1915 2071 Pers.

188 2109 237 2148 p.
269 2098 336 2146 73,
378 2111 404 2138 a
437 2096 611 2139 Nerone
651 2096 816 2139 cohorti
856 2098 1092 2139 amicorum
1130 2097 1304 2139 additus
1342 2103 1474 2153 atque
1514 2097 1644 2138 etiam
1683 2103 1917 2153 quaestura

188 2163 421 2206 honoratus
450 2166 521 2207 vit.
549 2169 586 2208 1.
613 2169 656 2216 2,
691 2172 734 2208 et
762 2172 979 2220 auguratu
1007 2166 1078 2210 vit.
1100 2169 1144 2208 2.
1191 2165 1441 2209 Simultates
1470 2165 1571 2207 dein
1601 2166 1715 2207 inter
1745 2180 1840 2207 eum
1874 2172 1917 2207 et

187 2232 403 2274 Neronem
433 2239 551 2275 ortae
581 2241 693 2288 sunt,
724 2248 904 2287 quarum
933 2233 1119 2276 diversas
1149 2246 1300 2275 causas
1331 2233 1516 2286 afferunt
1550 2232 1648 2276 Tac.
1681 2247 1721 2274 a.
1753 2235 1818 2283 15,
1849 2236 1914 2284 49,

186 2299 275 2342 Dio
301 2303 382 2351 52,
413 2304 491 2351 29,
522 2302 591 2343 vit.
621 2306 647 2344 1
675 2305 715 2344 et
743 2305 796 2352 2,
828 2302 1075 2356 Hieronym.
1107 2304 1231 2344 2079.
1293 2300 1616 2343 Coniurationis
1657 2301 1916 2344 Pisonianae

187 2369 404 2425 particeps
431 2370 526 2412 Tac.
550 2370 576 2412 l.
599 2370 640 2420 l.,
663 2371 735 2412 vit.
758 2373 796 2413 1.
820 2373 863 2420 2,
895 2385 982 2426 qua
1012 2369 1181 2412 detecta
1201 2383 1336 2411 venas
1369 2368 1554 2411 exsolvit
1579 2369 1677 2413 Tac.
1700 2383 1740 2412 a.
1763 2371 1828 2420 15,
1848 2371 1914 2413 56.

187 2439 255 2479 57.
286 2440 352 2488 70,
388 2437 636 2492 Hieronym.
669 2438 695 2480 l.
729 2437 769 2488 l„
798 2438 870 2480 vit.
895 2442 933 2488 1,
964 2438 1005 2480 d.
1026 2439 1081 2481 30
1111 2452 1246 2480 mens.
1278 2436 1418 2494 April.
1448 2452 1561 2479 anno
1590 2438 1644 2480 65
1685 2437 1756 2480 vit.
1782 2441 1825 2482 2.
1860 2463 1915 2468 -

189 2505 451 2560 Argentaria
470 2505 593 2549 Polla
613 2521 737 2560 uxor,
766 2507 887 2548 cuius
908 2507 1028 2549 iussu
1050 2508 1317 2562 scripserunt
1337 2506 1381 2547 in
1402 2505 1514 2547 diem
1537 2504 1723 2548 natalem
1745 2506 1914 2548 Lucani

190 2573 354 2616 Statius
385 2574 686 2629 genethliacon
708 2575 820 2618 Stat.
841 2575 933 2617 silv.
958 2578 1001 2625 2,
1027 2578 1055 2617 7
1081 2575 1135 2628 cf.
1156 2574 1302 2629 praef.
1334 2573 1359 2618 l.
1382 2577 1426 2624 2,
1458 2573 1670 2616 Martialis
1702 2575 1913 2630 epigram-

139 2646 144 2651 '
189 2649 304 2684 mata
334 2643 535 2686 Martial.
562 2647 599 2694 7,
626 2646 790 2686 21-23.

275 2711 458 2768 Scripsit
487 2719 530 2754 et
559 2713 751 2754 carmina
781 2718 824 2753 et
854 2710 995 2754 soluta
1024 2712 1217 2754 oratione
1250 2711 1456 2764 quaedam
1485 2711 1556 2755 vit.
1587 2714 1631 2761 2,
1664 2710 1777 2754 Stat.
1807 2715 1850 2761 2,
1874 2714 1912 2761 7,

187 2782 368 2831 21-22,·
407 2781 601 2823 carmina
620 2784 797 2835 praeter
825 2779 1106 2822 Pharsaliam
1131 2779 1257 2822 haec:
1295 2779 1448 2822 laudes
1477 2779 1664 2822 Neronis
1693 2780 1765 2823 vit.
1799 2784 1834 2823 1.
1863 2783 1915 2831 2,-

189 2848 366 2904 Orphea
393 2850 465 2891 vit.
487 2853 529 2899 2,
558 2849 670 2892 Stat.
688 2848 713 2891 l.
732 2849 758 2891 l.
779 2863 815 2892 υ.
831 2851 910 2900 59;
933 2847 1095 2890 Iliacon
1117 2848 1186 2891 vit.
1204 2851 1247 2898 2,
1277 2848 1388 2891 Stat.
1403 2862 1440 2890 v.
1456 2850 1598 2890 55-56
1623 2848 1749 2902 (unde
1772 2861 1916 2891 versus

190 2915 319 2968 affert
342 2918 542 2960 Lactant.
574 2917 632 2960 ad
660 2918 771 2960 Stat.
805 2917 933 2960 Theb.
958 2920 996 2966 3,
1020 2920 1123 2968 641,·
1143 2920 1181 2967 6,
1203 2916 1333 2971 322);
1360 2916 1607 2959 Saturnalia
1626 2917 1698 2958 vit.
1713 2919 1768 2968 2,·
1789 2916 1913 2959 Cata-

189 2985 422 3033 chthonion
439 2986 512 3028 vit.
529 2989 573 3036 2,
596 2986 708 3029 Stat.
727 2999 763 3027 v.
778 2988 835 3028 57
854 2984 980 3040 (unde
1000 2985 1183 3038 fortasse
1201 2997 1344 3026 versus
1364 2984 1493 3036 affert
1507 2984 1706 3026 Lactant.
1728 2984 1787 3026 ad
1802 2985 1913 3027 Stat.

195 3054 322 3097 Theb.
353 3057 392 3104 9,
421 3058 520 3104 424,
550 3054 627 3096 ubi
658 3054 845 3096 traditur
869 3053 1072 3095 Lucanus
1105 3053 1150 3094 in
1183 3054 1450 3108 catagonia);
1487 3052 1704 3096 Silvarum
1733 3053 1789 3107 X,
1832 3060 1913 3094 tra-

187 3122 389 3177 goediam
426 3122 626 3165 Medeam
665 3121 984 3178 imperfectam,
1027 3120 1199 3163 salticas
1239 3120 1409 3163 fabulas
1438 3121 1562 3175 XIV,
1605 3121 1914 3177 epigrammata

191 3190 230 3244 (?
268 3190 456 3233 traditur
494 3197 536 3233 et
580 3193 808 3248 appamata
850 3189 914 3231 vel
958 3195 999 3231 et
1043 3189 1280 3245 ippamata)
1324 3190 1396 3232 vit.
1436 3193 1480 3232 2.
1542 3189 1680 3231 Prosa
1720 3189 1913 3230 oratione

191 3260 362 3315 scripsit
398 3260 442 3300 in
474 3258 706 3302 Octavium
737 3259 950 3312 Sagittam
988 3263 1030 3298 et
1070 3272 1149 3313 pro
1180 3272 1252 3313 eo,
1295 3257 1348 3300 de
1387 3257 1587 3300 incendio
1628 3257 1747 3299 urbis
1783 3257 1912 3312 (Stat.

189 3341 227 3370 v.
258 3327 429 3382 60-61),
460 3327 759 3384 Epistularum
792 3342 847 3368 ex
878 3326 1117 3381 Campania
1144 3327 1216 3368 vit.
1250 3330 1293 3376 2,
1324 3326 1639 3368 adlocutionem
1672 3327 1716 3367 in
1747 3324 1913 3367 Pollam

192 3396 304 3439 Stat.
335 3398 494 3440 62-63.
