2202 3730
263 301 481 337 CLAVDIA
1118 292 1202 333 410
1793 296 2063 333 CLEANDER

346 445 479 472 venas
501 429 666 471 solvere
686 428 810 469 iussit
830 441 940 468 anno
963 427 1015 468 62
1037 426 1123 468 ibd.
1140 430 1204 476 14,
1222 429 1379 477 62-64,
1405 425 1574 469 Sueten.
1592 426 1708 469 Nero
1728 429 1793 478 35,
1815 426 1903 470 Dio
1924 430 1992 478 62,
2008 430 2063 470 13

348 498 562 550 (Zonaras
582 500 646 546 11,
668 495 753 549 12),
781 495 946 548 Ioseph.
969 497 1056 536 ant.
1076 497 1150 545 20,
1171 497 1211 544 8,
1234 498 1272 545 1,
1294 494 1474 548 Eutrop.
1498 498 1535 545 7,
1558 498 1623 545 14,
1649 495 1775 538 schol.
1798 495 1855 537 ad
1873 494 2062 538 Juvenal.

347 569 386 616 8,
403 569 499 609 215.
532 563 764 606 Interfecta
785 568 848 604 est
870 562 1019 604 eodem
1035 562 1106 604 die
1127 577 1212 619 quo
1234 569 1383 618 postea
1397 562 1512 604 Nero
1534 564 1662 618 periit
1675 563 1843 607 Sueten.
1861 563 1977 606 Nero
1996 565 2062 617 57,

348 634 393 675 id
422 636 481 674 est
511 632 575 674 die
607 635 634 674 7
660 632 811 673 mensis
840 630 957 673 Iulii.

431 701 699 742 Memoratur
720 699 816 741 Tae.
836 713 875 740 a.
892 702 960 749 12,
979 701 1022 742 2.
1045 700 1121 750 68,-
1140 701 1206 749 13,
1223 702 1299 749 19;
1324 702 1388 748 14,
1406 701 1444 748 1,
1467 698 1505 740 h.
1527 702 1565 748 1,
1582 701 1648 749 13,
1674 698 1842 743 Sueten.
1863 699 1980 742 Nero
1998 701 2064 748 46,

348 768 435 810 Dio
463 771 536 818 61,
566 771 603 818 7,
637 766 784 822 (Vict.)
816 766 1011 820 Epitome
1040 769 1078 817 5,
1108 769 1147 809 5.
1182 791 1232 795 —
1274 765 1342 808 De
1381 767 1555 808 interitu
1595 768 1683 808 eius
1719 767 1810 821 ayit
1840 769 2067 821 praeteoeta

348 837 532 878 auctoris
562 836 723 885 incerti,
756 849 862 888 quae
891 835 1099 888 inscriffia
1128 837 1189 876 est
1212 833 1407 878 Octavia.

264 906 345 948 872
379 910 599 946 CLAVDIA
627 910 774 944 PAPIA
795 909 1021 944 NETONIA
1044 908 1247 944 INSTEIA
1273 909 1640 958 PRAENESTINA,
1664 903 1900 946 clarissima
1924 901 2070 959 puella

356 972 424 1015 VI
445 975 555 1015 1429
587 972 640 1025 ef.
672 985 806 1026 supra
834 985 875 1014 n.
906 973 1000 1015 849.

264 1041 346 1083 873
379 1039 630 1094 CL[AVDIA]
670 1046 849 1091 PAVLA,
889 1041 914 1094 ἡ
946 1042 1130 1096 κρατίστη
1162 1042 1396 1096 συγκλητική
1427 1043 1684 1082 memoratur
1712 1040 1758 1082 in
1789 1043 1817 1082 t.
1847 1038 2073 1093 Sinopensi

347 1108 494 1150 mutilo
536 1107 644 1150 GIG
672 1110 782 1149 4157
818 1107 994 1161 fratris,
1035 1108 1120 1160 qui,
1160 1122 1411 1161 quamquam
1446 1109 1621 1150 nomina
1653 1108 1896 1163 perierunt,
1941 1107 2070 1161 fuisse

347 1176 511 1219 videtur
542 1175 729 1232 [ἔκγονος]
761 1173 994 1229 Κλαυδ[ίου]
1024 1175 1254 1217 cuiusdam.
1661 1232 1663 1234 -

279 1270 335 1274 —
378 1251 564 1285 BAEBIA
594 1250 783 1285 FVLVIA
813 1249 1033 1285 OLAVDIA
1063 1249 1283 1285 PAVLINA
1313 1249 1534 1285 GRATTIA
1563 1250 1866 1285 MAXIMILLA.

266 1315 349 1356 874
380 1312 563 1355 Claudia
594 1312 841 1366 Peregrina,
875 1312 918 1353 in
949 1312 1122 1367 nuptias
1152 1312 1244 1354 eius
1275 1318 1318 1354 et
1347 1311 1400 1354 A.
1425 1311 1633 1354 Pudentis
1663 1312 1939 1354 centurionis·
1957 1311 2071 1353 Mar-

352 1381 465 1423 tialis
496 1381 669 1436 scripsit
697 1381 828 1434 epiyr.
857 1382 896 1430 4,
927 1382 993 1421 13.

267 1451 349 1492 875
381 1455 602 1491 CLAVDIA
632 1454 877 1503 PVLCHRA,
911 1446 1086 1489 sobrina
1106 1447 1375 1504 Agrippinae
1397 1448 1566 1502 (uxoris
1587 1449 1853 1502 Germanici)
1885 1462 1996 1490 anno
2019 1448 2074 1490 26

356 1533 396 1574 p.
430 1517 477 1560 C.
509 1533 534 1559 a
564 1517 756 1558 Domitio
776 1515 884 1558 Afro
915 1516 1208 1573 impudicitiae
1238 1523 1280 1559 et
1309 1517 1543 1559 maiestatis
1573 1523 1773 1560 accusata
1801 1523 1844 1559 et
1873 1516 2075 1559 damnata

353 1593 417 1628 est
452 1586 548 1629 Tae.
581 1599 621 1627 a.
651 1587 690 1636 4,
721 1587 801 1636 52;
845 1584 940 1639 filia
982 1584 1146 1626 videtur
1186 1583 1396 1627 Claudiae
1434 1585 1672 1627 Marcellae
1712 1585 1888 1628 alterius
1921 1584 2072 1634 utrius,

352 1655 488 1708 neptis
526 1652 725 1695 Octaviae
797 1652 939 1694 Mater
973 1651 1198 1705 Quinctilii
1235 1653 1363 1707 Vari,
1407 1654 1479 1709 qui
1511 1668 1623 1695 anno
1655 1654 1708 1696 27
1739 1652 1981 1710 postulatus
2011 1657 2076 1693 est

354 1722 439 1765 ibd.
463 1725 501 1772 4,
525 1724 588 1771 66,
620 1735 727 1763 uxor
755 1722 886 1775 iyitur
915 1720 966 1762 P.
994 1720 1217 1774 Quinctilii
1246 1720 1351 1764 Vari
1378 1723 1493 1764 caesi
1520 1736 1560 1764 a.
1591 1725 1617 1764 9
1637 1735 1687 1776 p.
1716 1721 1762 1765 G.

269 1792 352 1833 876
385 1796 604 1832 CLAVDIA
634 1795 867 1843 REGILLA,
901 1804 1011 1831 uxor
1041 1789 1101 1832 M.
1132 1788 1312 1831 Antonii
1340 1789 1461 1832 Antii
1492 1790 1606 1846 Lupi
1646 1789 1714 1832 VI
1741 1792 1854 1834 1343.

269 1860 349 1902 877
379 1857 561 1900 Claudia
591 1857 760 1911 Rufina,
791 1871 846 1898 ex
867 1857 1088 1899 Britannis
1116 1857 1311 1907 oriunda,
1342 1864 1391 1900 ut
1417 1864 1554 1900 mater
1583 1857 1772 1900 familiae
1802 1857 2076 1913 praedicatur

357 1925 556 1968 Martial.
578 1928 643 1976 11,
669 1927 738 1969 53.

270 1995 352 2036 878
385 2000 604 2035 CLAVDIA
626 1999 907 2044 SABINILLA,
939 1993 1028 2035 filia
1056 1993 1226 2036 Claudii
1254 1993 1442 2037 consulis
1474 1994 1679 2037 ordinarii
1701 1995 1840 2037 nescio
1859 2007 1941 2048 quo
1965 2006 2076 2036 anno

354 2062 401 2104 X
428 2064 536 2103 1688
564 2064 592 2104 t.
625 2061 946 2116 Neapolitanus.
1008 2061 1109 2104 Vide
1138 2063 1185 2105 in
1206 2066 1335 2117 patre
1363 2076 1497 2118 supra
1526 2077 1567 2105 n.
1599 2066 1700 2107 622.

271 2131 354 2173 879
385 2129 567 2172 Claudia
597 2129 786 2183 Sacrata,
818 2129 975 2177 mulier
1003 2129 1120 2172 Vbia
1153 2131 1250 2175 Tae.
1273 2130 1313 2172 h.
1339 2133 1378 2182 5,
1405 2134 1481 2175 22.

271 2199 383 2241 879a
413 2198 596 2240 Claudia
627 2197 794 2252 Salvia,
832 2198 883 2240 L.
916 2198 1065 2240 Titinii
1099 2198 1296 2242 Clodiani
1338 2200 1629 2255 procuratoris
1669 2214 1780 2242 uxor
1820 2198 1944 2242 VIII
1963 2201 2076 2242 8329

358 2269 385 2310 t.
418 2264 721 2309 Ouieulitanus.

272 2336 355 2377 880
387 2341 608 2376 CLAVDIA
639 2340 813 2376 SESTIA
835 2340 1047 2376 oocoEIA
1074 2334 1407 2390 SEV[E]R1ANA‚
1440 2351 1552 2378 uxor
1582 2336 1635 2390 Q.
1665 2335 1885 2390 Lol[l]iani
1915 2334 2075 2377 Plautii

358 2402 499 2457 Aviti,
543 2409 681 2445 mater
719 2401 944 2444 Lollianae
984 2402 1182 2445 Plautiae
1222 2403 1387 2447 Sestiae
1428 2403 1636 2447 Servillae
1673 2407 1933 2447 memoratur
1969 2404 2017 2446 in
2046 2406 2074 2447 t.

359 2471 525 2514 urbano
554 2471 789 2514 Bullettino
819 2470 1034 2514 comunale
1063 2473 1175 2514 1883
1194 2486 1244 2526 p.
1263 2475 1360 2516 216.

274 2541 354 2582 881
389 2539 572 2583 Claudia
602 2538 807 2594 Taurilla,
835 2540 900 2581 Ti.
928 2538 1027 2594 filia,
1061 2539 1115 2593 Q.
1139 2540 1293 2583 Marcii
1313 2541 1502 2584 Victoris
1531 2555 1654 2595 uxor,
1686 2547 1824 2583 mater
1848 2540 1902 2594 Q.
1922 2541 2100 2603 Marcii·

359 2608 628 2651 Faustiniani
657 2606 783 2650 XIV
793 2610 902 2650 2931
932 2610 961 2649 t.
992 2606 1307 2651 Praenestinus,

289 2701 346 2706 --
390 2708 401 2719 .
418 2708 429 2719 .
445 2707 456 2718 .
473 2682 526 2717 IA
554 2681 725 2718 ASINIA
766 2675 1019 2730 [CLA]VD1A
1057 2682 1263 2719 TIBERIA
1299 2708 1311 2719 .
1328 2709 1338 2719 .
1355 2708 1367 2720 .
1385 2708 1395 2719 .
1411 2683 1532 2720 ΑΤΙΑ
1562 2684 1793 2720 STATILIA
1822 2683 2078 2721 PAVLLINA

360 2750 570 2787 IVLIANA
598 2750 840 2786 PHILIPPA.
1734 2768 1737 2769 ⁷

277 2813 360 2855 882
391 2812 650 2868 GL(AVDIA)
690 2818 1004 2867 VARENILLA,
1049 2811 1256 2868 Cl(audii)
1296 2813 1460 2856 Vareni
1501 2828 1585 2857 cos.
1630 2813 1739 2869 filia,
1781 2814 1839 2856 M.
1881 2812 2077 2856 Censorii

363 2879 505 2922 Paulli
550 2895 684 2935 uxor,
734 2887 832 2936 post
874 2887 1056 2923 mortem
1098 2880 1273 2937 publice
1313 2881 1522 2925 honorata
1563 2897 1589 2924 a
1632 2883 1806 2924 civitate
1849 2882 2077 2924 Pictonum

364 2951 392 2992 t.
418 2948 724 3003 Espe'randieu,
755 2937 1018 3004 Ispiyraphie
1045 2949 1255 2993 Romaine
1285 2950 1341 2992 du
1369 2950 1524 2993 Poitou
1543 2965 1591 3006 p.
1615 2953 1703 2994 217
1722 2970 1778 2986 =
1797 2950 1932 2993 XIII
1951 2953 2075 2994 1129.

279 3017 363 3059 883
392 3016 451 3060 Μ.
471 3016 675 3059 Aurelius
697 3016 922 3062 Cleander.
963 3017 1104 3061 Plena
1130 3019 1303 3061 nomina
1323 3022 1467 3061 extant
1494 3019 1541 3062 in
1569 3020 1840 3074 inscriptione
1868 3018 2079 3074 siqnaculi

365 3085 484 3126 aenei
497 3085 544 3126 in
560 3098 662 3140 ayro
678 3084 873 3128 Romano
892 3087 1050 3141 reperti
1062 3084 1297 3129 Bullettino
1314 3086 1530 3129 comunale
1542 3089 1654 3129 1887
1662 3101 1711 3142 p.
1722 3090 1830 3131 323.-
1847 3086 1908 3131 Μ.
1924 3085 2077 3129 Aureli

366 3151 568 3195 Cleandri
599 3167 624 3193 a
654 3152 850 3195 cubiculo
880 3153 993 3209 Aug.
1025 3169 1080 3210 n.,
1113 3157 1291 3197 ceterum
1321 3154 1437 3209 apud
1462 3155 1687 3209 scriptores
1714 3154 1939 3198 Cleander.

451 3220 632 3275 Origine
663 3220 827 3277 Phryx,
857 3237 1006 3265 servus
1035 3223 1197 3265 Romae
1233 3237 1394 3265 venum
1428 3222 1554 3265 datus
1583 3223 1639 3266 ad
1667 3223 1810 3266 aulam
1838 3223 1968 3279 venit,
2005 3222 2076 3278 (ab

367 3289 618 3342 imperatore
638 3288 704 3331 M.
717 3289 895 3333 Aurelio
914 3294 961 3333 ut
979 3291 1143 3334 videtur
1162 3291 1459 3346 manumissus)
1479 3292 1680 3348 princeps
1699 3291 1953 3335 libertorum
1972 3290 2078 3334 auli-

370 3371 515 3399 corum
538 3356 619 3399 fuit
639 3363 683 3399 et
702 3373 729 3399 a
749 3357 945 3401 cubiculo
967 3360 1237 3416 imperatoris
1253 3359 1476 3403 Commodi
1491 3359 1580 3403 Dio
1590 3363 1821 3412 72,10.12,
1843 3358 2076 3403 Herodian.
