2176 3750
309 329 497 366 ANNIVS
1189 324 1246 367 64
1933 331 2118 369 ANNIVS

311 461 395 503 483
426 460 595 503 Annius
619 460 818 513 Faustus,
853 460 1065 515 equestris
1086 459 1261 514 ordinis,
1294 460 1370 515 qui
1397 459 1659 515 temporibus
1680 461 1863 503 Neronis
1885 461 2119 504 delationes

398 529 681 582 factitaverat,
707 542 818 569 anno
836 528 890 570 69
914 543 940 569 a
955 527 1086 570 Vibio
1104 527 1257 583 Crispo
1280 533 1506 570 accusatus
1527 534 1569 570 et
1584 528 1811 572 damnatus
1834 529 2116 581 Tac.h.2,10.

309 598 394 640 484
424 597 595 639 Annius
626 594 814 650 Fetialis,
849 602 999 637 auctor
1029 595 1159 638 Plinii
1191 595 1309 638 Plin.
1343 610 1384 638 n.
1416 595 1456 638 h.
1481 595 1568 638 incl.
1595 596 1620 639 l.
1642 600 1707 641 16.
1728 600 1782 639 33
1803 597 2032 652 (Fetialis).
2063 601 2120 641 36

393 666 580 720 (Annius
600 663 819 717 Fetialis);
847 664 1003 706 citatur
1022 663 1192 706 Annius
1213 663 1390 706 Fetialis
1413 663 1461 706 de
1482 667 1627 706 statua
1644 664 1832 708 Cloeliae
1853 666 1938 708 ibol.
1959 669 2026 717 34,
2048 668 2118 709 29.

309 734 392 776 485
423 734 474 775 L.
503 732 673 775 Annius
699 731 876 774 Fetialis
906 733 952 773 in
983 732 1123 786 teyula
1153 732 1331 786 oriyinis
1359 733 1544 774 incertae
1563 732 1612 774 X
1620 732 1662 774 V
1677 736 1768 783 796,
1797 747 1923 787 quam
1939 737 2120 789 propter

394 802 577 855 formam
601 801 838 843 litterarum
857 800 1022 842 saeculo
1035 801 1179 854 primo
1202 800 1352 842 tribuit
1370 799 1567 852 Dressel,·
1593 801 1774 854 fortasse
1796 805 1944 844 auctor
1964 802 2117 845 Plinii.

309 871 393 913 486
425 869 472 912 O.
494 869 663 912 Annius
685 868 931 910 Flavianus.
982 868 1147 910 Titulus
1177 869 1265 910 eius
1296 868 1420 910 VIII
1443 868 1489 911 S.
1511 871 1646 911 17900
1667 868 1729 923 (1)
1758 869 2120 925 Thamuyaolensis

393 938 588 989 mutilus,·
625 938 871 979 nominatur
909 937 955 979 in
995 937 1116 978 titulo
1155 937 1240 991 filii
1280 936 1403 979 VIII
1426 937 1471 981 S.
1494 940 1627 980 17899
1657 936 1733 992 (2).
1777 962 1827 968 -
1870 938 1919 981 O.
1949 938 2120 982 Annius

396 1006 632 1048 Flavianus
654 1009 681 1047 t.
706 1009 743 1049 1.
765 1009 808 1055 2,
837 1019 947 1061 equo
970 1004 1141 1061 publico
1166 1008 1194 1047 t.
1217 1009 1260 1056 1,·
1290 1005 1530 1061 praefectus
1552 1005 1739 1047 cohortis
1760 1006 1852 1048 1111
1872 1007 2117 1062 Raetorum,

396 1075 594 1117 tribunus
633 1073 716 1128 leg.
748 1074 815 1116 ΙΙΙ
854 1073 1051 1127 Italicae,
1095 1073 1337 1130 praefectus
1378 1073 1472 1116 alae
1501 1075 1523 1116 I
1559 1073 1738 1116 Flaviae
1770 1074 2117 1130 Sabastenorum,

385 1143 522 1185 ,donis
562 1141 820 1184 militaribus
860 1141 1043 1184 donatus
1083 1141 1194 1183 bello
1234 1143 1493 1185 Germanico
1523 1143 1569 1184 II
1601 1175 1752 1192 ......
1794 1142 2119 1199 subpraefectus

395 1210 543 1253 classis
574 1211 815 1266 praetoriae
845 1209 1115 1264 Misenensis,
1148 1216 1401 1266 procurator
1431 1209 1607 1267 Alpium
1637 1210 1990 1253 Atrectianarum
2021 1214 2049 1255 t.
2080 1214 2119 1263 1,

397 1285 653 1335 procurator
693 1278 955 1334 (patrimonii
997 1281 1025 1320 t.
1064 1281 1096 1321 2
1136 1292 1186 1320 ex
1223 1279 1502 1331 restitutione)
1543 1285 1704 1321 tractus
1743 1278 2120 1334 Karthaginiensis

398 1351 426 1390 t.
459 1351 495 1390 1.
526 1351 570 1391 2.
596 1371 652 1376 -
682 1345 826 1388 Filius
855 1346 919 1389 vel
945 1360 1071 1401 yener
1101 1346 1249 1401 [Annii
1261 1346 1298 1402 ?]
1330 1346 1516 1389 Arminii
1547 1347 1722 1403 Donati,
1754 1353 1877 1404 pater
1906 1347 1955 1392 O.
1986 1347 2126 1390 Annii

397 1415 583 1458 Arminii
614 1415 777 1457 Donati
808 1418 835 1456 t.
861 1418 904 1458 2.

311 1485 394 1528 487
425 1491 476 1528 Μ.
507 1489 693 1526 ANNIVS
725 1489 938 1525 FLAVIVS
970 1489 1100 1535 LIBO,
1132 1483 1281 1525 consul
1311 1498 1349 1526 a.
1371 1484 1455 1526 204
1486 1499 1583 1526 cum
1608 1484 1658 1527 L.
1682 1483 1815 1526 Fabio
1847 1483 2013 1527 Cilone.
2064 1483 2120 1526 In

399 1553 618 1595 consulatu
629 1566 642 1594 .·
672 1552 730 1594 M.
752 1551 963 1606 Ann(ius)
986 1551 1134 1606 Lib(o)
1158 1552 1206 1594 cle
1226 1552 1357 1594 Rossi
1375 1552 1576 1607 Inscript.
1601 1550 1833 1595 Christian.
1855 1553 1890 1595 I
1902 1567 1950 1607 p.
1972 1554 2000 1593 8
2022 1565 2063 1595 n.
2079 1555 2118 1602 4,

400 1621 573 1679 [Ἀν]νι’ῳ
603 1620 778 1678 Λίβων[ι]
821 1620 932 1662 Ross
962 1620 1162 1675 Inseript.
1199 1635 1263 1675 yr.
1306 1621 1414 1665 ined.
1447 1621 1509 1663 II
1523 1636 1570 1676 p.
1602 1625 1655 1664 44
1693 1636 1734 1665 n.
1765 1623 1849 1664 152
1861 1622 1898 1672 b,
1940 1620 2120 1664 Flabius

398 1688 492 1744 (sie)
513 1689 623 1731 Libo
656 1688 724 1731 VI
735 1691 861 1739 2003,
895 1691 1074 1731 ceterum
1094 1688 1206 1731 Libo
1233 1690 1352 1743 fasti.
1376 1715 1427 1719 ——
1450 1689 1569 1732 Idem
1590 1693 1650 1732 est
1669 1690 1729 1733 M.
1750 1689 1920 1732 Annius
1941 1688 2120 1732 Flavius

396 1757 508 1800 Libo
529 1757 659 1800 salius
679 1757 901 1799 Palatinus
923 1756 1061 1800 factus
1083 1772 1121 1800 a.
1139 1757 1219 1800 178
1243 1757 1310 1800 VI
1322 1761 1442 1801 1979.
1490 1758 1635 1801 Potest
1655 1758 1771 1813 filius
1792 1771 1877 1801 esse
1897 1758 1963 1800 M.
1983 1757 2122 1800 Annii

395 1826 574 1868 [sibonis
602 1839 645 1868 n.
671 1828 765 1869 509.

312 1895 395 1938 488
426 1901 478 1938 M.
509 1899 694 1936 ANNIVS
735 1899 1019 1935 FLORIANVS
1060 1913 1115 1928 =
1157 1900 1258 1937 IMP.
1298 1899 1493 1935 CAESAR
1532 1901 1584 1936 M.
1615 1900 1802 1937 ANNIVS
1836 1899 2119 1937 FLORIANVS

395 1969 509 2007 AVG.
574 1962 730 2005 Tituli:
756 1962 998 2016 Hispaniae
1028 1962 1089 2004 II
1111 1964 1217 2004 1115
1247 1962 1319 2017 (1),
1359 1960 1618 2004 Britanniae
1649 1961 1745 2004 VII
1765 1963 1870 2005 1156
1900 1960 1977 2018 (2),
2015 1961 2120 2005 Ger-

396 2032 568 2074 maniae
609 2030 857 2073 Brambaeh
900 2031 1195 2084 inscriptiones
1234 2030 1468 2072 Rhenanae
1507 2033 1613 2073 1964
1652 2028 1734 2084 (3),
1780 2029 1958 2073 Galliae.
1990 2030 2124 2074 Orelli

398 2102 505 2142 1036
545 2098 617 2154 (4),
664 2098 914 2140 Dalmatiae
954 2099 1042 2140 III
1075 2099 1120 2143 S.
1158 2102 1293 2140 10061
1331 2098 1404 2154 (5).
1483 2098 1660 2140 Nummi
1696 2098 1863 2141 Eckhel
1901 2098 1995 2141 VII
2025 2101 2117 2149 499,

394 2167 532 2210 Cohen
563 2167 651 2209 VI2
680 2170 779 2211 239.
841 2166 1031 2209 Nomina
1062 2167 1195 2221 plena
1235 2166 1428 2208 exhibent
1465 2166 1579 2208 tituli
1598 2167 1860 2221 -nummique,
1891 2166 2119 2209 Florianus

398 2235 514 2290 apud
538 2235 778 2289 scriptores.

481 2304 635 2346 Frater
665 2303 725 2347 M.
758 2301 930 2345 Claudii
962 2302 1100 2344 Taciti
1132 2303 1207 2358 qui
1248 2302 1480 2358 imperavit
1508 2303 1755 2357 scriptores,
1787 2317 2017 2357 germanus
2047 2303 2118 2346 vit.

403 2373 535 2415 Tacit.
566 2375 631 2421 14,
661 2375 708 2421 1,
749 2370 823 2413 sed
860 2370 970 2424 quod
998 2370 1107 2412 idem
1138 2370 1394 2424 bioyraphus
1422 2373 1487 2421 17,
1519 2374 1547 2413 4
1577 2370 1626 2413 ele
1663 2371 1808 2413 Tacito
1839 2374 1878 2413 et
1905 2370 2119 2415 Floriano

396 2441 546 2483 scribit
571 2439 771 2482 ‘diversis
800 2439 998 2496 patribus
1029 2439 1117 2480 nati
1149 2438 1427 2493 ferebantur,
1454 2440 1609 2481 rectius
1632 2439 1798 2481 videtur
1827 2454 1877 2481 ex
1904 2440 2118 2482 nominwm

397 2510 574 2552 ratione.
634 2508 886 2551 Praefectus
924 2508 1139 2563 praetorio
1177 2508 1318 2549 Taciti
1360 2508 1401 2549 in
1434 2507 1541 2550 Asia
1576 2522 1674 2550 cum
1706 2508 1878 2564 Scythis
1908 2508 2120 2564 pugnavit

399 2577 593 2620 Zosimus
615 2581 653 2627 1,
676 2579 740 2627 63,
774 2576 972 2619 Zonaras
991 2579 1061 2626 12,
1084 2578 1154 2619 28.
1197 2576 1351 2618 Fratre
1373 2576 1598 2618 interfecto
1621 2578 1852 2633 imperator
1872 2576 2012 2619 factus
2041 2581 2116 2630 est,

398 2650 476 2688 τῶν
508 2647 578 2702 μὲν
608 2645 708 2687 κατὰ
734 2646 803 2702 τὴν
826 2642 931 2702 ἑῴαν
954 2645 1118 2700 βασιλέα
1138 2644 1298 2702 Πρόβον
1319 2644 1533 2700 ἑλομένων,
1563 2648 1641 2687 τῶν
1663 2646 1707 2687 δὲ
1727 2645 1827 2687 κατὰ
1852 2646 1921 2701 τὴν
1942 2643 2118 2702 Ῥώμην,

398 2713 641 2771 Φλωριανόν.
685 2714 750 2756 καὶ
785 2713 944 2770 Πρόβος
985 2715 1055 2769 μὲν
1097 2714 1203 2770 εἶχεν
1243 2713 1386 2770 Συρίαν
1424 2714 1488 2755 καὶ
1528 2713 1711 2770 Φοινίκην
1750 2714 1815 2756 καὶ
1851 2713 2117 2770 Παλαιστίνην

399 2784 464 2825 καὶ
493 2784 562 2839 τὴν
592 2781 788 2838 Αἴγυπτον
820 2782 988 2832 ἅπασαν,
1029 2783 1076 2823 τὰ
1118 2781 1152 2823 δ’
1175 2782 1250 2824 ἀπὸ
1284 2780 1461 2828 Κιλικίας
1500 2782 1637 2838 μέχρις
1671 2780 1836 2828 Ἰταλίας
1867 2780 2118 2838 Φλωριανός·

400 2852 595 2906 ὑπήκουον
623 2851 666 2892 δὲ
696 2849 808 2906 αὐτῷ
835 2851 900 2892 καὶ
929 2850 977 2892 τὰ
1006 2850 1102 2906 ὑπὲρ
1133 2850 1202 2896 τὰς
1227 2847 1392 2895 Ἄλπεις
1418 2849 1528 2906 ἔθνη,
1560 2850 1734 2892 Γαλάται
1762 2850 1826 2892 καὶ
1851 2846 2007 2906 Ἴβηρες
2035 2849 2119 2905 ἅμα
2165 2849 2171 2855 ’

399 2923 452 2974 τῇ
480 2911 728 2974 Βρεττανικῇ
756 2920 878 2976 νήσῳ,
909 2919 973 2960 καὶ
1003 2918 1161 2975 προσέτι
1190 2934 1236 2975 γε
1268 2919 1402 2960 ἅπασα
1422 2918 1546 2976 Λιβύη
1577 2919 1641 2960 καὶ
1670 2918 1718 2960 τὰ
1747 2916 1981 2974 Μαυροῦσια
2011 2919 2118 2974 φῦλα

401 2986 595 3028 Zosimus
619 2990 655 3036 1,
688 2989 741 3028 64
769 3006 824 3020 Ξ
857 2986 1055 3028 Zonaras
1081 2989 1120 3036 1,
1152 2989 1208 3028 29
1248 2986 1315 3041 (ex
1341 2985 1480 3028 eodem
1509 2985 1653 3040 fonte),
1692 2985 1740 3027 iol
1767 2985 1877 3039 quocl
1904 2985 2140 3039 probatur·

398 3054 487 3108 fere
527 3057 566 3096 et
598 3054 733 3096 titulis
772 3057 811 3095 et
851 3068 896 3095 eo
935 3054 1045 3107 quool
1081 3068 1165 3096 non
1203 3057 1349 3096 extant
1387 3054 1548 3095 nummi
1577 3052 1866 3095 Alexandrini
1898 3052 2116 3095 Floriami.

403 3121 524 3176 Quod
560 3122 692 3175 refert
732 3122 988 3176 bioyraphus
1028 3125 1098 3172 14,
1141 3125 1166 3163 1
1205 3121 1454 3163 Florianum
1493 3122 1724 3177 arripuisse
1764 3121 1989 3177 imperium
2029 3134 2117 3162 non

401 3196 574 3232 senatus
599 3191 865 3243 auctoritate,
898 3190 972 3231 sed
1002 3204 1079 3232 suo
1110 3196 1239 3244 motu,
1273 3189 1513 3231 Florianus
1532 3204 1578 3231 re
1597 3203 1696 3231 vera
1715 3189 1878 3231 videtur
1895 3188 2118 3243 sumpsisse

398 3258 621 3312 imperium
660 3260 824 3299 tantum
865 3272 914 3299 ex
953 3258 1133 3300 militum
1173 3271 1383 3300 consensu.
1447 3257 1652 3311 Aynitum
1691 3260 1830 3300 autem
1868 3270 1953 3300 esse
1988 3259 2038 3299 ut
2071 3257 2118 3299 in

399 3326 544 3368 ceteris
575 3325 797 3367 occidentis
819 3326 1022 3379 partibus
1050 3326 1113 3367 ita
1140 3326 1303 3368 Romae
1331 3326 1422 3367 veri
1448 3325 1584 3367 simile
1603 3325 1776 3367 videtur.
1826 3326 1935 3381 Imp.
1956 3324 2117 3368 Caesar

399 3393 457 3436 M.
501 3392 668 3435 Annius
708 3392 936 3434 Florianus
976 3394 1073 3451 pius
1114 3392 1219 3435 felix
1258 3393 1446 3439 invictus
1483 3391 1611 3447 Aug„
1655 3392 1850 3449 pontifex
1887 3392 2114 3446 maximus,
