2242 3718
1065 347 1115 351 ——
1178 323 1277 364 VIII
1339 348 1392 352 -

438 435 504 477 Ex
532 434 699 489 legibus
736 438 879 477 autem
911 435 1064 489 quibus
1094 439 1140 476 ut
1171 435 1356 478 editores
1386 435 1430 478 in
1462 450 1591 492 opere
1628 438 1852 480 tractando
1889 442 2137 482 tenerentur

269 546 273 550 .
323 513 559 556 Academia
588 513 792 568 decrevit,
824 513 933 556 haec
962 513 1052 556 fere
1082 513 1139 555 ad
1170 514 1366 568 syllogen
1387 519 1502 559 reete
1524 515 1813 560 adhibendam
1840 517 1971 571 digna
1991 517 2137 561 viden-

324 597 391 635 tur
421 605 533 647 quae
563 592 710 647 paucis
741 592 823 635 hoc
853 593 947 635 loco
978 596 1247 647 repetantur:

438 671 660 715 Terminos
707 671 849 726 operis
881 671 1116 714 Academia
1160 673 1378 717 constituit
1422 688 1584 717 annum
1629 688 1802 730 pugnae
1837 676 2043 720 Actiacae
2091 681 2136 720 et

323 751 488 794 initium
534 750 702 806 imperii
747 750 1019 794 Diocletiani.
1098 751 1183 794 Sed
1229 753 1359 795 etiam
1406 768 1551 798 eorum
1604 768 1782 810 quorum
1825 759 1947 798 aetas
1992 759 2134 798 utrum

321 831 467 885 paullo
499 829 692 885 superior
722 843 778 872 an
808 829 984 873 inferior
1013 830 1141 874 fuerit
1170 845 1256 874 non
1288 837 1403 876 certe
1434 833 1669 877 diiudicare
1698 833 1800 876 licet
1828 847 2134 889 nonnunquam

321 909 430 953 ratio
461 909 612 953 habita
642 914 719 953 est.

435 990 724 1033 Romanorum
761 989 924 1044 recepti
954 993 1051 1032 sunt
1087 990 1283 1035 homines
1315 992 1476 1035 ordinis
1506 992 1712 1037 senatorii
1743 991 1983 1048 quicunque
2012 992 2136 1036 inno-

323 1074 507 1125 tuerunt,
556 1068 716 1112 ordinis
752 1068 962 1122 equestris
997 1068 1027 1110 ii
1066 1069 1135 1123 qui
1161 1069 1481 1125 ⁹imperatorum
1526 1071 1701 1126 negotia
1745 1076 1983 1128 gesserunt,
2030 1071 2134 1115 item

323 1162 470 1192 eorum
508 1147 679 1203 cognati
714 1138 1048 1202 familiaresque.
1108 1148 1260 1203 Neque
1299 1150 1438 1193 minus
1468 1151 1756 1194 Romanorum
1793 1166 1972 1207 quorum
2012 1165 2135 1207 prae·

322 1233 442 1272 terea
485 1229 603 1284 apud
645 1228 875 1284 scriptores
917 1227 1077 1270 mentio
1125 1226 1170 1269 fit
1214 1229 1407 1284 plerique
1443 1230 1666 1273 memorati
1709 1236 1820 1286 sunt,
1869 1231 2066 1286 inprimis
2104 1231 2133 1273 ii

322 1322 501 1363 quorum
546 1307 722 1351 nomina
769 1307 887 1363 apud
931 1320 1073 1349 rerum
1125 1307 1356 1363 scriptores
1408 1308 1695 1354 inveniuntur.
1775 1309 1863 1353 Sed
1911 1310 2132 1353 hominum

320 1387 587 1443 plebeiorum
617 1387 783 1430 infinita
811 1387 888 1429 illa
918 1387 1043 1429 turba
1074 1399 1160 1441 qua
1190 1387 1350 1442 scripta
1385 1388 1676 1431 ecclesiastica
1706 1393 1749 1432 et
1779 1393 2000 1432 auctorum
2030 1389 2134 1432 iuris

322 1466 482 1510 referta
513 1471 611 1510 sunt
647 1467 796 1522 procul
833 1470 999 1510 semota
1030 1471 1107 1510 est.
1169 1467 1288 1510 Haec
1318 1468 1373 1510 de
1410 1467 1627 1510 Romanis.
1688 1467 1950 1512 Graecorum
1988 1473 2133 1512 autem

323 1550 365 1589 et
395 1546 673 1590 barbarorum
705 1546 924 1590 hominum
954 1545 1102 1589 selecti
1146 1550 1311 1589 tantum
1356 1547 1516 1603 recepti
1561 1551 1659 1589 sunt
1696 1551 1739 1590 et
1776 1547 1806 1589 ii
1843 1547 2014 1602 quidem
2061 1547 2133 1603 qui

320 1640 415 1670 cum
445 1627 650 1670 Romanis
681 1628 750 1670 vel
780 1627 908 1670 rebus
938 1626 1008 1669 vel
1038 1625 1282 1668 hominibus
1313 1626 1498 1681 quodam
1528 1627 1655 1670 modo
1687 1620 1900 1670 coniuncti
1930 1627 2118 1671 fuerunt.

435 1705 556 1757 Quae
588 1720 642 1749 ex
672 1706 950 1762 scriptoribus
979 1705 1115 1748 titulis
1145 1705 1329 1748 nummis
1360 1706 1414 1748 de
1444 1705 1497 1748 iis
1534 1719 1713 1760 quorum
1749 1706 1924 1750 nomina
1958 1708 2137 1762 recepta

320 1791 418 1829 sunt
447 1786 589 1829 adhuc
619 1786 910 1838 innotuerunt,
943 1799 996 1829 ea
1027 1785 1166 1840 plene,
1200 1789 1405 1840 quantum
1436 1784 1480 1827 in
1512 1784 1693 1828 materia
1722 1785 1907 1829 maxime
1937 1786 2135 1841 dispersa

318 1866 409 1910 fieri
440 1866 591 1922 potuit,
622 1866 758 1908 allata
788 1870 898 1908 sunt.
959 1865 1047 1908 Sed
1078 1870 1120 1907 et
1149 1864 1194 1907 in
1223 1864 1551 1921 imperatoribus
1571 1863 1775 1906 Romanis
1807 1865 1974 1909 omissis
2004 1865 2133 1910 rebus

319 1959 426 2000 quas
456 1945 680 2001 imperium
712 1945 859 2000 adepti
891 1949 1117 1999 gesserunt
1154 1957 1207 1987 ea
1244 1957 1354 1998 quae
1385 1943 1441 1986 ad
1472 1943 1605 1986 vitam
1642 1943 1904 1998 privatorum
1935 1949 2134 2001 spect-ant

318 2029 556 2068 memorata
586 2029 684 2067 sunt
715 2029 757 2068 et
785 2025 840 2068 de
869 2024 1042 2079 regibus
1073 2024 1353 2067 barbarorum
1385 2036 1496 2077 quae
1517 2023 1626 2065 scitu
1646 2022 1831 2066 maxime
1852 2023 1983 2078 digna
2010 2028 2134 2067 erant

319 2106 474 2148 afferre
504 2104 609 2147 satis
639 2104 777 2147 visum
809 2108 886 2147 est.
948 2103 1143 2158 Denique
1174 2103 1228 2146 de
1259 2102 1428 2158 scriptis
1460 2115 1606 2145 eorum
1637 2101 1708 2156 qui
1729 2101 1967 2145 litterarum
2000 2102 2131 2146 laude

319 2183 554 2227 floruerunt
599 2184 790 2240 pluribus
834 2196 965 2237 agere
1001 2196 1086 2225 non
1122 2182 1202 2224 fuit
1245 2181 1482 2236 consilium,
1529 2180 1738 2236 quoniam
1775 2181 1846 2235 qui
1888 2181 2133 2225 litterarum

318 2262 520 2306 historias
552 2263 835 2307 condiderunt
866 2263 971 2306 satis
1004 2262 1176 2317 copiose
1207 2261 1261 2303 de
1291 2260 1343 2303 iis
1374 2260 1714 2316 disputaverunt.
2012 2263 2013 2266 ’

431 2343 721 2386 Romanorum
754 2342 971 2386 hominum
1002 2342 1177 2385 nomina
1206 2355 1282 2398 per
1313 2340 1551 2383 litterarum
1581 2339 1774 2382 ordinem
1805 2352 1860 2382 ex
1890 2338 2132 2395 gentiliciis,

319 2427 532 2478 quatenus
562 2423 840 2466 innotuerunt
870 2424 940 2466 vel
971 2421 1250 2478 probabiliter
1284 2419 1451 2464 restitui
1488 2423 1731 2474 potuerunt,
1769 2423 1869 2462 sunt
1905 2418 2129 2474 disposita.

319 2504 386 2546 De
407 2501 586 2545 Graecis
607 2506 751 2545 autem
783 2506 825 2545 et
855 2502 1049 2545 barbaris
1076 2501 1129 2544 iis
1150 2500 1221 2555 qui
1253 2500 1426 2543 civitate
1446 2499 1642 2542 Romana
1674 2498 1811 2541 ornati
1842 2497 1926 2541 tria
1955 2497 2131 2541 nomina

319 2586 545 2638 gesserunt
575 2583 825 2636 plerumque
856 2581 934 2624 sub
967 2579 1291 2635 cognominibus
1321 2584 1464 2622 actum
1500 2583 1577 2622 est.
1639 2577 1844 2620 Homines
1875 2575 2130 2632 polyonymi

318 2663 389 2707 vel
419 2663 497 2706 sub
528 2661 665 2718 primo
695 2661 868 2704 nomine
889 2661 961 2704 vel
992 2660 1070 2703 sub
1103 2674 1154 2703 eo
1176 2659 1290 2715 quod
1320 2658 1400 2701 fuit
1432 2658 1669 2714 principale
1699 2669 1751 2699 ac
1781 2669 1829 2699 re
1858 2669 1964 2699 vera
1993 2659 2135 2710 pater-

318 2757 420 2786 num
451 2741 624 2785 tractati
646 2745 757 2784 sunt.
819 2740 1070 2795 Quicunque
1092 2739 1284 2795 pluribus
1314 2737 1558 2781 nominibus
1579 2749 1698 2779 more
1718 2736 1912 2779 Romano
1934 2734 2132 2779 formatis

318 2822 384 2865 usi
427 2825 536 2877 sunt,
589 2835 734 2865 eorum
778 2820 954 2863 nomina
988 2820 1105 2862 nuda
1140 2819 1219 2862 suh
1255 2832 1340 2861 uno
1372 2830 1542 2872 quoque
1585 2816 1757 2859 nomine
1794 2814 1981 2871 repetita
2022 2817 2134 2858 sunt.

319 2901 462 2945 Veluti
501 2901 555 2944 de
600 2901 644 2943 C.
676 2900 803 2943 Antio
842 2899 950 2942 Iulio
989 2898 1208 2949 Quadrato
1254 2897 1333 2940 sub
1377 2896 1486 2940 Iulio
1524 2896 1787 2951 disputatum
1832 2898 1911 2950 est,
1956 2892 2132 2937 nomina

319 2980 505 3036 repetita
536 2983 634 3023 sunt
666 2979 744 3022 sub
777 2978 906 3022 Antio
938 2983 980 3021 et
1011 2978 1090 3021 sub
1121 2977 1354 3028 Quadrato.

434 3061 500 3103 De
536 3059 674 3102 forma
704 3058 889 3113 denique
929 3058 1070 3113 operis
1101 3056 1359 3100 monendum
1392 3060 1457 3099 est
1502 3055 1655 3099 litteris
1700 3054 1922 3109 quadratis
1959 3053 2135 3097 nomina

319 3139 537 3183 hominum
575 3138 734 3182 ordinis
765 3137 969 3181 senatorii
999 3137 1212 3192 impressa
1243 3149 1352 3187 esse,
1383 3134 1529 3178 titulos
1560 3134 1632 3190 qui
1664 3134 1855 3190 Corpore
1886 3132 2132 3189 Inscriptio-

319 3233 420 3262 num
469 3218 721 3262 Latinarum
767 3217 1038 3260 continentur
1081 3217 1334 3273 plerumque
1385 3227 1462 3270 per
1511 3227 1712 3257 numeros
1754 3213 1894 3256 nudos
1939 3210 2131 3255 indicari.

312 3298 467 3342 ‘Fasti’
505 3298 563 3341 ad
593 3310 700 3352 quos
730 3297 913 3340 lectores
947 3309 1079 3351 saepe
1110 3295 1183 3338 ubi
1213 3295 1268 3338 de
1298 3294 1595 3337 consulatuum
1625 3291 1957 3336 indicationibus
1985 3289 2132 3345 agitur

320 3379 582 3434 relegantur,
619 3380 717 3420 sunt
744 3375 845 3418 fasti
875 3376 1124 3418 consulares
1155 3387 1261 3429 quos
1291 3373 1492 3417 volumen
1522 3376 1720 3427 quartum
1752 3369 1983 3415 exhibebit.
