2202 3730
314 302 546 340 ARoANVS
1180 293 1262 336 126
1819 295 2118 336 ARCHELAVS

328 458 384 464 -
428 433 624 476 Arcanus
653 431 745 474 vide
774 437 819 474 L.
849 436 1091 472 AEMILIVS
1122 435 1366 474 ARCANVS.

315 502 397 544 829
426 506 748 555 ARCESILAVS,
782 498 931 541 consul
961 514 998 542 a.
1031 499 1112 541 267
1145 512 1244 540 cum
1274 499 1460 540 Paterno
1491 498 1609 552 fasti.

314 570 397 611 830
428 568 678 622 Archelaus,
712 583 791 609 rex
813 566 1125 623 Cappadociae.
1192 565 1342 608 Tituli:
1372 566 1602 608 honoratus
1632 569 1692 609 est
1719 569 1747 610 t.
1769 565 1929 609 Atticis
1957 565 2118 609 mutilis

406 636 510 679 CIA
535 636 624 679 ΙΙΙ
644 638 723 678 545
745 635 803 693 (1)
837 667 959 679 .....
994 634 1173 693 [βασιλέα
1204 633 1506 689 Καπ]παὸοκίας
1536 636 1600 677 καὶ
1627 638 1696 690 τῆς
1723 635 1912 690 τραχείας
1941 633 2118 682 Κιλικίας
2189 638 2191 640 ’

399 704 638 762 Ἀ[ρχέλαον]
666 703 925 759 [φι]λόπατριν
947 735 956 745 .
975 735 985 745 .
1004 735 1014 745 .
1037 706 1076 745 et
1094 706 1175 745 546
1195 703 1257 759 (2)
1281 735 1290 744 .
1309 735 1318 745 .
1337 735 1347 745 .
1366 735 1374 744 .
1409 702 1587 759 [βασιλέα
1609 700 1836 759 Ἀρ]χέλαον
1859 701 2115 759 φιλ6[πατριν]

397 805 521 824 .....
555 775 812 814 memoratur
849 772 895 813 in
933 771 1067 813 titulis
1095 770 1253 814 Atticis
1281 770 1488 813 Archelai
1515 770 1599 825 filii
1634 769 1739 813 GIA
1768 770 1857 821 III
1876 772 1960 814 548
1989 769 2047 825 (3)
2078 773 2118 813 et

395 840 693 895 [Glaphyrae]
720 840 837 894 filiae
866 843 947 882 549
967 839 1039 894 (4).

484 908 679 951 Nummi:
709 908 759 962 I)
789 907 1033 950 Drachmae
1063 911 1285 962 arqenteae
1315 907 1551 950 exhibentes
1576 908 1622 949 in
1643 910 1773 961 parte
1794 907 1970 949 adversa
1990 910 2118 962 eaput

395 976 507 1030 reyis
527 976 822 1026 diadematum,
845 977 891 1018 in
916 990 1064 1018 aversa
1096 976 1288 1033 βασιλέως
1310 974 1524 1032 Ἀρχελάου
1558 977 1832 1032 φιλοπάτριὸος
1861 979 1929 1018 τοῦ
1948 977 2113 1027 κτίστου,

395 1045 441 1087 in
462 1058 607 1099 eampo
627 1058 821 1086 numeros
842 1058 1050 1086 annorum
1064 1045 1193 1099 reyni,
1218 1058 1394 1098 quorum
1412 1043 1585 1086 ultimus
1606 1043 1742 1086 adhuc
1761 1044 1952 1086 inventas
1967 1046 2028 1086 est
2048 1042 2114 1102 μβ’

394 1132 448 1147 =
469 1116 529 1155 42
551 1112 711 1155 Echhel
731 1113 820 1155 III
824 1127 872 1167 p.
894 1116 1000 1162 201,
1035 1110 1231 1154 Mionnet
1256 1112 1336 1155 IV
1351 1127 1398 1166 p.
1429 1114 1521 1162 453,
1553 1115 1619 1154 67.
1650 1115 1714 1154 69.
1747 1115 1813 1162 70,
1845 1112 1995 1167 Suppl.
2027 1111 2123 1154 VII

398 1195 445 1235 p.
469 1184 567 1231 722,
590 1184 669 1231 26,
710 1181 1123 1235 Imhoof-Blumer,
1155 1180 1458 1235 Portrathopfe
1498 1181 1582 1234 auf
1615 1180 1787 1225 antihen
1808 1179 1997 1222 Munzen
2028 1179 2113 1222 tab.

397 1248 438 1291 V
457 1252 523 1292 31.
573 1249 648 1300 ΙΙ)
682 1249 858 1292 Nummi
878 1250 1088 1292 Mazacae
1109 1250 1154 1292 in
1174 1249 1351 1292 adversa
1381 1262 1474 1291 cum
1503 1249 1639 1303 capite
1659 1247 1867 1298 Herculis,
1902 1248 1947 1290 in
1967 1260 2116 1290 aversa

394 1330 485 1359 cum
513 1321 650 1359 monte
678 1317 820 1372 Aryeo
852 1321 891 1360 et
919 1318 1190 1372 inscriptione
1222 1316 1415 1374 βασιλέως
1446 1315 1660 1373 Ἀρχελάου
1691 1319 1730 1359 et
1760 1330 1967 1360 annorum
1994 1316 2116 1370 reqni

394 1398 522 1438 usque
542 1385 600 1427 acl
629 1384 668 1443 μ’
692 1406 745 1420 =
765 1389 822 1428 40
844 1386 1039 1429 Mionnet
1058 1387 1092 1429 Ι
1098 1386 1138 1428 V
1140 1401 1187 1440 p.
1208 1389 1300 1436 443,
1325 1388 1391 1435 68,
1422 1385 1615 1427 Reinach
1634 1385 1777 1429 Revue
1795 1385 2117 1438 numismatique

394 1455 502 1495 1886
519 1468 561 1507 p.
582 1457 674 1496 463.

479 1521 703 1576 Originem
734 1522 860 1565 duxit
889 1521 943 1564 ab
971 1521 1184 1564 Archelao
1214 1521 1480 1564 Mithridatis
1510 1521 1631 1576 duce,
1664 1522 1739 1577 qui
1770 1527 1920 1563 contra
1949 1520 2114 1564 Sullam

394 1591 628 1644 pugnavit3
651 1605 781 1646 nepos
803 1589 1005 1632 Archelai
1027 1591 1166 1632 mariti
1189 1590 1430 1643 Berenices,
1454 1590 1527 1646 qui
1550 1590 1595 1631 in
1614 1589 1815 1649 Aegypto
1837 1590 2004 1632 occisus
2025 1595 2112 1643 est3

395 1656 508 1699 filius
525 1657 727 1700 Archelai
745 1658 1033 1700 Comanorum
1056 1658 1302 1712 sacerdotis,
1320 1659 1395 1714 qui
1416 1673 1442 1700 a
1458 1657 1649 1703 Caesare
1662 1657 1901 1700 sacerdotio
1919 1658 2113 1713 privatus

393 1732 457 1767 est
477 1726 586 1780 (Cic.
610 1726 668 1768 ad
683 1727 892 1780 familiar.
913 1729 979 1777 15,
1004 1730 1042 1777 4,
1066 1730 1103 1777 6,
1125 1726 1315 1781 Appian.
1334 1726 1639 1768 Mithridatica
1659 1728 1775 1779 121),
1798 1732 1840 1768 et
1861 1725 2113 1781 Glaphyrae

393 1795 522 1835 scorti
554 1794 712 1837 Strabo
735 1798 801 1845 17,
822 1799 860 1845 1,
883 1799 934 1837 11
955 1810 1003 1849 p.
1037 1798 1128 1845 796,
1160 1794 1247 1837 Dio
1276 1797 1340 1844 49,
1370 1798 1441 1838 32.
1495 1793 1709 1837 Antonius
1740 1794 1939 1836 triumvir
1967 1807 2112 1835 amore

394 1861 644 1918 Glaphyrae
675 1869 825 1919 captus
849 1861 920 1917 (cf.
942 1877 1084 1905 versus
1104 1863 1291 1917 Auyusti
1311 1862 1426 1917 apud
1446 1862 1698 1905 Martialem
1717 1866 1781 1913 11,
1802 1865 1875 1912 20,
1894 1860 1938 1916 3)
1968 1876 2006 1903 a.
2029 1861 2111 1903 718

393 1950 448 1964 Ξ
478 1931 533 1972 36
563 1930 793 1973 Ariarathe
835 1945 935 1986 rege
974 1931 1097 1988 pulso
1139 1945 1322 1985 regnum
1362 1930 1663 1987 Cappadociae
1692 1929 1906 1973 Archelao
1932 1929 2113 1973 donavit

393 1998 557 2041 Strabo
576 2002 644 2050 12,
666 2003 710 2049 2,
733 2004 784 2042 11
797 2015 845 2054 p.
865 2003 960 2050 540,
980 1999 1068 2042 Dio
1087 2003 1154 2050 49,
1175 2003 1246 2050 32,
1269 2001 1344 2054 qui
1363 2013 1522 2042 annum
1541 1999 1705 2042 indicat
1725 2000 1778 2053 cf.
1810 1999 1907 2041 Tac.
1932 2013 1972 2041 a.
1993 2002 2038 2049 2,
2052 2002 2112 2042 42

396 2066 651 2108 ‘Archelaus
683 2068 1087 2123 quinquagesimum
1118 2082 1279 2109 annum
1300 2067 1577 2124 Cappadocia
1596 2066 1856 2123 potiebatur‘
1888 2066 1964 2108 ubi
1989 2066 2111 2112 Taci-

393 2137 480 2176 tum
510 2135 568 2177 ad
593 2135 762 2177 initium
791 2136 961 2190 imperii
994 2136 1154 2178 Tiberii
1180 2150 1395 2178 recurrere
1413 2138 1538 2190 patet
1567 2149 1618 2178 ex
1645 2135 1700 2177 iis
1729 2149 1834 2189 quae
1863 2137 2112 2188 sequuntur:

393 2209 458 2244 ‘ut
486 2218 612 2245 versa
639 2203 873 2246 Caesarum
904 2203 1053 2246 subole
1084 2205 1311 2260 imperium
1341 2203 1523 2260 adeptus
1555 2209 1649 2246 est‘.
1706 2202 1812 2246 Cum
1842 2202 1890 2245 de
1921 2216 2031 2245 anno
2060 2216 2111 2245 ex

389 2270 455 2313 his
485 2272 731 2314 testimoniis
761 2275 927 2323 constet,
959 2272 1187 2326 Appianas
1219 2272 1310 2314 bell.
1343 2272 1417 2314 civ.
1445 2275 1484 2322 5,
1508 2275 1536 2314 7
1554 2271 1664 2325 quod
1690 2270 1739 2313 cle
1758 2271 1946 2313 Antonio
1967 2285 2007 2313 a.
2031 2273 2111 2312 713

391 2358 445 2373 =
468 2343 523 2381 41
553 2341 599 2382 in
627 2340 739 2382 Asia
770 2355 831 2395 αφ
846 2344 915 2383 nte
944 2342 1114 2395 scripsit
1145 2338 1264 2396 ὃιῄτει
1294 2340 1431 2383 πόλεσι
1461 2342 1523 2383 καὶ
1555 2341 1786 2396 βασιλεῦσιν,
1821 2339 1864 2382 ἐν
1897 2340 1968 2395 μὲν
2000 2337 2109 2381 Καπ-

391 2409 559 2464 παδοκίᾳ
581 2406 788 2465 Ἀριαράθῃ
809 2426 851 2451 τε
873 2411 938 2452 καὶ
959 2410 1130 2466 Σισίννῃ,
1155 2411 1208 2452 ὧν
1230 2413 1289 2466 τῷ
1309 2409 1466 2465 Σισίννῃ
1488 2409 1723 2465 συνέπραξεν
1745 2407 1786 2454 ἐς
1804 2409 1874 2464 τὴν
1897 2409 2107 2465 βασιλείαν,

391 2479 516 2531 καλῆς
544 2478 578 2518 οἱ
613 2479 802 2533 φανείσης
831 2482 900 2533 τῆς
930 2478 1074 2534 μητρὸς
1103 2481 1172 2520 τοῦ
1194 2477 1370 2520 Σισίννου
1403 2477 1616 2533 Γλαφύρας
1644 2477 1783 2518 minus
1808 2478 2003 2518 accurate
2021 2489 2109 2518 rem

391 2545 600 2589 tractavit.

474 2613 569 2654 Rex
601 2612 900 2669 Cappadociae
925 2613 1115 2656 Antonio
1146 2620 1294 2656 contra
1315 2613 1542 2656 Caesarem
1573 2611 1731 2655 bellum
1761 2613 1928 2667 gerenti
1960 2612 2107 2668 copias

390 2679 573 2722 adduxit
587 2680 811 2723 Plutarch.
828 2681 986 2726 Anton.
1004 2685 1068 2724 61.
1114 2683 1219 2724 Post
1238 2695 1429 2738 pugnam
1449 2681 1670 2724 Actiacam
1687 2680 1847 2724 Caesar
1867 2680 1905 2721 ei
1927 2693 2107 2733 regnum

389 2749 599 2790 concessit
627 2748 716 2791 Dio
743 2753 808 2800 51,
838 2754 880 2793 2.
918 2749 1068 2792 vAnno
1097 2752 1179 2793 734
1200 2770 1255 2785 z
1276 2752 1331 2792 20
1361 2750 1584 2804 Augustus
1615 2750 1652 2790 ei
1685 2748 1880 2792 Ciliciam
1910 2762 2107 2804 asperam

389 2814 461 2869 (cf.
494 2819 520 2860 t.
551 2816 593 2870 1)
626 2832 724 2858 cum
755 2819 840 2859 oris
870 2819 1095 2860 maritimis
1137 2826 1178 2861 et
1206 2818 1457 2860 Armeniam
1497 2819 1703 2859 minorem
1738 2817 1919 2859 donavit
1948 2816 2106 2859 Strabo

388 2885 453 2932 13,
476 2886 512 2937 1,
533 2888 560 2926 4
580 2899 628 2938 p.
649 2888 751 2936 535;
778 2889 847 2936 12,
869 2889 909 2936 3,
931 2889 989 2929 29
1010 2900 1058 2940 p.
1078 2889 1177 2937 555,·
1206 2890 1271 2936 14,
1291 2889 1331 2936 5,
1355 2889 1441 2940 6p.
1461 2888 1554 2936 674,
1586 2884 1675 2927 Dio
1697 2887 1762 2935 54,
1785 2888 1835 2936 9,·
1865 2883 2106 2926 Elaiussam

389 2950 571 2993 insulam
589 2952 766 2995 Ciliciae
786 2953 932 2995 sedem
952 2955 1074 3008 regni
1097 2955 1319 2996 constituit
1340 2960 1382 2996 et
1403 2955 1447 2996 in
1470 2953 1675 2995 honorem
1692 2953 1879 3007 Augusti
1896 2951 2106 2995 Sebasten

388 3018 622 3093 appellavit
638 3021 795 3063 Strabo
816 3025 883 3072 12,
905 3025 948 3072 2,
972 3026 1000 3063 7
1008 3037 1056 3076 p
1077 3025 1170 3072 537,
1192 3022 1357 3076 Ioseph.
1381 3025 1467 3066 ant.
1486 3024 1549 3072 16,
1565 3025 1603 3072 4,
1626 3024 1676 3072 6,
1704 3020 1784 3063 hae
1803 3022 1974 3074 spectat,
1995 3019 2108 3073 qaod

387 3086 433 3128 in
460 3089 641 3129 nummis
670 3089 704 3130 I
727 3090 966 3143 appellatur
995 3092 1163 3145 κτίστης.
1223 3090 1491 3146 Glaphyram
1522 3089 1652 3131 filiam
1691 3088 1758 3143 (ex
1791 3101 1922 3130 uxore
1941 3088 2103 3142 priore,

388 3155 505 3196 cuius
529 3169 676 3198 nomen
694 3157 931 3214 iynoratur)
953 3157 1204 3200 Alexandro
1226 3157 1412 3200 Herodis
1432 3158 1582 3212 Magni
1602 3156 1723 3198 filio
1712 3171 1755 3197 m
1785 3156 2104 3198 matrimonium

387 3221 506 3263 dedit
531 3221 664 3274 (cirea
680 3238 719 3265 a.
739 3227 820 3266 737
831 3245 884 3259 =
901 3225 970 3279 17)
991 3225 1154 3280 Ioseph.
1178 3229 1265 3268 ant.
1287 3229 1351 3276 16,
1374 3229 1413 3275 1,
1435 3229 1484 3276 1,·
1513 3225 1736 3266 immixtus
1757 3223 1859 3265 inde
1879 3223 2104 3265 discordiis

387 3289 538 3332 domus
568 3291 754 3333 Herodis
784 3292 948 3347 Ioseph.
981 3297 1068 3336 ant.
1089 3297 1153 3343 16,
1178 3296 1217 3344 8,
1240 3297 1278 3343 6,
1312 3293 1404 3336 bell.
1426 3297 1464 3343 1,
1486 3295 1556 3343 25,
1577 3295 1603 3334 1
1618 3305 1727 3346 sqq.;
1757 3294 1844 3333 ant.
1875 3294 1940 3342 16,
1973 3295 2041 3342 10,
2063 3294 2103 3342 1,

387 3357 479 3399 bell.
510 3361 548 3409 1,
569 3361 639 3409 26,
661 3363 710 3411 4;
740 3363 825 3404 ant.
848 3363 912 3411 16,
933 3364 999 3415 10,
1024 3365 1061 3412 7,
1093 3361 1184 3404 bell.
1205 3365 1242 3412 1,
1264 3365 1336 3412 27,
1356 3364 1399 3404 2.
1451 3359 1791 3417 Pythodoridem
1820 3374 1897 3416 per
1924 3365 2104 3403 matrem
