2202 3730
313 284 610 321 ARCHELAVS
1193 275 1274 318 128
1863 281 2114 319 ARELLIVS

399 414 584 456 narehac
615 413 902 470 appellatione
933 413 1146 468 acciperet
1175 411 1232 454 id.
1261 414 1347 454 ant.
1368 414 1433 462 17,
1455 415 1495 462 9,
1517 415 1616 454 4-7.
1650 416 1715 463 11,
1745 416 1845 463 1—4,
1878 412 1970 457 bell.
1999 415 2042 463 2,
2074 415 2117 463 2,

397 486 498 525 1-7.
519 486 555 537 6,
579 485 677 532 1-3,
708 481 914 523 Nicotaus
936 480 1231 523 Damascenus
1250 479 1402 523 FHG.
1425 480 1514 522 III
1524 480 1582 534 fr.
1602 482 1641 523 5.
1703 479 1887 538 Ἡρώδης
1917 480 2120 537 ἐθνάρχης

398 551 443 592 in
471 551 652 593 nummis
681 550 734 603 cf.
768 549 960 591 Madden
991 549 1015 590 l.
1051 548 1091 599 l„
1125 563 1205 590 rex
1234 548 1374 590 minus
1402 551 1599 590 accurate
1626 549 1792 603 Ioseph.
1824 551 1900 590 ant
1931 551 1998 599 18,
2019 551 2057 599 4,
2078 551 2118 590 3.

398 619 650 660 Hiericunte
686 617 894 674 palatium
934 617 1121 659 restituit
1162 623 1204 659 et
1233 617 1378 658 vicum
1409 616 1713 659 Archelaidem
1741 617 1894 673 palmis
1925 616 2119 660 inclitum

398 685 469 740 (cf.
494 686 610 729 Ptin.
634 700 675 729 n.
697 686 734 727 h.
757 688 821 735 13,
842 685 912 739 44)
941 684 1134 727 condidit
1155 685 1320 739 Ioseph.
1344 688 1430 729 ant.
1450 687 1514 735 17,
1537 688 1601 735 13,
1622 688 1661 727 1.
1712 685 1963 729 Mariamme
1984 699 2120 727 uxore

397 755 540 810 priore
570 754 798 810 repudiata
827 753 1095 810 Glaphyram
1115 753 1319 796 Archelai
1349 754 1463 807 regis
1495 753 1802 809 Cappadocum
1832 752 1976 803 filiam,
2009 766 2119 808 quae

394 829 521 864 antea
550 822 801 864 Alexandro
832 822 1020 864 Herodis
1050 821 1160 876 filio,
1203 822 1303 864 dein
1332 821 1466 864 Iubae
1503 823 1616 876 regis
1647 822 1944 864 Mauretaniae
1983 827 2120 877 nupta

397 890 451 932 ab
482 891 562 933 hoe
592 891 767 933 dimissa
797 890 938 932 fuerat
968 889 1096 944 (falso
1122 890 1252 932 vidua
1271 890 1407 932 Iubae
1429 904 1456 932 a
1475 890 1654 944 Iosepho
1685 890 1872 946 dicitur),
1903 891 1948 932 in
1974 889 2118 932 matri-

397 949 588 1001 monium
619 959 745 1001 duxit
773 958 830 1002 id.
854 962 939 1001 ant.
963 961 1029 1009 17,
1051 962 1116 1009 13,
1140 962 1178 1001 1.
1199 962 1237 1009 4,
1270 958 1361 1002 bell.
1391 962 1434 1009 2,
1458 962 1496 1009 7,
1519 962 1558 1000 4.
1611 958 1737 1000 Anno
1769 959 1795 1001 6
1826 974 1864 1015 p.
1885 957 1933 1001 C.
1958 973 1984 1000 a
2003 958 2117 1014 prin-

396 1027 563 1083 cipibus
602 1027 863 1070 Iudaeorum
899 1027 1014 1083 apud
1053 1026 1301 1081 Augustum
1338 1033 1565 1069 aecusatus
1605 1028 1786 1069 Romam
1831 1032 2032 1068 evocatus
2077 1031 2120 1068 et

397 1096 610 1138 Viennam
646 1097 690 1137 in
722 1095 900 1137 exilium
931 1101 1051 1137 actus
1082 1102 1148 1137 est·
1175 1095 1233 1137 id.
1265 1098 1353 1137 ant.
1383 1098 1449 1145 17,
1478 1098 1543 1145 13,
1576 1099 1680 1146 2-3,
1713 1095 1805 1137 bell.
1835 1098 1878 1145 2,
1899 1098 1938 1144 7,
1958 1097 1998 1145 3,
2029 1093 2119 1137 Dio

395 1165 460 1214 55,
491 1167 553 1207 27
579 1164 759 1219 (nominc
791 1164 941 1206 omisso
971 1163 1129 1207 Strabo
1159 1167 1223 1214 16,
1245 1166 1288 1214 2,
1310 1166 1364 1206 46
1382 1178 1430 1218 p.
1461 1163 1570 1217 765).
1603 1188 1651 1194 —
1688 1163 1930 1206 Memorari
1955 1162 2120 1204 videtur

397 1232 442 1273 in
474 1235 500 1274 t.
534 1232 850 1275 Palaestinensi
887 1232 1034 1275 mutilo
1062 1232 1173 1275 GIG
1199 1235 1308 1274 4537
1337 1231 1557 1274 Additam.
1579 1246 1628 1286 p.
1650 1235 1758 1274 1179
1790 1264 1800 1273 .
1818 1264 1829 1273 .
1847 1264 1857 1274 .
1875 1266 1884 1275 .
1917 1228 2118 1288 Ἀρχελάῳ

397 1303 471 1359 υἱῷ
499 1299 714 1358 Ἡρώ[ὂου]
746 1333 755 1343 .
775 1334 785 1343 .
803 1334 813 1343 .
832 1333 866 1352 .,
898 1315 1004 1354 quac
1032 1301 1186 1343 mentio
1217 1314 1295 1354 quo
1317 1301 1590 1355 pertinuerit,
1621 1314 1706 1342 non
1734 1300 1823 1342 iam
1844 1299 2116 1355 perspicitur.

311 1369 394 1411 833
424 1369 676 1423 Archelaus,
693 1369 895 1411 Archelai
913 1369 1174 1411 ethnarchae
1191 1367 1248 1420 (n.
1262 1367 1364 1423 832)
1382 1375 1634 1424 procurator
1643 1368 1808 1423 Ioseph.
1821 1371 1906 1412 ant.
1918 1371 1985 1418 17,
1997 1370 2063 1418 13,
2074 1370 2118 1410 2.

310 1437 393 1479 834
426 1470 435 1479 .
455 1471 464 1479 .
483 1471 492 1479 .
512 1453 589 1480 ,us
631 1437 890 1492 Archelaus,
937 1437 1262 1494 subpraefectus
1302 1437 1518 1491 (vigilum)
1559 1437 1738 1492 Ephem.
1778 1451 1839 1492 cp.
1879 1439 1917 1487 7,
1948 1437 2059 1480 1215
2088 1438 2118 1478 t.

404 1505 618 1548 Ostiensis.

323 1597 381 1602 -—
423 1581 463 1616 P.
494 1582 676 1617 AELIVS
707 1581 961 1616 AELIANVS
992 1580 1290 1616 ARCHELAVS
1322 1579 1536 1616 MARCVS.

323 1665 381 1671 -—-
426 1649 704 1685 CORNELIVS
735 1649 1048 1685 AROHELAVS.

322 1735 380 1740 ——-
424 1717 468 1754 T.
499 1718 710 1754 FLAVIVS
742 1718 1057 1753 AROHELAVS.

324 1802 380 1808 ——
425 1779 676 1834 FL(AVIVS)
708 1786 1007 1821 ARGHELAVS
1041 1784 1371 1823 CLAVDIANVS.

322 1871 381 1877 —-
423 1853 466 1890 T.
498 1854 710 1889 FLAVlVS
741 1854 1039 1889 AROHELAVS
1071 1853 1401 1889 OLAVDIANVS.

323 1939 380 1944 —
424 1915 562 1957 Iulius
592 1916 843 1960 Archelaus,

309 1983 391 2025 835
423 1982 619 2039 Archias,
642 1984 764 2026 faber
792 1984 947 2026 breves
977 1984 1110 2027 lectos
1141 1984 1244 2026 feeit
1264 1983 1503 2038 Porphyrio
1522 1998 1572 2038 p.
1593 1986 1679 2026 273
1707 1983 1769 2026 ed.
1792 1983 1961 2038 Meyeri
1988 1983 2117 2027 inter-

389 2055 571 2106 pretans
600 2052 823 2095 Archiacis
854 2052 977 2095 lectis
1007 2053 1187 2095 Horatii
1215 2053 1333 2107 epist.
1363 2056 1402 2103 1,
1431 2055 1470 2103 5,
1502 2055 1541 2094 1.

323 2144 381 2149 ——-
424 2119 602 2162 Flavius
632 2120 892 2177 Archippus

311 2188 394 2230 836
428 2195 759 2243 ...ARCIANA,
801 2188 1038 2231 clarissima
1078 2188 1259 2243 femina,
1302 2203 1413 2230 uxor
1445 2187 1642 2243 (Statilii)
1673 2187 1857 2231 Barbari
1889 2188 1957 2231 VI
1977 2190 2116 2240 1522;

392 2257 668 2311 supplendum
698 2257 864 2299 videtur
896 2257 1160 2312 [M]arciana.

308 2325 391 2367 837
422 2324 611 2367 Arellius
643 2332 691 2367 ut
721 2325 847 2367 homo
878 2325 1112 2367 ditissimus
1143 2326 1391 2367 nominatur
1420 2324 1575 2367 Horat.
1606 2328 1686 2367 sat.
1715 2327 1758 2375 2,
1781 2328 1819 2376 6,
1853 2327 1918 2367 78.
1991 2364 1994 2372 ,

308 2393 390 2434 838
421 2392 610 2436 Arellius
641 2395 819 2448 Fuscus,
852 2394 1011 2438 rhetor.
1043 2409 1097 2435 ex
1118 2393 1226 2436 Asia
1256 2392 1463 2436 oriundus
1485 2393 1646 2436 Seneca
1675 2396 1856 2436 controv.
1886 2397 1927 2444 9,
1946 2397 2018 2444 29,
2038 2396 2094 2436 16
2101 2407 2116 2445 ;

393 2463 437 2503 in
467 2462 655 2518 primum
685 2462 925 2504 tetradeum
956 2461 1293 2504 declamatorum
1322 2462 1473 2504 aetatis
1504 2461 1691 2516 Augusti
1722 2461 1907 2506 refertur
1934 2461 1992 2506 id.
2020 2476 2115 2504 con-

393 2533 494 2574 trov.
526 2534 580 2572 10
602 2545 675 2584 pr.
703 2534 777 2581 13,·
818 2530 988 2572 dicebat
1015 2531 1229 2572 suasorias
1258 2529 1540 2571 libentissime
1571 2536 1614 2571 et
1641 2529 1908 2586 frequentius
1936 2543 2114 2584 graecas

394 2613 523 2653 quam
561 2598 715 2640 latinas
745 2599 801 2642 id.
832 2612 996 2641 suasor.
1027 2602 1066 2649 4,
1087 2603 1137 2650 5,·
1177 2598 1340 2641 solebat
1380 2613 1435 2640 ex
1463 2597 1656 2653 Vergilio
1687 2597 1822 2640 multa
1851 2597 2033 2652 trahere,
2066 2604 2116 2641 ut

392 2666 632 2708 Maecenati
660 2668 894 2722 imputarat
913 2667 971 2709 id.
994 2680 1156 2709 suasor.
1177 2670 1215 2717 3,
1237 2669 1263 2709 5
1274 2680 1287 2718 ,·
1316 2666 1536 2708 auditores
1559 2667 1650 2708 eius
1672 2667 1872 2723 Papirius
1894 2666 2115 2710 Fabianus

395 2741 436 2776 et
473 2734 657 2777 Ovidius
697 2735 754 2778 id.
797 2738 977 2778 controv.
1004 2739 1036 2779 2
1056 2750 1128 2790 pr.
1150 2739 1189 2778 1.
1210 2737 1236 2778 5
1246 2748 1260 2786 ;
1288 2738 1331 2785 2,
1353 2738 1397 2785 2,
1420 2737 1459 2776 8.
1482 2738 1521 2777 9.
1568 2734 1738 2776 Iudicia
1776 2734 1829 2776 de
1868 2733 2114 2791 eloquentia

394 2803 487 2844 eius
525 2803 583 2846 id.
623 2816 785 2847 suasor.
815 2807 859 2854 2,
881 2807 959 2855 10;
986 2807 1025 2854 3,
1050 2807 1086 2854 7,
1119 2806 1298 2847 controv.
1320 2806 1352 2846 2
1373 2817 1445 2857 pr.
1466 2806 1506 2847 1.
1535 2827 1593 2832 —
1622 2802 1893 2854 Sententiae,
1935 2802 2111 2858 colores,

392 2869 626 2912 divisiones
644 2872 735 2912 eius
744 2873 911 2925 passim
927 2872 1044 2926 apud
1053 2872 1267 2922 Senecam,
1285 2872 1443 2914 citatur
1449 2874 1678 2926 praeterea
1689 2870 1850 2914 Seneca
1863 2871 1981 2926 epist.
1991 2875 2059 2922 40,
2071 2875 2112 2915 9.

307 2938 390 2980 839
419 2937 607 2981 Arellius
638 2940 816 2994 Fuscus,
853 2941 1055 2983 ‘vidimus
1086 2947 1129 2982 et
1159 2941 1239 2997 ipsi
1270 2939 1483 2982 Arellium
1508 2940 1700 2982 Fuscum
1729 2945 1894 2982 motum
1924 2940 2112 2996 equestri

394 3006 543 3048 ordine
575 3007 628 3049 ob
659 3008 870 3062 insignem
902 3008 1174 3064 calumniam,
1208 3023 1306 3050 eum
1334 3007 1628 3050 celebritatem
1658 3007 1982 3050 adsectarentur
2007 3007 2111 3050 adu·

391 3073 642 3116 lescentium
675 3076 857 3128 scholae,
889 3084 1115 3131 argenteos
1145 3076 1295 3119 anulos
1327 3076 1572 3119 habentem'
1605 3075 1776 3118 Plinius
1803 3089 1846 3118 n.
1867 3075 1907 3119 h.
1926 3078 1992 3127 33,
2013 3078 2111 3119 152.

399 3143 514 3195 Quae
554 3157 646 3184 cum
687 3144 744 3186 ad
779 3144 986 3187 rhetorem
1017 3145 1169 3187 aetatis
1198 3145 1383 3199 Auyusti
1403 3145 1560 3198 referri
1587 3145 1658 3186 vix
1683 3144 1864 3198 possint,
1897 3143 2113 3198 pertinent

391 3211 573 3263 fortasse
604 3211 661 3253 ad
687 3212 847 3266 filium;
875 3213 1036 3255 rhetori
1064 3214 1173 3255 enim
1194 3212 1330 3267 filium
1350 3212 1646 3266 coynominem,
1676 3211 1883 3253 rhetorem
1903 3214 1942 3253 et
1960 3212 2108 3266 ipsum,

391 3278 522 3331 fuisse
551 3279 647 3321 inde
677 3284 866 3334 apparet,
898 3281 1008 3334 quod
1035 3295 1159 3336 saepe
1198 3279 1270 3334 (cf.
1303 3279 1482 3322 indicem
1514 3279 1770 3334 Kiesslinyii
1790 3293 1838 3333 p.
1869 3277 1966 3334 531)
1997 3278 2113 3334 apud

391 3345 596 3389 Senecam
623 3347 829 3390 rhetorem
857 3348 926 3391 illi
957 3349 1130 3392 additur
1163 3354 1335 3405 ‘pater‘.
