2202 3730
112 290 375 326 CAECILIVS
972 283 1053 325 251
1655 285 1918 321 CAECILIVS

197 422 365 472 linense,
397 421 551 470 Leuke,
583 420 807 463 Hellenica
838 420 1113 462 Nwmismata
1133 434 1182 473 p.
1201 421 1275 470 15;
1306 417 1347 472 b)
1378 418 1424 460 in
1454 417 1632 460 adversa
1662 431 1754 459 cum
1784 420 1921 472 capite

197 489 362 532 Tiberii
397 491 436 531 et
472 489 747 542 inscriptione
787 486 942 544 Καῖσαρ
984 488 1184 544 Σεβαστὸς
1222 487 1426 544 Σεβαστοῦ
1465 487 1508 540 R·
1537 484 1579 539 1)
1610 484 1759 539 (ἔτους)
1791 484 1828 527 Α
1857 487 1921 529 ἐπὶ

194 557 365 600 Σιλανοῦ
397 554 627 614 Ἀντιοχέων
661 555 739 598 ΕΜ
771 556 970 598 Mionnet
999 555 1041 598 V
1052 570 1101 610 p.
1122 557 1203 598 158
1230 569 1272 597 n.
1300 558 1368 605 99,
1406 567 1593 596 museum
1631 553 1920 606 Berolinense,

194 626 336 669 Leake
356 641 405 681 p.
426 629 492 677 15,
534 627 577 682 R’
606 625 653 680 2)
682 627 773 668 sine
803 627 908 668 anni
929 626 1068 680 primi
1100 625 1359 668 indicatione
1388 627 1567 667 ceterum
1596 624 1740 666 eadem
1770 636 1921 666 aversa

195 694 394 737 Mionnet
414 694 441 737 l.
464 695 491 737 l.
512 709 554 737 n.
577 697 644 737 98.
664 698 747 736 100
772 695 898 747 (male
918 694 1119 748 descripti
1143 697 1241 737 sunt
1268 694 1430 735 nummi
1458 706 1509 735 ex
1531 692 1735 735 Morellio
1766 692 1923 746 sumpti

193 762 279 805 ibd.
303 777 347 805 n.
363 766 430 806 96.
453 762 538 818 97).
598 763 677 821 ΙΙ)
710 763 928 819 Γαβαλέων
949 763 992 814 Re
1012 762 1112 816 ἐπ(ὶ)
1134 763 1304 805 Σιλανοῦ
1323 761 1520 804 Mimnet
1549 761 1642 815 Vp.
1661 764 1747 804 233
1773 774 1815 803 n.
1837 762 1921 804 625

194 831 263 886 (ex
292 831 509 887 Sestinio).
567 832 704 887 IIIa)
745 845 838 873 cum
878 832 1015 886 capite
1054 831 1170 873 Iovis
1199 831 1243 885 R
1272 828 1507 872 Σελευκέων
1539 830 1602 872 ἐπὶ
1631 829 1823 873 Σιλανοῦ
1830 829 1920 871 sine

195 913 308 941 anno
349 899 548 942 Mionnet
586 898 685 953 Vp.
707 902 793 941 275
820 913 861 943 n.
891 901 978 941 877
1013 897 1081 951 (eac
1121 897 1323 952 Sestinio)
1363 898 1440 940 sub
1479 897 1673 952 Auyusto
1713 910 1835 939 cusus
1872 899 1922 938 ut

192 967 381 1019 videtur,
422 968 461 1019 b)
493 967 637 1010 eadem
670 967 847 1010 adversa
879 971 1002 1021 atque
1030 968 1077 1009 in
1103 967 1286 1009 nummis
1315 966 1350 1008 I
1353 966 1376 1008 b
1409 967 1451 1020 R
1481 967 1544 1009 ἐπὶ
1576 967 1747 1009 Σιλανοῦ
1777 966 1832 1008 Σε
1834 968 1880 1008 λε
1861 982 1920 1008 υ-

193 1035 299 1079 κέων
321 1035 397 1078 ZM
416 1049 550 1090 supra
569 1035 718 1090 (ἔτους)
741 1036 771 1078 Γ
794 1036 992 1078 Mionnet
1019 1035 1115 1089 Vp.
1136 1038 1222 1078 276
1241 1049 1283 1078 n.
1301 1037 1395 1084 886,
1426 1048 1613 1077 museum
1632 1033 1918 1076 Berolinense.

193 1104 327 1159 IIII)
357 1103 512 1158 Beryti
550 1106 594 1159 a)
630 1105 676 1146 in
707 1103 888 1146 adversa
925 1117 1018 1145 cum
1048 1104 1185 1158 capite
1213 1102 1422 1157 Auyusti,
1460 1103 1503 1158 R⁷
1532 1103 1753 1145 Permissu
1784 1100 1919 1144 Silani

194 1171 355 1215 Eckhel
374 1172 465 1214 III
476 1186 523 1226 p.
544 1174 639 1222 357,
669 1185 855 1214 museum
883 1171 1182 1222 Berolinense,·
1223 1172 1264 1227 b)
1301 1185 1393 1213 cum
1423 1171 1561 1225 capite
1596 1170 1760 1214 Tiberii
1788 1173 1826 1212 et
1854 1170 1920 1211 in-

194 1241 422 1295 scriptione
449 1241 516 1283 Ti.
544 1240 667 1283 Caes.
697 1240 884 1295 August.
912 1241 963 1283 F.
989 1241 1163 1296 Imper.,
1196 1239 1339 1282 eadem
1367 1253 1517 1282 aversa
1542 1243 1666 1294 atque
1695 1239 1742 1281 in
1770 1238 1887 1281 IIII
1891 1252 1919 1280 a

194 1309 394 1352 Mionnet
423 1309 465 1352 V
476 1323 526 1364 p.
545 1311 628 1351 338
648 1323 691 1351 n.
712 1312 771 1353 26
801 1310 855 1363 cf.
885 1308 1026 1352 Oohen
1050 1309 1084 1351 I
1091 1308 1108 1332 ²
1127 1323 1176 1363 p.
1198 1311 1288 1351 207
1313 1322 1356 1350 n.
1377 1311 1475 1351 201.

289 1378 345 1420 In
375 1381 499 1420 tanta
526 1392 791 1420 nummorum
813 1378 959 1421 Silani
987 1378 1110 1432 copia
1140 1376 1479 1420 Sanclementius
1506 1389 1615 1418 unus
1644 1389 1775 1418 unum
1803 1389 1921 1417 num-

191 1461 305 1489 mum
322 1446 632 1490 Antiochenum
655 1447 852 1502 (ceterum
873 1447 1007 1501 plane
1035 1446 1211 1488 similem
1242 1446 1424 1487 nummis
1452 1444 1534 1499 Ia)
1564 1444 1815 1498 inscriptum
1839 1442 1918 1485 AM

190 1514 343 1557 vidisse
361 1516 446 1558 sibi
463 1516 577 1558 visus
598 1519 669 1566 est,
687 1530 806 1569 quem
821 1530 872 1558 ex
886 1515 1037 1557 rivulis
1052 1515 1141 1557 suis
1157 1515 1203 1556 in
1223 1527 1410 1556 museum
1431 1513 1684 1555 Vaticanum
1702 1512 1920 1554 transiisse

190 1583 362 1637 scripsit
380 1582 449 1625 De
467 1583 659 1638 vulqaris
685 1597 812 1625 aerae
837 1583 1123 1625 emendatione
1143 1597 1192 1637 p.
1210 1585 1304 1624 348.
1359 1582 1488 1635 Quem
1508 1595 1723 1623 nummum
1742 1581 1788 1622 in
1810 1580 1919 1623 libro

186 1653 340 1705 postea
367 1651 425 1706 (a.
446 1650 574 1706 1809)
596 1651 708 1694 edito
737 1650 806 1694 De
834 1652 947 1693 notis
975 1650 1279 1705 chronoloyicis
1307 1650 1608 1692 numismatum
1636 1649 1920 1704 imperialium

190 1732 266 1761 suo
287 1719 376 1762 loco
386 1734 436 1774 p.
454 1722 519 1770 73,
540 1720 618 1762 ubi
637 1719 686 1762 de
707 1719 853 1763 Silani
871 1719 1053 1762 nummis
1073 1718 1349 1761 Antiochenis
1380 1719 1475 1773 eyit,
1498 1717 1666 1760 silentio
1678 1717 1917 1772 praeteriit.

189 1787 418 1831 Facillime
439 1791 577 1831 autem
599 1788 766 1831 litterae
785 1789 875 1838 ΔΜ,
909 1787 1131 1830 dummodo
1151 1787 1382 1841 paululum
1402 1786 1581 1829 detritae
1606 1789 1751 1836 essent,
1783 1786 1922 1840 accipi

187 1859 424 1912 potuerunt
434 1871 519 1911 pro
540 1855 635 1900 AM.
675 1857 828 1910 Itaque
850 1856 900 1898 de
921 1856 998 1899 hoc
1017 1870 1185 1899 nummo
1206 1855 1311 1897 milii
1330 1854 1608 1897 dubitandum
1639 1867 1724 1897 esse
1742 1853 1918 1904 videtur,

92 1960 107 1963 ,
193 1925 291 1967 dum
322 1925 438 1967 testis
465 1925 604 1980 magis
633 1925 806 1967 idoneus
836 1924 962 1967 talem
990 1939 1038 1967 re
1066 1938 1168 1967 vera
1197 1927 1343 1966 extare
1372 1923 1668 1978 affirmaverit.

277 1994 335 2036 In
363 1993 609 2036 consulatu:
638 1993 692 2046 Q.
724 1992 939 2036 Caecilius
970 1993 1025 2046 Q.
1056 1992 1085 2035 f.
1117 1993 1177 2035 M.
1208 2007 1251 2035 n.
1282 1991 1485 2034 Metellus
1516 1991 1713 2035 Creticus
1745 1990 1919 2034 Silanus

191 2063 299 2116 fasti
325 2061 570 2116 Capitolini,
599 2061 653 2115 Q.
685 2061 900 2105 Caecilius
931 2060 1162 2116 M[etellus]
1193 2061 1303 2115 fasti
1330 2060 1605 2103 Praenestini
1632 2060 1666 2102 Ι
1671 2061 1687 2085 2
1710 2075 1758 2114 p.
1782 2063 1839 2103 72
1864 2079 1918 2094 =

190 2130 317 2174 XIV
338 2133 462 2180 2963,
506 2130 559 2183 Q.
592 2129 808 2173 Caecilius
839 2129 1038 2172 Creticus
1070 2142 1128 2172 ΜΕ
1146 2163 1156 2172 .
1174 2163 1183 2172 .
1203 2162 1213 2172 .
1232 2162 1241 2172 .
1282 2129 1422 2172 editur
1460 2129 1506 2171 in
1545 2129 1674 2182 fastis
1712 2142 1921 2182 auyurum

192 2198 247 2241 12
270 2213 319 2252 p.
340 2201 393 2241 60
423 2218 479 2232 =
511 2198 580 2240 VI
600 2201 711 2240 1976
741 2202 780 2240 et
810 2198 1042 2240 adnotatur
1074 2201 1278 2252 ‘superest
1298 2201 1400 2251 post
1427 2210 1459 2239 Μ
1489 2197 1637 2247 hasta,
1679 2211 1786 2250 quae
1815 2210 1866 2238 ea:
1894 2209 1919 2238 E

193 2269 231 2309 et
259 2279 284 2308 F
313 2266 565 2308 remansisse
585 2269 740 2320 potest‘
755 2279 769 2317 ,·
804 2266 851 2308 A.
884 2264 977 2320 (sic)
1010 2265 1210 2313 Καικίλιος
1239 2266 1446 2312 Μέτελλος
1485 2264 1677 2322 Κρητικός
1704 2263 1794 2307 Dio
1832 2263 1917 2306 ind.

193 2334 221 2377 l.
249 2336 323 2385 55,
372 2333 573 2381 Καικίλιος
615 2334 824 2381 Μέτελλος
865 2334 953 2376 Dio
992 2338 1059 2385 55,
1099 2338 1167 2386 30,
1211 2337 1391 2376 ceterum
1426 2333 1676 2388 plerumque
1721 2332 1919 2375 Creticus

193 2404 312 2457 fasti.
338 2429 387 2434 —
410 2402 584 2446 Silanus
615 2404 662 2444 in
689 2404 873 2445 nummis
904 2403 1117 2457 tituloque.
1140 2428 1191 2434 —
1215 2403 1414 2447 Creticus
1443 2401 1616 2445 Silanus
1647 2400 1764 2456 apud
1797 2401 1920 2443 Taci-

194 2474 294 2522 tum,
327 2470 500 2515 Silanus
532 2470 649 2525 apud
676 2471 913 2525 Iosephum.
1328 2497 1332 2501 -

279 2539 332 2592 Q.
363 2539 393 2583 f.
424 2539 483 2583 M.
516 2555 558 2581 n.
588 2539 698 2593 fasti
722 2539 959 2593 Capitolini
967 2553 981 2591 ,·
1000 2542 1181 2593 propter
1207 2538 1355 2582 Silani
1382 2553 1531 2582 nomen
1559 2538 1675 2594 filius
1703 2537 1921 2580 naturalis

190 2608 312 2651 Iunii
331 2607 476 2651 Silani
500 2607 681 2650 alicuius
709 2608 886 2658 videtur,
918 2608 992 2662 qui
1020 2607 1243 2662 adoptione
1272 2608 1318 2650 in
1345 2607 1628 2650 Caeciliorum
1650 2606 1921 2649 Metellorum

192 2676 407 2730 familiam
448 2676 622 2718 transiit
630 2689 644 2727 ;
678 2679 809 2730 pater
845 2676 1066 2730 adoptivus
1091 2679 1233 2730 potest
1271 2689 1357 2718 esse
1387 2676 1441 2729 Q.
1473 2675 1690 2719 Caecilius
1720 2673 1919 2716 Metellus

193 2743 390 2806 Creticus
425 2757 558 2798 supra
589 2758 631 2786 n.
660 2747 727 2787 45.
749 2769 808 2775 —-
837 2744 998 2788 Consul
1027 2760 1066 2787 a.
1099 2744 1122 2786 7
1153 2759 1194 2801 p.
1227 2743 1276 2788 C.
1306 2745 1426 2798 fasti.
1458 2769 1516 2775 -
1543 2745 1735 2799 Legatus
1765 2743 1920 2799 Syriae

203 2812 303 2855 Tac.
325 2826 365 2854 a.
386 2815 430 2862 2,
451 2816 502 2864 4;
529 2816 573 2863 2,
594 2815 660 2863 43,
691 2813 858 2867 Ioseph.
887 2816 973 2856 ant.
994 2816 1060 2863 18,
1082 2816 1127 2864 2,
1147 2816 1187 2863 4,
1219 2813 1403 2865 nummi‚·
1441 2813 1614 2863 nummi,
1653 2813 1727 2867 qui
1754 2811 1919 2866 quidem

194 2882 303 2922 certe
329 2879 529 2935 descripti
556 2883 675 2931 sunt,
717 2895 850 2923 annos
879 2881 1073 2923 indicant
1102 2882 1357 2924 tricesimum
1387 2881 1567 2925 alterum
1594 2895 1723 2935 usque
1754 2880 1813 2923 ad
1841 2880 1917 2922 tri-

194 2948 390 2990 cesimum
426 2949 648 3003 septimum
686 2949 846 2992 scilicet
885 2964 1012 2992 aerae
1050 2949 1259 2992 Actiacae
1286 2951 1375 3005 (cf.
1415 2950 1578 2993 Eckhel
1615 2949 1705 2992 III
1730 2964 1779 3004 p.
1815 2951 1918 3003 270)

191 3017 359 3071 partim
387 3017 629 3059 coniunctos
659 3031 751 3059 cuan
782 3018 908 3060 annis
935 3018 1109 3072 imperii
1141 3018 1304 3060 Tiberii
1329 3031 1458 3073 usque
1488 3018 1547 3061 ad
1574 3018 1755 3060 tertium.
1806 3016 1920 3060 Vnde

192 3085 383 3139 sequitur
413 3085 612 3128 Silanum
642 3099 683 3130 a.
715 3088 775 3129 32
804 3100 931 3128 aerae
960 3085 1167 3128 Actiacae
1197 3106 1252 3121 z
1284 3087 1399 3129 intra
1426 3100 1605 3129 mensem
1636 3085 1920 3140 Septembrem

197 3166 239 3195 a.
272 3152 447 3196 7641765
475 3173 531 3188 =
560 3167 600 3196 a.
629 3157 757 3197 11112
785 3154 1032 3208 leyationem
1061 3154 1189 3196 inisse
1224 3157 1263 3197 et
1301 3169 1341 3197 a.
1373 3158 1434 3197 37
1457 3175 1512 3189 -—-
1544 3154 1661 3209 Sept.
1694 3169 1733 3196 a.
1769 3154 1919 3195 769170

195 3239 250 3255 =
275 3234 315 3263 a.
336 3220 462 3264 16117
478 3221 708 3276 provincia
735 3220 966 3263 decessisse.
1016 3220 1144 3263 Anno
1168 3222 1220 3264 17
1246 3221 1460 3277 Tiberius,
1491 3237 1589 3265 cum
1610 3222 1919 3267 Germanicum

195 3289 240 3330 in
281 3289 489 3331 orientem
528 3289 739 3342 mitteret,
782 3303 879 3330 eum
913 3288 1041 3344 Syria
1071 3288 1262 3331 demovit
1290 3304 1369 3346 per
1408 3290 1674 3332 adfinitatem
1705 3303 1918 3331 conexum

195 3357 472 3410 Germanico,
517 3358 620 3412 quia
662 3356 799 3399 Silani
838 3357 928 3398 filia
966 3357 1150 3411 Neroni,
1204 3359 1494 3400 vetustissimo
1535 3357 1774 3400 liberorum
1813 3358 1916 3410 eius,
