2202 3730
281 322 506 359 ANTONIA
1144 312 1225 354 106
1855 317 2081 355 ANTONIA

367 451 593 508 parentela
617 450 800 504 quadam
831 450 1072 491 coniunctus
1104 462 1196 490 cum
1225 447 1290 490 M.
1311 446 1498 489 Antonio
1518 447 1741 490 Polemone
1763 447 1927 490 domino
1951 447 2084 491 Olbae

366 522 420 574 cf.
451 534 582 574 supra
610 533 650 560 n.
684 520 776 561 687.

284 591 363 632 705
393 593 619 629 ANTONIA
639 587 894 628 memoratur
915 585 960 626 in
981 583 1101 625 titulo
1125 597 1278 637 qraeco
1299 583 1531 637 Smyrnaeo
1552 583 1724 638 publice
1744 584 1886 639 posito
1908 584 2082 635 Zenoni,

367 656 456 711 filio
484 654 720 696 Polemonis
751 656 789 695 et
810 651 1110 707 Pythodoridis
1130 651 1444 702 Philometoris,
1474 652 1617 706 nepoti
1634 651 1848 694 Antoniae
1876 656 1945 708 τῆς
1975 653 2085 709 εὐερ-

366 726 515 781 γέτιδος
544 722 719 776 Ephem.
753 735 814 775 ep.
845 724 871 762 1
892 735 941 774 p.
963 723 1062 763 270.
1123 719 1189 761 M.
1220 719 1402 761 Antonii
1440 720 1653 761 triumviri
1690 734 1740 762 ex
1765 719 1958 762 Antonia
1990 720 2086 775 filia

366 792 529 833 videtur
560 804 632 840 ea,
671 803 796 843 quam
837 803 876 830 a.
910 791 989 830 710
1018 809 1073 822 =
1102 791 1155 830 44
1181 790 1311 842 pater
1347 787 1438 842 filio
1470 788 1536 830 M.
1567 788 1723 842 Lepidi
1751 788 1969 843 despondit
1996 788 2085 831 Dio

367 864 430 910 44,
453 862 530 910 53,·
560 873 598 902 a.
622 861 704 900 717
723 877 778 891 =
798 860 855 898 37
881 856 1096 898 Antonius
1125 855 1183 898 ad
1210 855 1418 910 Lepidum
1448 856 1648 911 colleqam
1676 856 1860 900 Calliam
1891 856 2086 899 libertum

366 928 481 969 misit
510 926 559 968 de
587 925 749 980 nuptiis
778 923 1046 979 conficiendis
1077 926 1270 965 acturum
1290 923 1481 978 Appian.
1515 924 1552 966 b.
1584 938 1618 967 c.
1649 927 1688 975 5,
1715 928 1771 967 43
1800 925 1872 980 (cf.
1902 924 1946 966 A
1969 924 2084 980 247).

370 995 574 1048 Nupsisse
602 993 765 1035 videtur
792 993 907 1034 circa
938 1006 976 1036 a.
1000 995 1083 1035 720
1103 1011 1159 1026 =
1183 995 1238 1034 34
1267 991 1521 1046 Pythodoro,
1554 1007 1605 1036 ex
1633 1007 1712 1047 quo
1734 994 1903 1048 peperit
1930 992 2087 1048 Pytho-

368 1062 555 1105 doridem
591 1061 782 1115 reqinam
811 1060 961 1111 Ponti,
1004 1063 1171 1102 mortua
1201 1073 1286 1102 esse
1316 1063 1412 1102 ante
1442 1063 1614 1114 patrem
1644 1061 1699 1115 cf.
1731 1061 1969 1104 Mommsen
1999 1060 2026 1103 l.
2059 1060 2085 1105 l.

367 1145 415 1185 p.
446 1132 540 1173 273.

283 1200 365 1242 706
395 1203 619 1240 ANTONIA
648 1198 794 1251 maior,
827 1196 885 1239 M.
908 1196 1087 1238 Antonii
1116 1197 1331 1239 triumviri
1363 1211 1419 1239 ex
1440 1197 1624 1240 Octavia
1652 1197 1754 1252 filia,
1784 1212 1897 1240 uxor
1924 1197 1976 1240 L.
1999 1197 2088 1239 Do-

367 1267 476 1308 mitii
505 1264 785 1307 Ahenobarbi
815 1263 1018 1317 (consulis
1048 1279 1087 1306 a.
1111 1267 1191 1306 738
1210 1284 1266 1299 =
1286 1267 1340 1307 16
1369 1279 1408 1309 a.
1438 1264 1502 1319 C.)
1530 1265 1701 1309 Sueton.
1725 1265 1842 1309 Nero
1862 1269 1889 1309 5
1897 1279 1911 1318 ,·
1941 1269 2089 1308 contra

369 1350 479 1377 uxor
511 1334 666 1376 dicitur
695 1334 835 1375 minor
863 1332 1057 1375 Antonia
1091 1333 1190 1375 Tac.
1223 1347 1261 1375 a.
1292 1336 1331 1383 4,
1362 1337 1438 1385 44,·
1468 1337 1536 1384 12,
1569 1337 1622 1376 64
1660 1348 1803 1377 errore
1837 1337 1886 1376 ut
1910 1333 2086 1376 videtur.

368 1404 479 1445 Nam
509 1402 700 1444 Antonia
733 1401 824 1443 filia
852 1402 990 1443 maior
1021 1416 1075 1443 ex
1106 1401 1292 1444 Octavia
1321 1408 1423 1444 nata
1454 1408 1518 1444 est
1547 1417 1586 1445 a.
1609 1403 1690 1446 715
1711 1423 1767 1438 =
1787 1403 1842 1445 39
1863 1401 2088 1446 Plutarch.

368 1471 525 1513 Anton.
555 1473 608 1513 33
638 1470 691 1524 cf.
724 1484 757 1512 c.
787 1472 856 1520 87,
896 1470 973 1511 ubi
1010 1469 1291 1520 Plutarchus,
1334 1483 1427 1512 cum
1467 1470 1516 1513 de
1554 1470 1727 1526 filiabus
1755 1470 1940 1513 Antonii
1973 1473 2087 1525 aqat,

370 1540 519 1594 priore
548 1538 636 1580 loco
663 1552 836 1580 uxorem
855 1537 1041 1580 Domitii
1058 1537 1338 1580 Ahenobarbi
1364 1539 1567 1582 nominat.
1617 1538 1671 1581 A.
1695 1539 1775 1582 717
1798 1559 1854 1574 =
1877 1539 1931 1582 37
1952 1538 2089 1581 Anto·
2113 1539 2118 1544 ’

370 1609 467 1649 nius
500 1621 593 1649 eam
625 1605 741 1660 (Cn.)
769 1606 962 1648 Domitio
994 1605 1123 1662 (patri
1153 1606 1299 1661 Lucii)
1341 1621 1521 1648 uxorem
1561 1607 1795 1650 destinavit
1823 1606 1911 1650 Dio
1939 1609 2006 1658 48,
2036 1609 2091 1650 54

369 1676 459 1718 sine
489 1675 616 1717 dubio
638 1677 809 1728 patrem
837 1688 929 1716 cum
958 1674 1050 1728 filio
1079 1674 1348 1728 confundens.
1398 1675 1503 1717 Post
1532 1690 1682 1718 necem
1711 1675 1892 1718 Antonii
1920 1676 1976 1730 (a.
2008 1675 2091 1718 724

367 1764 422 1779 =
453 1744 525 1797 30)
556 1741 713 1785 Caesar
739 1741 950 1784 Octaviae
979 1741 1149 1784 filiabus
1180 1744 1383 1799 pecunias
1415 1758 1470 1785 ex
1499 1743 1626 1786 bonis
1656 1745 1845 1800 paternis
1876 1743 2090 1786 concessit

369 1812 457 1855 Dio
486 1814 551 1862 51,
582 1813 646 1853 15.
707 1810 878 1853 Liberi:
921 1810 999 1853 Cn.
1031 1810 1250 1853 Domitius
1278 1811 1617 1867 Ahenobarbus,
1649 1812 1864 1867 Domitia,
1896 1812 2092 1854 Domitia

369 1879 548 1936 Lepida.
580 1903 632 1910 —
663 1878 851 1921 Basilica
879 1878 1169 1921 Antoniarum
1208 1879 1413 1934 duarum,
1455 1894 1562 1934 quae
1589 1884 1848 1923 memoratur
1877 1880 1946 1923 VI
1965 1882 2088 1931 5536,

369 1949 492 1991 huius
522 1950 562 1990 et
588 1947 804 1989 Antoniae
832 1948 1010 1990 minoris
1041 1948 1173 2001 fuisse
1202 1948 1377 1992 videtur.
1425 1948 1655 2004 Anton(ia)
1676 1949 1843 1992 Domiti
1863 1950 1909 1991 in
1930 1952 1959 1991 t.
1980 1948 2092 1991 servi

373 2018 440 2060 VI
460 2019 588 2060 4702.

286 2087 367 2130 707
398 2090 623 2126 ANTONIA
650 2084 790 2125 minor
810 2104 865 2118 =
885 2090 1111 2126 ANTONIA
1140 2090 1382 2127 AVGVSTA.
1433 2085 1587 2128 Tituli:
1617 2085 1686 2128 VI
1702 2089 1788 2129 921
1819 2084 1878 2142 (1)
1909 2086 1955 2140 in
1985 2097 2090 2127 arca

372 2152 560 2203 Claudii,
591 2152 671 2194 IX
696 2155 804 2194 3663
832 2151 894 2207 (2)
924 2152 1217 2203 Marrucinus,
1257 2152 1306 2194 X
1334 2157 1442 2196 1417
1469 2153 1526 2208 (3)
1555 2153 1910 2206 Herculanensis;
1945 2153 2092 2208 yraeci

369 2220 831 2275 Lebas-Waddinqton
849 2223 956 2262 1039
979 2219 1037 2275 (4)
1063 2220 1249 2271 Iliensis,
1279 2220 1348 2263 CI
1349 2220 1390 2264 G
1408 2224 1517 2264 5186
1547 2222 1604 2277 (5)
1633 2221 1913 2276 Cyrenaicum
1940 2234 2090 2264 memo-

369 2293 494 2332 ratur
521 2290 568 2331 in
589 2290 697 2331 actis
715 2288 943 2331 Arvalium
964 2303 1004 2331 a.
1022 2291 1077 2330 38
1108 2288 1176 2331 VI
1196 2289 1341 2332 2028b
1364 2289 1435 2344 (6),
1461 2290 1506 2332 in
1527 2290 1662 2332 titulis
1689 2290 1954 2332 sacerdotum
1984 2289 2090 2332 CIA

371 2359 460 2401 III
479 2360 560 2400 315
588 2357 668 2412 (7).
700 2359 784 2400 652
814 2356 898 2412 (8),
925 2358 1090 2411 passim
1119 2358 1165 2399 in
1196 2360 1223 2401 t.
1256 2357 1501 2400 libertorum
1529 2358 1591 2400 vel
1620 2371 1832 2401 servorum
1862 2359 1917 2412 cf.
1949 2358 2022 2401 VI.
2040 2372 2088 2413 p.

369 2429 465 2470 878.
495 2429 591 2470 899.
622 2428 717 2468 909.
748 2428 841 2468 941.
883 2425 951 2468 VI
968 2428 1123 2468 12037.
1153 2428 1300 2469 19475.
1330 2426 1420 2468 III
1430 2429 1510 2468 560
1530 2446 1587 2461 =
1613 2426 1718 2469 CIA
1738 2429 1855 2477 1435,
1887 2426 1999 2469 IGI
2012 2429 2091 2469 734

371 2515 427 2530 =
454 2494 522 2538 CI
523 2494 564 2537 (ἶ
592 2497 718 2537 5802.
770 2493 947 2536 Nummi
973 2494 1136 2536 Echhel
1166 2493 1234 2536 VI
1248 2508 1295 2548 p.
1326 2497 1406 2536 179
1436 2508 1536 2549 sqq.‚
1575 2494 1714 2537 Cohen
1743 2495 1797 2538 12
1818 2509 1869 2550 p.
1889 2497 1985 2539 222
2003 2508 2089 2549 sqq.

456 2564 511 2605 In
541 2562 695 2617 titulis,
728 2563 801 2616 qui
830 2565 927 2604 ante
955 2563 1178 2616 imperium
1205 2561 1295 2605 Gai
1314 2563 1451 2617 positi
1479 2566 1596 2614 sunt,
1626 2564 1873 2606 nominatur
1900 2563 2092 2606 Antonia

373 2632 527 2675 Claudi
567 2632 750 2674 Neronis
792 2631 940 2686 [Drusi
973 2631 1219 2675 Germanici
1258 2631 1403 2673 fratris
1433 2631 1516 2686 Ti.]
1554 2630 1781 2686 O[a]esaris
1819 2631 1963 2687 [Aug.]
2004 2634 2031 2674 t.
2060 2634 2092 2675 2

370 2701 564 2743 similiter
589 2701 636 2742 in
657 2703 683 2742 t.
702 2700 868 2754 qraecis
886 2703 926 2742 4.
946 2702 985 2750 5,
1018 2699 1209 2742 Antonia
1239 2699 1372 2741 Drusi
1404 2700 1489 2742 sive
1506 2699 1699 2742 Antonia
1717 2700 1764 2742 in
1783 2702 1811 2742 t.
1835 2699 2090 2751 libertorum,

373 2768 581 2823 (Antonia
609 2769 749 2810 minor
777 2768 824 2810 in
854 2771 881 2810 t.
912 2769 1023 2810 servi
1047 2767 1228 2818 Dessau,
1259 2768 1458 2822 Inscript.
1489 2768 1561 2810 sel.
1591 2767 1712 2822 1754)
1742 2771 1846 2822 post
1878 2767 2093 2810 Tiberium

372 2836 563 2878 Antonia
583 2836 781 2891 Augusta
806 2836 940 2878 Drusi
972 2839 1000 2880 t.
1027 2840 1063 2886 1,
1097 2839 1275 2878 ceterum
1295 2835 1485 2878 Antonia
1505 2836 1703 2891 Augusta
1733 2837 1780 2878 in
1810 2836 1945 2878 titulis
1971 2849 2091 2878 num-

372 2905 551 2958 misque;
579 2905 656 2948 θεὰ
679 2904 869 2947 Ἀντωνία
900 2907 927 2948 t.
947 2907 985 2946 7.
1009 2929 1060 2933 -—
1083 2903 1274 2946 Antonia
1291 2905 1430 2946 minor
1451 2903 1622 2947 Sueten.
1652 2903 1789 2958 Caliq.
1810 2907 1849 2954 1,
1888 2903 2043 2947 Claud.
2064 2906 2091 2946 1

374 2973 440 3027 (de
474 2973 613 3015 Taciti
641 2987 782 3015 errore
811 2972 904 3014 vide
932 2986 974 3016 n.
1007 2972 1116 3027 706),
1149 2975 1327 3015 ceterum
1355 2972 1547 3014 Antonia
1575 2972 1710 3014 Drusi
1738 2972 1803 3015 vel
1830 2971 2032 3016 Antonia.

457 3040 570 3082 Filia
598 3040 658 3082 M.
689 3039 864 3082 Antonii
895 3041 963 3082 111
998 3040 1083 3081 viri
1124 3046 1166 3081 et
1196 3039 1406 3083 Octaviae
1447 3040 1605 3082 sororis
1644 3039 1834 3095 Augusti
1864 3039 2090 3082 Plutarch.

373 3108 529 3151 Anton.
561 3111 628 3159 87,
659 3111 685 3165 ἡ
717 3110 910 3165 ἀδελφιδὴ
935 3110 961 3165 ἡ
993 3110 1088 3151 θεοῦ
1118 3108 1321 3165 Σεβαστοῦ
1351 3111 1379 3150 t.
1407 3111 1447 3150 4.
1506 3108 1620 3150 Nata
1650 3114 1715 3150 est
1744 3108 1814 3150 die
1844 3108 1894 3151 31
1929 3107 2089 3149 mensis

373 3177 563 3218 Ianuarii
595 3180 622 3218 t.
655 3180 680 3219 6
709 3192 747 3220 a.
781 3177 861 3219 718
893 3196 948 3211 =
978 3177 1033 3218 36
1062 3180 1110 3218 ut
1143 3176 1307 3219 videtur
1337 3177 1390 3230 cf.
1422 3176 1646 3218 Plutarch.
1677 3176 1835 3219 Anton.
1865 3178 1930 3220 35.
1988 3176 2094 3219 Post

374 3259 521 3286 necem
551 3245 685 3300 patris
717 3246 774 3299 (a.
807 3248 890 3288 724
922 3265 978 3279 =
1005 3244 1075 3299 30)
1106 3244 1331 3299 Augustus
1373 3246 1411 3286 ei
1451 3251 1493 3286 et
1533 3245 1669 3286 sorori
1697 3245 1851 3286 maiori
1884 3259 1939 3286 ex
1968 3243 2092 3286 bonis

372 3313 562 3367 paternis
592 3314 797 3368 pecunias
827 3313 1039 3354 concessit
1058 3312 1146 3354 Dio
1167 3315 1232 3363 51,
1254 3315 1319 3356 15.
1364 3313 1489 3355 onr
1522 3312 1706 3354 Neronis
1737 3311 1909 3355 Claudii
1939 3311 2089 3367 Drusi,

374 3379 519 3422 fratris
541 3380 702 3422 Tiberii
725 3381 798 3436 qui
820 3382 1053 3437 imperavit
1083 3384 1111 3423 t.
1137 3384 1175 3424 1.
1200 3383 1243 3424 2.
1273 3384 1312 3423 3.
1343 3385 1383 3423 4.
1413 3383 1451 3423 5.
1482 3384 1520 3423 6.
1550 3383 1590 3422 8.
1622 3384 1661 3431 9,
1695 3380 1865 3424 Sueton.
1893 3379 2030 3435 Caliy.
2051 3383 2090 3433 1,
