2202 3730
143 273 412 310 ARISTIDES
1015 268 1096 310 133
1614 274 1957 312 ARISTOBVLVS

143 405 256 448 859a
281 403 530 446 Marcianus
552 403 765 447 Aristides
791 404 870 459 (sic
896 405 1031 447 versio
1054 405 1227 460 syriaca
1252 404 1485 459 apoloyiae,
1509 408 1690 448 ceterum
1709 404 1956 461 Aristides),

229 471 519 525 Atheniensis,
552 471 833 529 philosophus
865 472 1138 516 Christianus
1169 473 1320 515 eodem
1350 479 1554 530 tempore,
1586 488 1672 530 quo
1699 480 1744 516 et
1763 474 1958 528 Quadra-

229 548 321 596 tus,
363 540 524 583 librum
563 556 641 597 pro
679 541 935 584 Christianis
974 542 1260 598 compositum
1301 543 1551 598 imperatori
1582 542 1807 585 Hadriano
1839 543 1961 586 dedit

226 609 438 653 Eusebius
466 609 564 652 hist.
596 609 735 652 eccles.
766 613 804 660 4,
836 613 884 661 4,
925 610 1210 665 Hieronymus
1241 610 1384 653 chron.
1417 610 1475 653 ad
1504 625 1545 653 a.
1575 610 1684 655 Abr.
1713 614 1843 662 2142,
1879 613 1957 655 vir.

227 678 289 722 ill.
319 681 379 722 20
407 678 470 720 ΙΙ
483 692 531 732 p.
551 680 638 720 847
663 678 726 721 ecl.
758 677 967 729 Vallarsi,
1001 679 1119 732 epist.
1150 681 1205 721 70
1235 678 1294 721 ad
1323 679 1535 733 Maynum
1564 679 1599 722 I
1611 694 1661 734 p.
1682 683 1779 723 426.
1839 680 1958 723 Reli-

226 747 350 801 quias
380 747 634 801 colleyerunt
660 747 824 790 Harris
854 750 893 789 et
921 747 1162 797 Robinson,
1210 747 1315 790 Text
1344 747 1433 790 and
1465 747 1624 790 studies
1653 749 1959 791 contributions

229 819 270 859 to
301 815 475 858 biblical
504 814 592 857 and
611 815 816 869 patristic
841 815 1080 858 litterature
1099 816 1133 858 I
1154 819 1204 868 1,·
1232 816 1462 858 versionem
1482 817 1696 872 syriacam
1716 817 1958 872 yermanicc

229 884 450 927 transtulit
475 883 650 935 Raabe,
697 884 823 926 Tente
860 884 951 927 und
987 884 1355 940 Untersuchunyen
1382 898 1460 928 zur
1488 884 1734 928 Geschichte
1774 885 1848 928 der
1879 885 1960 928 alt-

232 952 501 995 christlichen
539 953 780 995 Litteratur
812 952 901 995 IX.
955 953 1028 995 Ea:
1070 953 1257 996 versione
1299 954 1472 1008 syriaca
1511 954 1583 1009 (cf.
1622 953 1776 997 Raabc
1807 969 1855 1008 p.
1885 954 1960 1008 25)

232 1024 413 1076 apparet
453 1022 769 1075 inscriptionem
813 1021 1034 1076 apoloyiac
1076 1021 1186 1064 hanc
1231 1022 1322 1075 fere
1363 1023 1517 1075 fuisse:
1562 1023 1818 1079 αὐτοκράτορι
1856 1021 1960 1078 Τίτῳ

231 1089 420 1147 Ἀδριανῷ
451 1087 666 1146 Ἀντωνίνῳ
687 1090 879 1148 Σεβαστῷ
900 1089 1072 1147 Εὐσεβεῖ
1096 1089 1329 1147 Μαρκιανὸς
1359 1089 1590 1148 Ἀριστείδης
1620 1089 1824 1147 Ἀθηναῖος
1854 1090 1962 1147 φιλό-

231 1174 379 1215 σοφοςς
418 1159 559 1201 minus
597 1162 794 1201 accurate
831 1159 877 1201 in
915 1160 1103 1202 versione
1142 1160 1388 1202 armeniaca
1429 1160 1695 1214 ‘imperatori
1731 1159 1961 1202 Hadriano

210 1227 444 1271 Caesare.
515 1227 630 1270 Vnde
669 1230 793 1282 patet
838 1227 1064 1282 scriptores
1106 1228 1359 1270 christianos
1402 1228 1662 1284 neyleyenter
1703 1229 1860 1271 librum
1905 1228 1964 1271 ad

231 1296 360 1338 Pium
393 1296 567 1339 missum
594 1296 804 1339 rettulisse
835 1296 894 1338 ad
930 1296 981 1339 P.
1012 1296 1184 1339 Aelium
1212 1296 1503 1339 Hadrianum.
1548 1321 1600 1328 —
1639 1297 1708 1340 De
1745 1298 1960 1340 sentent-iis

230 1364 439 1407 Aristidis
469 1365 524 1418 cf.
555 1364 777 1415 Harnack,
808 1364 1031 1408 Lehrbueli
1062 1365 1136 1407 der
1164 1364 1588 1420 Doymenyescliichte
1618 1366 1671 1408 1³
1694 1381 1743 1420 p.
1767 1369 1854 1408 482
1873 1379 1959 1419 sqq.

144 1433 229 1476 860
259 1433 319 1476 Μ.
332 1432 519 1475 Aristius
535 1433 714 1475 Fuscus.
737 1432 1002 1476 Praenomen
1022 1436 1139 1475 eaetat
1158 1434 1203 1475 in
1218 1433 1492 1487 inscriptione
1502 1433 1658 1476 Horat.
1677 1448 1808 1476 carm.
1821 1437 1860 1484 1,
1876 1437 1962 1485 22;

235 1502 402 1544 Fuscus
417 1501 573 1546 Horat.
594 1515 724 1544 carm.
741 1505 780 1552 1,
796 1505 871 1552 22,
888 1505 927 1552 4,
950 1502 1068 1556 epist.
1090 1505 1128 1552 1,
1150 1505 1217 1552 10,
1238 1505 1289 1553 1‚·
1318 1501 1509 1544 Aristius
1532 1502 1617 1544 ibd.
1634 1516 1670 1544 v.
1687 1505 1765 1554 44‚·
1793 1503 1962 1544 Fuscus

231 1570 420 1612 Aristius
449 1573 530 1612 sat.
552 1573 590 1621 1,
612 1573 651 1621 9,
674 1574 739 1613 61.
788 1569 966 1612 Amicus
996 1570 1170 1613 Horatii
1203 1570 1356 1613 Horat.
1388 1573 1467 1612 sat.
1497 1574 1534 1621 1,
1559 1574 1598 1621 9,
1621 1574 1673 1613 61
1693 1584 1804 1624 sqq.,·
1833 1574 1871 1621 1,
1894 1574 1960 1621 10,

231 1642 298 1689 83,
339 1638 395 1680 ad
425 1653 552 1694 quem
582 1639 757 1695 scripsit
786 1652 956 1681 carmen
985 1641 1023 1689 1,
1045 1641 1109 1682 22
1137 1642 1177 1681 ct
1206 1639 1431 1693 epistulam
1461 1642 1499 1690 1,
1522 1643 1589 1682 10.
1641 1639 1962 1683 Grammaticus

231 1706 348 1750 Acro
379 1707 438 1749 ad
466 1708 584 1761 epist.
612 1711 651 1758 1,
673 1710 741 1758 10,
763 1710 789 1749 1
821 1706 899 1759 (ΙΙ
913 1722 961 1761 p.
980 1711 1068 1750 421
1098 1707 1175 1761 H.)
1207 1711 1247 1750 ct
1275 1708 1334 1749 ad
1360 1710 1441 1751 sat.
1473 1711 1512 1752 1.
1536 1712 1575 1758 9,
1598 1712 1678 1758 62,
1721 1707 1961 1762 Porphyrio

233 1775 291 1829 ad
309 1779 389 1818 sat.
407 1779 445 1826 1,
464 1779 502 1826 9,
519 1779 597 1826 60;
619 1777 803 1832 scriptor
819 1775 1139 1818 comoediarum
1155 1775 1395 1830 Porphyrio
1417 1775 1477 1818 ad
1490 1776 1610 1830 epist.
1630 1779 1667 1826 1,
1686 1779 1753 1826 10,
1778 1777 1962 1832 scriptor

231 1844 552 1898 tragoediarum
574 1844 734 1886 codices
753 1843 1131 1898 quidam-Acronis
1162 1844 1221 1886 ad
1249 1844 1367 1898 epist.
1390 1847 1429 1894 1,
1457 1847 1518 1887 10.
1565 1846 1681 1898 Quae
1703 1845 1846 1887 omnia
1864 1848 1963 1887 sunt

231 1913 334 1968 fidei
360 1914 558 1955 incertae.

143 1966 223 2024 861
258 1981 416 2036 Aristo,
449 1981 618 2037 lepidus
648 1980 941 2037 philosophus,
974 1982 1048 2038 qui
1081 1983 1124 2023 in
1152 1983 1394 2036 gestatione
1429 1981 1682 2036 disserebat,
1724 1981 1806 2024 hoc
1847 1983 1959 2024 enim

227 2050 283 2093 ad
313 2050 502 2093 edendas
533 2065 686 2106 operas
717 2056 884 2106 tempus
915 2057 1113 2106 ceperat3
1145 2050 1199 2092 de
1229 2051 1354 2092 cuius
1385 2057 1502 2092 secta
1531 2065 1630 2093 cum
1661 2058 1954 2107 quaereretur,

228 2119 419 2162 Scaurus
458 2120 519 2161 ait
551 2119 717 2174 ‘utique
748 2119 1062 2175 Peripateticus
1104 2134 1190 2161 non
1230 2125 1337 2173 est‘3
1379 2119 1435 2161 de
1474 2119 1626 2161 eodem
1666 2134 1764 2161 cum
1806 2135 1958 2161 consu-

227 2188 388 2230 leretur
415 2187 553 2229 Iulius
585 2188 850 2242 Graecinus,
891 2189 961 2229 vir
988 2188 1210 2242 egregius,
1253 2187 1359 2244 quid
1399 2188 1599 2242 sentiret,
1634 2195 1737 2230 ‘non
1767 2202 1956 2244 possum,

228 2256 379 2312 inquit,
411 2256 491 2298 tibi
522 2255 678 2309 dicere,
720 2256 864 2297 nescio
896 2257 1024 2310 enim,
1067 2255 1171 2312 quid
1202 2255 1256 2297 de
1285 2255 1426 2310 gradu
1450 2256 1612 2310 faciat‘,
1648 2262 1867 2312 tamquam
1901 2256 1955 2298 (lc

229 2324 444 2366 essedario
466 2325 807 2378 interrogaretur
827 2324 990 2367 Seneca
1009 2325 1128 2378 epist.
1149 2328 1221 2375 29,
1244 2328 1281 2367 6.
1337 2324 1443 2367 Cum
1464 2324 1745 2380 (Illamcrcus)
1767 2325 1958 2367 Scaurus

227 2393 298 2448 (cf.
320 2392 363 2434 A
382 2392 487 2447 280)
515 2407 544 2434 a
569 2393 736 2435 Tiberio
758 2407 798 2435 a.
818 2396 877 2436 32
904 2394 1061 2435 occisus
1090 2394 1158 2444 sit,
1188 2392 1428 2436 Graecinus
1448 2394 1520 2449 (cf.
1542 2394 1576 2435 I
1587 2393 1689 2447 231)
1719 2408 1747 2435 a
1776 2393 1821 2438 C.
1851 2393 1956 2436 Cae-

227 2475 336 2511 sare,
369 2461 556 2516 efficitur
588 2461 696 2503 hunc
726 2461 971 2504 Aristonem
999 2462 1132 2516 fuisse
1151 2462 1453 2516 philosophum
1491 2461 1837 2516 Peripateticum,
1883 2464 1957 2516 qui

226 2530 390 2573 Romae
410 2533 548 2572 aetate
575 2530 735 2572 Tiberii
752 2530 905 2573 docuit.
924 2521 926 2523 ’
946 2530 1141 2574 Eundem
1160 2531 1390 2582 memorari
1410 2531 1610 2585 opinatur
1631 2530 1784 2581 Zeller,
1807 2531 1954 2573 Philo-

226 2598 371 2653 sophie
413 2597 487 2640 der
523 2597 733 2641 Grieclien
762 2599 823 2641 II
825 2599 843 2623 3
873 2603 905 2642 2
936 2614 984 2653 p.
1012 2602 1097 2642 926
1136 2599 1234 2643 adn.
1273 2603 1301 2641 3
1338 2600 1385 2641 in
1421 2599 1593 2641 scholiis
1636 2598 1852 2654 Simplicii
1896 2599 1955 2641 ad

233 2666 328 2710 Cat.
351 2667 436 2709 63b
467 2670 535 2717 10,
567 2670 661 2709 66a
688 2669 757 2709 38.

261 2742 524 2778 CAECILIVS
545 2742 749 2778 ,ARISTO-

259 2804 466 2847 Claudius
497 2803 657 2847 Aristo.

257 2879 421 2915 TITIVS
447 2879 642 2916 ARISTO.

259 2941 499 2983 Tussanius
529 2941 690 2983 Aristo,

144 3011 228 3053 862
259 3008 547 3063 Aristobulus,
584 3008 774 3051 Herodis
815 3014 858 3050 et
886 3008 1163 3050 Mariammes
1198 3010 1354 3065 prioris
1397 3009 1523 3064 filius,
1555 3009 1795 3052 Alexandri
1825 3009 1958 3052 frater

231 3079 285 3132 cf.
309 3077 506 3128 Schiae‘rer,
535 3077 781 3120 Geschichte
803 3077 873 3119 des
885 3076 1110 3130 judischen
1135 3076 1283 3119 Volkes
1300 3078 1335 3120 I
1345 3092 1395 3132 p.
1415 3081 1497 3120 337
1515 3092 1600 3131 sqq.
1654 3078 1784 3121 Circa
1814 3093 1853 3120 a.
1879 3082 1956 3120 731

231 3166 288 3181 =
306 3149 365 3189 23
394 3146 590 3188 Herodes
621 3146 776 3188 fratres
798 3146 978 3188 Romam
1008 3146 1126 3188 misit
1144 3145 1310 3200 Ioseph.
1342 3149 1429 3190 ant.
1460 3149 1525 3198 15,
1547 3150 1613 3197 10,
1636 3150 1698 3198 1‚·'
1715 3153 1813 3202 post
1832 3147 1955 3202 quin-

231 3214 468 3271 quennium
498 3213 589 3256 fere
619 3215 664 3256 in
694 3214 878 3270 patriam
909 3213 1082 3255 reduxit
1111 3220 1154 3256 et
1183 3213 1434 3257 Aristobulo
1455 3215 1694 3257 Berenicen
1727 3214 1955 3258 Costobari

231 3288 274 3325 et
302 3281 496 3325 salomes
524 3282 713 3324 Herodis
744 3283 904 3324 sororis
935 3281 1069 3323 filiam
1098 3282 1144 3323 in
1174 3282 1498 3324 matrimonium
1530 3282 1650 3325 dedit
1678 3282 1735 3325 id.
1769 3286 1855 3325 ant.
1888 3287 1953 3333 16,

232 3355 270 3401 1,
301 3354 334 3394 2
363 3351 417 3404 cf.
450 3353 516 3401 18,
551 3355 589 3401 6,
621 3355 659 3393 4.
711 3350 963 3405 Calumniis,
1005 3365 1113 3407 quas
1142 3350 1313 3393 Salome
1350 3357 1501 3394 contra
1539 3351 1649 3393 filios
1680 3351 1954 3393 Mariammes
