2202 3730
120 287 286 323 BVLLA
983 280 1068 322 243
1761 284 1929 321 BVRDO

206 415 436 474 πειλοί[ριον]
477 420 739 457 ΕΠΙΤΡΟΠΩΝ
776 416 869 472 (sie)
906 421 1074 473 συγγενῆ
1115 418 1231 460 ὑπατι
1261 449 1272 459 .
1290 449 1300 458 .
1318 448 1356 459 ..
1385 418 1541 471 κτίστην
1572 418 1636 459 καὶ
1678 415 1930 473 φιλόπατριντ,

205 488 463 528 memoratur
491 485 538 526 in
566 485 687 527 titulo
716 485 863 526 uxoris
895 484 1027 527 Sidae
1056 488 1221 539 reperto
1252 482 1360 527 OIG
1389 488 1497 527 4346
1527 485 1580 539 ef.
1608 484 1721 528 Add.
1744 499 1794 539 p.
1824 487 1932 527 1163

205 573 262 588 =
290 552 758 607 Lebas-Waddinyton
797 555 908 595 1385
948 552 1156 610 Κυρεινίαν
1198 552 1356 610 Πάτραν
1400 555 1470 610 τὴν
1515 555 1723 610 κρατίστην
1765 558 1931 610 γυναῖκα

206 620 462 678 Βρυωνιανοῦ
492 622 713 664 Λολλιανοῦ
752 625 822 663 τοῦ
861 622 1103 678 κρατ(ι’στου)
1145 623 1404 679 δουκηναρίου
1441 623 1518 665 ἀπὸ
1556 622 1777 680 ἐπιτρόπων
1808 639 1932 680 πριμι-

205 691 385 746 πιλαρίου
416 692 570 733 κτίστου
600 692 664 732 καὶ
696 692 973 747 φιλοπάτριδος
1003 717 1056 722 -
1089 715 1156 734 -.

199 754 202 758 ’
289 759 565 814 Bryonianus
594 757 819 800 Lollianus
850 762 878 800 t.
909 762 953 809 2,
994 759 1255 800 Brionianus
1284 757 1510 800 Lollianus
1540 761 1570 800 t.
1601 761 1640 811 1,
1670 758 1781 801 alud
1799 773 1930 814 prae-

202 826 423 881 ferendum
442 826 618 868 videtur.
643 851 693 855 —
717 825 899 880 Origine
921 826 1127 881 Sidensis,
1156 827 1426 883 propinquus
1447 825 1747 881 consularium,
1779 827 1929 884 primi-

204 895 363 952 pilaris,
397 894 655 937 ducenarius
685 895 973 951 (procurator)
1005 898 1033 939 t.
1065 898 1104 937 1.
1135 899 1189 946 2,·
1220 894 1421 948 Quirinia
1450 895 1583 937 Patra
1611 910 1724 937 uxor
1753 898 1782 937 t.
1812 897 1856 938 2.

294 964 378 1017 Qui
397 967 424 1006 t.
448 967 474 1005 1
496 963 638 1014 edidit,
671 964 769 1018 leyit
799 964 1019 1021 ἐπιτρόπων
1052 969 1235 1021 συγγενῆ,
1269 962 1505 1019 ὑπατι[κόν].
1554 963 1618 1006 At
1636 963 1929 1018 primipilaris

205 1031 458 1074 ducenarius
487 1032 723 1074 consularis
751 1031 870 1073 nullo
900 1032 1021 1074 modo
1061 1033 1172 1086 ferri
1200 1035 1363 1086 potest;
1404 1033 1529 1074 immo
1560 1035 1636 1074 aut
1665 1036 1927 1074 ΕΠΙΤΡΟΠΩΝ

201 1101 248 1143 in
278 1100 418 1155 lapide
445 1114 586 1142 errore
611 1100 822 1155 lapicidae
843 1101 1032 1154 positum
1060 1103 1121 1143 est
1143 1114 1229 1154 pro
1256 1104 1518 1142 EssITPOssON
1551 1104 1626 1143 aut
1653 1100 1929 1156 supplendum

202 1171 264 1210 est
292 1168 591 1225 πρειμιπειλοὶ[ρ.
623 1168 717 1223 ἀπὸ]
749 1169 984 1225 ἐπιτρόπων,
1015 1174 1184 1226 συγγενῆ
1216 1169 1445 1224 ὑπατι[κῶν]
1476 1173 1558 1212 κτλ.

120 1248 202 1291 148
233 1247 361 1290 Bulla
407 1254 690 1303 cognomento
735 1247 883 1303 Felix,
930 1248 1039 1290 latro
1087 1247 1391 1291 celeberrimus
1438 1250 1674 1305 imperante
1718 1249 1926 1306 Septimio

202 1315 364 1359 Severo
394 1314 484 1358 Dio
515 1318 580 1366 76,
611 1319 665 1357 10
696 1315 911 1370 (Zonaras
939 1319 1009 1366 12,
1041 1315 1126 1370 10).

119 1395 200 1438 149
233 1401 274 1437 O.
306 1400 516 1436 BVLTIVS
549 1400 790 1436 GEMINIVS
821 1401 1139 1445 MARCELLVS,
1170 1395 1432 1438 clarissimus
1460 1397 1641 1450 iuvenis,
1676 1396 1743 1451 (C.
1771 1398 1926 1452 Bultii)

204 1463 377 1506 Gemini
399 1464 562 1506 Titiani
582 1462 709 1518 filius,
734 1470 942 1519 patronus
965 1463 1350 1519 (Lilybitanorum)
1369 1464 1416 1506 X
1431 1468 1543 1508 7206
1561 1468 1589 1507 t.
1608 1465 1924 1508 Mazaritanus.

118 1544 200 1586 150
233 1549 273 1586 C.
305 1549 515 1585 BVLTIVS
544 1549 788 1585 GEMINIVS
820 1549 1076 1598 TITIANVS,
1120 1544 1286 1598 origine
1325 1544 1623 1600 Lilybitanus,
1664 1544 1926 1587 clarissimus

200 1612 288 1666 vir,
332 1611 564 1667 proconsul
602 1612 852 1667 provinciae
890 1611 1086 1666 Siciliae,
1129 1611 1280 1654 consul
1321 1611 1538 1667 (suffectus
1577 1627 1687 1655 anno
1726 1614 1928 1670 ineerto)‚·

198 1685 406 1736 patronus
437 1679 824 1736 (Lilybitanorum)
854 1680 903 1722 X
931 1683 1042 1723 7233
1071 1683 1098 1722 t.
1129 1680 1415 1735 Lilybitanus.
1471 1681 1698 1725 Geminius
1727 1682 1926 1724 Titianus

199 1749 247 1790 in
276 1748 397 1790 titulo
427 1748 512 1803 filii
540 1749 594 1802 ef.
623 1762 666 1791 n.
695 1751 790 1791 149.

114 1828 192 1872 151
227 1834 270 1872 L.
302 1834 615 1870 BVRBVLEIVS
646 1834 868 1871 OPTATVS
900 1835 1220 1872 LIGARIANVS.
1285 1829 1451 1872 Titulus
1491 1831 1579 1873 eius
1615 1831 1927 1874 Minturnensis

196 1896 247 1939 X
262 1899 372 1939 6006
400 1896 578 1939 honores
607 1897 752 1939 ordine
781 1898 943 1940 inverso
974 1898 1149 1952 exhibet,
1182 1898 1231 1940 de
1259 1912 1339 1952 quo
1370 1899 1455 1953 eyit
1477 1898 1692 1954 Boryhesi
1715 1913 1827 1954 oper.
1848 1900 1929 1942 IV

104 1968 114 1971 ’
196 1979 245 2020 p.
267 1967 479 2007 103-178.

284 2033 336 2076 L.
357 2033 399 2087 f.,
429 2033 547 2076 tribu
567 2033 705 2087 Quin,
738 2034 882 2076 IIIvir
902 2034 1119 2090 kapitalis,
1153 2035 1355 2078 tribunus
1385 2034 1629 2077 laticlavius
1657 2035 1837 2090 legionis
1858 2036 1923 2078 IX

199 2102 434 2158 Hispanae,
458 2108 661 2158 quaestor
683 2103 812 2145 Ponti
834 2110 877 2144 et
897 2103 1144 2159 Bithyniae,
1177 2103 1328 2145 aedilis
1353 2103 1506 2160 plebis,
1537 2110 1722 2160 praetor,
1754 2111 1926 2146 curator

201 2170 372 2212 viarum
403 2169 582 2213 Clodiae
603 2170 779 2213 Cassiae
800 2170 1024 2226 Ciminiae,
1057 2178 1230 2213 curator
1259 2173 1323 2214 rei
1352 2171 1554 2228 publicae
1579 2172 1926 2214 Narbonensium

202 2239 306 2281 item
328 2238 696 2281 Anconitanorum
729 2240 831 2281 item
853 2240 1188 2289 Tarricinorum‚
1220 2240 1388 2295 legatus
1417 2240 1598 2295 legionis
1619 2240 1731 2282 XVI
1744 2240 1926 2295 ,Flaviae

201 2308 385 2362 Firmae,
418 2307 594 2362 logistes
617 2308 781 2364 Syriae,
814 2308 1045 2364 proconsul
1068 2308 1252 2360 Siciliae,
1283 2309 1528 2365 praefectus
1557 2310 1713 2351 aerarii
1736 2309 1923 2363 Saturni,

199 2375 348 2418 consul
370 2374 587 2430 (suffectus
609 2390 719 2418 anno
739 2376 898 2418 incerto
919 2377 995 2418 sub
1017 2376 1277 2432 Hadriano),
1309 2382 1484 2419 curator
1504 2391 1684 2433 operum
1713 2376 1924 2419 locorum-

199 2459 286 2500 que
303 2443 590 2500 publicorum,
614 2443 782 2499 legatus
807 2445 1077 2500 imperatoris
1087 2443 1302 2487 >Antonini
1316 2444 1430 2499 Aug.
1447 2445 1516 2487 Pii
1537 2451 1579 2486 et
1598 2444 1688 2486 divi
1709 2445 1924 2487 Hadriani

199 2527 278 2569 pro
309 2528 374 2569 pr.
407 2512 658 2568 provinciae
686 2511 987 2568 Cappadociae
1019 2513 1076 2567 (a.
1107 2515 1189 2555 138
1217 2515 1257 2555 et
1284 2510 1424 2568 seqq),
1455 2512 1624 2567 legatus
1653 2514 1924 2570 imperatoris

197 2581 409 2624 Antonini
440 2580 554 2635 Aug.
597 2581 665 2623 Pii
706 2596 783 2636 pro
826 2596 891 2637 pr.
932 2581 1184 2637 provinciae
1226 2581 1400 2638 Syriae,
1439 2584 1484 2624 in
1524 2596 1609 2638 quo
1650 2581 1812 2623 honore
1852 2581 1922 2623 de·
1972 2619 1975 2621 .

199 2651 340 2694 cessit.
371 2674 426 2680 —
469 2649 638 2692 Sodalis
678 2649 944 2704 Augustalis.
982 2675 1031 2680 —
1074 2649 1288 2692 Patronus
1327 2649 1520 2692 coloniae
1557 2650 1922 2692 Minturnensium

196 2717 355 2762 titulus.

286 2785 402 2838 Quae
433 2785 482 2827 de
512 2785 724 2827 Burbulei
760 2788 1011 2839 quaesturae
1051 2788 1232 2839 tempore
1269 2788 1481 2828 statuerat
1508 2785 1737 2840 Boryhesi,
1776 2800 1921 2828 monu-

193 2857 346 2904 menta,
377 2868 484 2907 quae
514 2856 667 2907 postea
696 2854 989 2904 innotuerunt,
1034 2868 1061 2895 a
1089 2867 1185 2895 vero
1217 2854 1358 2896 abesse
1390 2854 1641 2905 docuerunt;
1680 2855 1756 2897 sub
1795 2855 1920 2910 finem

195 2922 284 2975 fere
313 2922 485 2976 imperii
517 2922 704 2964 Traiani
730 2922 794 2964 vel
813 2921 948 2976 paulo
970 2922 1185 2976 posterius
1204 2922 1466 2964 Burbuleius
1493 2926 1724 2976 quaestura
1752 2923 1922 2976 functus

198 3003 285 3032 esse
301 2990 478 3032 videtur.
524 2991 797 3044 Leyationeni
820 2990 1118 3044 Cappadociae
1139 3004 1251 3032 anno
1270 2993 1354 3033 137
1371 2994 1543 3033 exeunte
1561 2991 1624 3033 vel
1643 2994 1726 3033 138
1754 2992 1922 3033 ineunte

193 3058 316 3109 iniit,
355 3060 554 3112 quoniam
579 3058 787 3101 Flavium
815 3058 1056 3102 Arrianum
1085 3059 1126 3100 ei
1154 3059 1406 3112 provinciae
1445 3060 1572 3101 etiam
1613 3073 1653 3101 a.
1684 3062 1767 3101 137
1789 3074 1920 3114 prae-

194 3126 327 3180 fuisse
357 3141 407 3169 ex
437 3127 560 3169 titulo
590 3127 959 3181 Sebastopolitano
990 3127 1062 3182 (ef.
1092 3126 1140 3168 F
1164 3129 1265 3183 124)
1296 3130 1550 3182 compertum
1578 3127 1791 3170 habemus.

111 3194 192 3236 152
222 3195 472 3250 Burburus,
502 3195 557 3237 de
587 3210 766 3237 numero
797 3194 1143 3250 vexillariorum,
1174 3196 1422 3238 notissimus
1451 3202 1623 3252 potator
1652 3196 1920 3253 temporibus

194 3261 429 3305 Aureliani
449 3263 521 3307 vit.
551 3262 700 3305 Firmi
723 3267 763 3314 4,
788 3263 827 3307 5.

122 3353 183 3360 -
225 3330 362 3374 Iulius
387 3331 552 3376 Burdo.

1576 3388 1645 3423 16*
