2202 3730
253 281 512 317 CVRIATIVS
1110 274 1192 316 486
1836 283 2045 322 CVRTIVS

336 412 501 454 Vatinii
531 412 763 466 potentiam
805 410 915 464 fregi
957 416 999 452 et
1035 409 1183 464 hodie,
1225 411 1259 451 si
1289 410 1394 466 quid
1422 410 1546 453 nobis
1575 413 1752 455 notitiae
1782 429 1834 456 ac
1862 416 2045 458 nominis

337 486 409 533 est,
443 480 579 533 magis
601 479 788 520 arbitror
809 479 1045 520 carminum
1067 492 1195 534 quam
1221 479 1461 521 orationum
1490 478 1630 534 gloria
1654 487 1848 537 partum3
1882 498 1932 525 ac
1961 485 2046 526 iam

335 562 401 589 me
423 547 656 601 deiungere
677 562 702 588 a
723 546 882 588 forensi
904 545 1049 588 labore
1071 547 1271 589 constitui
1293 562 1373 588 nec
1393 549 1620 590 comitatus
1647 550 1750 591 istos
1781 557 1823 593 et
1851 565 2046 606 egressus

334 622 408 657 aut
448 614 733 670 frequentiam
773 614 1051 676 salutantium
1091 616 1347 671 concupisco
1387 630 1474 658 non
1513 618 1648 671 magis
1680 632 1809 674 quam
1842 634 1943 662 aera
1971 627 2048 663 aut

335 684 554 737 imagines,
587 698 697 739 quae
738 684 865 725 etiam
900 698 968 724 me
998 683 1171 725 nolente
1202 685 1245 726 in
1278 683 1452 727 domum
1481 700 1620 727 meam
1651 687 1921 743 inruperunt'
1956 703 2047 731 eum

334 752 533 793 dicentem
549 752 655 805 facit
676 752 773 794 Tac.
788 752 890 795 dial.
904 755 968 794 11.
1005 751 1171 806 Medea,
1190 752 1413 808 Thyestes,
1433 753 1553 808 Cato,
1567 754 1786 797 Domitius
1799 756 2047 811 tragoediae

329 820 421 860 eius
442 819 526 863 ibd.
548 823 590 862 2.
612 823 650 862 3.
682 820 968 862 Interlocutor
989 819 1148 874 dialogi
1170 820 1322 863 Taciti.
1347 845 1397 850 —
1414 821 1621 864 Diversus
1639 823 1803 865 videtur
1822 823 2047 868 Maternus

332 887 478 929 rhetor
498 888 736 944 (σοφιστής),
768 889 841 944 qui
873 902 971 930 cum
1002 895 1151 930 contra
1182 894 1388 944 tyrannos
1415 889 1708 946 declamasset,
1741 907 1767 934 a
1796 893 2045 937 Domitiano

331 971 441 997 anno
471 956 519 997 91
557 957 721 998 occisus
753 963 817 998 est
845 955 932 998 Dio
963 960 1028 1007 67,
1059 959 1117 999 12
1147 956 1362 1009 (Zonaras
1391 961 1456 1009 11,
1487 958 1570 1013 19).

274 1049 330 1053 ——-
359 1031 410 1068 M.
444 1030 723 1066 CORNELIVS
754 1031 991 1067 NIGRINVS
1025 1031 1288 1068 CVRIATIVS
1320 1033 1607 1069 MATERNVS.

272 1118 329 1122 -—
358 1098 402 1136 L.
427 1098 721 1134 STERTINIVS
755 1099 1111 1143 QVINTILIANVS
1142 1099 1338 1136 ACILIVS
1372 1101 1562 1137 STRABO
1595 1102 1635 1138 C.
1660 1102 1921 1141 CVRIATIVS
1952 1105 2045 1141 MA-

334 1166 529 1202 TERNVS
562 1167 771 1203 CLODIVS
803 1167 1028 1205 NVMMVS.
1075 1171 1078 1175 '

271 1254 327 1258 —
356 1235 401 1270 L.
434 1234 632 1270 OVINIVS
666 1235 842 1271 CVRIVS
873 1235 1128 1272 PROCVLVS
1159 1236 1419 1273 MODIANVS
1448 1238 1744 1287 AFRICANVS.

271 1322 327 1326 --
359 1296 528 1339 Caelius
560 1296 733 1340 Cursor.

250 1366 356 1407 1314
386 1371 429 1407 Τ.
459 1371 719 1408 CVRTILIVS
751 1372 958 1421 MANCIA,
992 1367 1140 1409 consul
1171 1368 1377 1410 suffectus
1408 1383 1520 1410 anno
1553 1370 1606 1412 55
1634 1385 1781 1413 mense
1811 1372 2045 1416 Decembri

329 1448 427 1475 cum
476 1433 555 1476 Cn.
600 1434 785 1476 Lentulo
836 1435 1075 1478 Gaetulico.
1151 1436 1207 1478 Iu
1251 1437 1492 1479 consulatu:
1539 1438 1588 1481 T.
1633 1438 1843 1482 Curtilius
1886 1441 2014 1484 M...
2034 1475 2043 1485 .
2089 1466 2093 1469 ·

335 1501 402 1543 VI
423 1505 540 1544 2037
567 1516 673 1544 corr.
695 1502 872 1557 Ephem.
895 1518 957 1558 ep.
978 1506 1006 1545 8
1026 1519 1074 1558 p.
1099 1507 1198 1555 328,
1227 1505 1277 1547 Τ.
1309 1504 1519 1548 Curtilius
1551 1507 1637 1549 tab.
1658 1521 1738 1550 cer.
1761 1508 1908 1564 Pomp.
1931 1513 1967 1554 7.
1994 1535 2044 1540 —

328 1571 377 1612 T.
412 1569 618 1612 Curtilius
645 1571 818 1613 Mancia
847 1571 1038 1626 Phleyou
1066 1573 1161 1614 mir.
1192 1576 1262 1623 27,
1296 1573 1504 1616 Curtilius
1534 1575 1708 1618 Mancia
1738 1576 1856 1620 alibi.

413 1637 574 1680 Consul
612 1654 649 1682 a.
681 1639 735 1682 55
765 1640 893 1693 fasti;
927 1639 1098 1694 'legatus
1130 1640 1391 1684 Germaniae
1426 1644 1662 1698 superioris
1691 1659 1729 1687 a.
1761 1646 1816 1687 56
1847 1645 2043 1701 Phleyou

329 1709 355 1750 l.
379 1708 417 1761 l„
450 1722 487 1748 a.
511 1707 565 1749 58
592 1707 689 1750 Tac.
713 1721 752 1749 a.
775 1710 839 1758 13,
860 1710 926 1750 56.
976 1709 1160 1751 Perosus
1186 1723 1395 1764 generum
1414 1725 1537 1753 suum
1558 1711 1798 1755 Domitium
1818 1714 2042 1756 Lucanum

327 1776 460 1818 filiam
492 1777 583 1817 eius
614 1776 798 1817 instituit
828 1775 1029 1818 heredem
1060 1777 1178 1821 Pliu.
1209 1779 1326 1832 epist.
1357 1781 1397 1829 8,
1421 1782 1487 1830 18,
1508 1783 1549 1822 4.

249 1846 353 1887 1315
385 1845 436 1887 T.
468 1844 702 1898 Curtisius,
747 1845 966 1900 quondam
1004 1847 1244 1901 praetoriae
1284 1846 1470 1889 cohortis
1509 1847 1630 1890 miles
1668 1864 1780 1891 anno
1811 1851 1868 1893 24
1904 1852 2042 1906 primo

326 1912 519 1955 coetibus
561 1911 837 1954 clandestinis
877 1913 991 1969 apud
1025 1913 1303 1956 Brundisium
1334 1921 1377 1956 et
1405 1916 1680 1959 circumiecta
1720 1917 1901 1974 oppida,
1942 1933 2043 1961 mox

327 1981 475 2036 positis
506 1980 727 2036 propalam
757 1980 913 2023 libellis
944 1981 999 2023 ad
1029 1980 1275 2025 libertatem
1303 1984 1487 2027 vocabat
1516 1986 1705 2039 agrestia
1739 1987 1935 2042 servitia,
1969 1987 2044 2030 sed

326 2048 451 2104 paulo
484 2056 580 2105 post
609 2063 839 2105 oppressus
871 2056 913 2091 et
940 2050 984 2092 in
1016 2049 1167 2093 urbem
1197 2058 1358 2094 tractus
1389 2059 1454 2094 est
1488 2053 1587 2095 Tac.
1620 2068 1659 2096 a.
1686 2058 1725 2104 4,
1757 2057 1828 2098 27.

244 2117 351 2159 1316
382 2116 570 2171 Curtius,
603 2132 732 2173 eques
763 2118 995 2172 Romanus,
1029 2117 1194 2161 deliciis
1223 2119 1425 2162 diffluens
1455 2127 1596 2164 aetate
1625 2121 1813 2177 Augusti
1845 2123 2042 2167 Macrob.

325 2188 404 2227 sat.
435 2188 477 2236 2,
509 2189 548 2236 4,
579 2189 654 2229 22.

246 2254 350 2296 1317
383 2253 570 2308 Curtius,
602 2254 845 2297 causidicus
875 2255 1064 2299 Juvenal.
1096 2259 1163 2306 11,
1188 2260 1242 2299 34
1272 2271 1365 2299 eum
1394 2257 1520 2300 schol.

244 2322 349 2364 1318
381 2322 556 2364 Curtius
597 2322 788 2377 Atticus,
832 2338 961 2380 eques
996 2324 1215 2367 Romanus
1255 2324 1454 2380 illustris,
1498 2327 1722 2370 Tiberium
1759 2342 1872 2370 anno
1903 2330 1957 2371 26
1997 2330 2042 2371 in

327 2390 610 2446 Campaniam
638 2393 864 2434 comitatus
896 2399 960 2434 est
986 2393 1083 2435 Tac.
1111 2408 1150 2435 a.
1181 2397 1220 2444 4,
1252 2397 1329 2445 58,·
1361 2394 1543 2437 Seianus
1572 2395 1682 2438 Iulio
1712 2396 1881 2438 Marino
1911 2398 2040 2453 parti-

325 2460 419 2515 cipe
451 2475 548 2502 eum
579 2461 791 2516 oppressit
819 2461 904 2503 ibd.
937 2464 974 2511 6,
1006 2465 1073 2503 10.

243 2528 350 2569 1319
384 2527 590 2582 [CJurtius
613 2529 840 2585 Crispinus
859 2531 996 2572 neseio
1019 2531 1113 2584 quis
1132 2535 1367 2574 recensetur
1387 2533 1433 2574 iu
1454 2532 1656 2575 laterculo
1677 2533 1856 2587 quodam
1874 2534 2039 2576 urbano

324 2596 479 2638 inedito
506 2611 594 2639 uua
625 2611 716 2639 eum
742 2599 957 2650 Quintillo,
988 2598 1255 2654 [Pilsibauio
1285 2600 1458 2654 Lepido,
1497 2600 1692 2644 Cornelio
1720 2601 1939 2657 Dext[ro].

245 2665 350 2706 1320
379 2664 459 2708 Cn.
492 2664 669 2707 Curtius
710 2667 960 2723 Dexippus,
1004 2675 1176 2710 curator
1207 2669 1422 2726 (λογιστὴς)
1454 2670 1642 2712 civitatis
1671 2669 2039 2712 Chaeronensium

324 2733 626 2786 Inscriptioues
652 2734 860 2777 Graeciae
890 2735 1097 2789 Septentr.
1122 2737 1157 2779 I
1176 2740 1288 2780 3426
1319 2740 1346 2781 t.
1376 2737 1696 2780 Ghaeroueusis.

243 2801 345 2842 1321
381 2807 421 2843 O.
464 2807 672 2844 CVRTIVS
709 2809 895 2846 IVSTVS.
971 2804 1124 2846 Tituli:
1160 2806 1200 2847 ei
1227 2806 1397 2860 positus
1437 2809 1496 2848 est
1531 2805 1692 2849 V5809
1723 2807 1783 2862 (1)
1823 2807 2036 2851 Mediola-

322 2869 462 2911 ueusis
509 2870 702 2920 mutilus,
752 2876 1008 2914 memoratur
1057 2874 1101 2915 iu
1150 2877 1177 2916 t.
1218 2877 1509 2917 veteranorum
1548 2874 1830 2918 Vimiuaeeusi
1868 2875 1957 2918 III
1988 2875 2036 2920 S.

324 2940 433 2978 8110
464 2937 525 2992 (2)
564 2938 736 2981 honesta
775 2941 969 2983 missione
1007 2942 1250 2993 missorum,
1292 2943 1364 2996 qui
1402 2942 1589 2986 militare
1625 2947 1848 2998 coeperant
1888 2958 1927 2987 a.
1957 2947 2038 2986 134

325 3008 364 3046 et
393 3008 484 3048 135.

409 3073 550 3115 Plena
587 3076 759 3116 uomina
797 3090 1048 3131 quamquam
1087 3078 1239 3122 litteris
1268 3079 1476 3121 mutilatis
1506 3079 1670 3122 exhibet
1699 3083 1727 3122 t.
1758 3083 1805 3130 1,
1846 3079 2038 3136 Cur[tius

322 3142 482 3195 Ius]tus
504 3145 531 3184 t.
554 3146 596 3184 2.
621 3169 671 3174 —
696 3142 744 3185 C.
766 3143 807 3197 f.,
841 3145 956 3187 tribu
977 3146 1068 3190 Pol.
1092 3150 1120 3189 t.
1142 3151 1180 3189 1.
1202 3171 1258 3177 —
1280 3146 1441 3190 Consul
1473 3145 1687 3200 (suffectus
1710 3148 1786 3190 sub
1808 3147 2037 3190 Hadriano

323 3209 384 3250 vel
407 3209 516 3263 Pio),
548 3210 706 3252 sodalis
738 3211 987 3266 Augustalis
1018 3218 1046 3257 t.
1068 3218 1117 3267 1,-
1145 3215 1310 3270 legatus
1342 3216 1443 3272 imp.
1474 3215 1596 3258 Caes.
1619 3215 1668 3260 T.
1691 3215 1804 3258 Aelii
1828 3215 2037 3258 Antonini

326 3278 390 3318 Pii
424 3309 575 3320 ......
608 3282 636 3320 t.
658 3282 683 3320 1
703 3299 757 3312 Ξ
784 3279 879 3334 [leg.
903 3281 1029 3336 Aug]
1062 3298 1125 3338 pr.
1148 3299 1211 3341 pr.
1236 3283 1442 3338 (Moesiae
1469 3284 1720 3343 superioris)
1751 3285 1866 3329 circa
1897 3299 1937 3329 a.
1960 3286 2036 3329 155

322 3345 383 3387 vel
405 3346 537 3403 paulo
561 3350 661 3405 post
690 3351 717 3389 t.
742 3349 784 3394 2.
