2202 3730
130 271 350 314 CLAVDIV
352 273 377 309 S
989 270 1074 314 387
1689 279 1936 317 CLAVDIVS

214 403 342 459 simo)
374 410 416 447 et
443 405 584 461 primo
614 425 671 441 =
699 421 739 451 a.
770 407 870 450 249.
924 408 1078 462 Itaque
1117 411 1275 451 certum
1314 412 1375 452 est
1403 409 1577 453 eundem
1606 423 1692 453 esse
1719 410 1938 454 Marinum

212 472 287 526 qui
325 471 482 515 dicitur
510 473 667 518 Zosim.
698 478 737 525 1,
769 478 842 518 20.
872 479 953 527 21,
985 476 1145 521 Zonar.
1178 480 1249 528 12,
1279 480 1357 529 19;
1393 477 1593 520 Marinus
1631 493 1659 521 a
1694 478 1937 534 legionibus

214 540 465 583 Pannoniae
504 547 547 584 et
584 542 775 585 Moesiae
805 544 882 599 (sic
911 544 1086 595 Zosim.,
1126 545 1262 588 solum
1290 545 1500 588 Moesiam
1527 550 1732 590 memorat
1759 547 1937 604 Zonar.)

213 608 447 665 imperator
475 617 749 667 nuncupatus
779 611 859 654 sub
889 612 1019 654 finem
1059 614 1228 670 imperii
1259 613 1452 671 Philippi
1491 615 1620 672 paulo
1653 622 1753 672 post
1785 616 1840 659 ab
1870 616 1940 658 iis-

212 676 312 719 dem
341 678 592 721 interfectus
623 686 709 734 est3
749 687 899 723 eontra
939 681 1162 724 seditionis
1201 688 1398 724 auctores
1428 682 1496 737 (O.
1526 683 1729 739 Messius)
1760 684 1938 739 Decius,

216 747 292 802 qui
323 746 507 789 subinde
537 748 776 804 imperavit,
814 765 840 792 a
870 748 1071 806 Philippo
1101 751 1258 793 missus
1289 757 1354 794 est
1382 750 1591 803 Zosimus,
1622 752 1822 795 Zonaras
1852 752 1879 795 l.
1911 751 1939 795 l.

216 828 269 856 ex
294 814 434 858 eodem
464 819 647 861 auctore.

130 881 213 925 743
242 890 416 926 APPIVS
449 885 734 940 CL(AVDIVS)
763 892 1053 929 MARTIALIS.
1114 886 1292 929 Nummi
1320 887 1543 930 Thracici:
1583 888 1626 942 a)
1657 888 1860 932 Serdicae
1893 889 1940 931 in

208 954 339 1006 parte
359 952 538 995 adversa
557 954 722 996 exhibet
741 958 870 1009 caput
889 954 1047 997 nudum
1072 955 1344 1010 imperatoris
1362 956 1414 998 L.
1446 956 1546 999 Veri
1564 960 1605 1000 et
1622 958 1938 1012 inscriptionem

214 1017 288 1062 Αὐ.
318 1018 412 1063 Και.
442 1021 488 1063 Λ.
525 1020 722 1080 Αὐρήλιος
760 1022 937 1079 Οὐῆρος,
979 1023 1024 1065 in
1063 1036 1212 1066 aversa
1239 1022 1543 1078 Aesculapium
1580 1028 1761 1067 stantem
1801 1028 1841 1067 et
1875 1025 1940 1066 in-

211 1089 482 1143 scriptionem
512 1088 885 1148 Ἡγε(μονεΰοντος)
920 1089 998 1134 Κλ.
1035 1089 1190 1134 Ἀππίου
1227 1096 1496 1134 ΜΑΡἸἸΛΛΟΥ
1526 1092 1687 1150 Σερὸῶν
1721 1091 1939 1142 Fro‘hlich,

214 1156 423 1210 Quattuor
458 1159 694 1201 tentamina
722 1160 844 1214 Hp.
865 1163 964 1210 216,
1004 1159 1187 1210 Echhel,
1228 1159 1418 1215 Cataloy.
1449 1162 1584 1203 musei
1612 1160 1941 1204 Vindobonensis

213 1225 248 1267 I
270 1240 319 1279 p.
350 1229 403 1268 61
431 1240 474 1269 n.
506 1230 533 1268 1
573 1227 688 1283 (inde
728 1228 927 1271 Mionnet
964 1227 1116 1284 Suppl.
1146 1228 1209 1271 II
1231 1244 1281 1283 p.
1309 1231 1397 1271 484
1434 1244 1476 1273 n.
1506 1232 1644 1285 1657),
1686 1229 1761 1272 sed
1788 1231 1942 1283 postea

214 1293 399 1345 Echhel,
441 1294 591 1338 Doctr.
625 1296 754 1340 Num.
784 1296 847 1339 II
859 1311 908 1351 p.
937 1299 991 1338 47
1021 1297 1076 1350 cf.
1099 1311 1148 1350 p.
1178 1299 1238 1339 20
1269 1296 1369 1351 leyit
1404 1297 1614 1352 ediditque
1647 1300 1940 1350 MAPTIAA01‘3

214 1363 324 1405 idem
350 1362 545 1419 Gataloy.
566 1364 594 1407 l.
616 1364 642 1407 l.
667 1368 770 1419 post
797 1379 911 1407 num.
939 1379 967 1406 a
995 1364 1163 1407 attulit:
1195 1366 1237 1407 ε2
1258 1364 1396 1419 Alius,
1429 1365 1506 1407 sed
1527 1371 1658 1421 caput
1682 1364 1939 1418 laureatum,

215 1437 258 1472 et
295 1430 451 1474 mulier
489 1432 643 1474 sedens
683 1448 715 1475 s.
758 1434 1061 1489 cornucopiae’
1095 1432 1209 1487 (inde
1236 1433 1434 1475 Miormet
1464 1433 1491 1478 l.
1523 1433 1549 1476 l.
1579 1448 1623 1476 n.
1656 1433 1795 1488 1658),
1834 1446 1942 1487 quae

212 1500 342 1542 verba
370 1501 445 1554 qui
473 1501 593 1556 le9it,
632 1515 719 1544 non
737 1505 882 1556 potest
908 1516 994 1545 non
1015 1505 1176 1556 putare
1203 1501 1314 1544 hunc
1342 1516 1559 1544 nummum
1589 1505 1768 1545 ceterum
1798 1499 1941 1542 eadem

214 1569 424 1623 inscripta
453 1569 609 1612 habere
639 1573 764 1624 atque
792 1585 906 1614 num.
938 1585 978 1613 a.
1035 1569 1176 1624 Atque
1204 1570 1367 1612 Echhel
1393 1571 1485 1624 ipse
1513 1569 1663 1612 Doctr.
1695 1569 1722 1613 l.
1756 1569 1780 1611 l.
1814 1568 1942 1610 Mar-

214 1635 359 1679 tialem
379 1637 582 1681 Serdicae
606 1639 666 1680 ‘in
686 1638 801 1681 binis
823 1640 1011 1681 nummis
1032 1639 1153 1681 Veri’
1186 1640 1418 1681 memorari
1445 1639 1627 1693 scripsit.
1677 1638 1739 1679 At
1767 1652 1814 1679 re
1842 1651 1943 1679 vera

210 1719 324 1749 num.
354 1708 387 1748 2
426 1706 474 1748 in
503 1710 636 1761 parte
675 1721 825 1750 aversa
858 1707 968 1750 nihil
998 1708 1086 1750 nisi
1111 1721 1262 1750 nomen
1291 1707 1494 1750 Serdicae
1523 1707 1774 1761 inscriptum
1802 1706 1939 1748 habet.

213 1772 255 1827 b)
297 1773 420 1817 Male
459 1774 690 1831 descriptus
729 1779 790 1818 est
827 1789 1023 1818 nummus
1063 1775 1266 1819 Serdicae
1303 1775 1498 1830 Wiczay,
1540 1775 1741 1818 Museum
1779 1774 1941 1817 Heder-

210 1843 437 1885 varianwm
483 1844 519 1886 I
531 1858 579 1899 p.
601 1847 655 1888 95
682 1858 724 1889 n.
745 1847 856 1888 2459
886 1844 1000 1900 (inde
1022 1844 1219 1887 Mionnet
1250 1844 1277 1887 l.
1307 1844 1334 1889 l.
1364 1858 1406 1887 n.
1431 1844 1567 1899 1656).
1628 1843 1665 1898 c)
1695 1842 1856 1886 FaLsus
1882 1845 1943 1885 est

212 1924 405 1954 nummus
423 1911 642 1964 Anchiali,
663 1927 782 1967 quem
800 1927 851 1955 ex
869 1913 1077 1968 Ayostino
1097 1912 1169 1968 (cf.
1189 1912 1363 1964 Eckhel‚
1389 1912 1539 1956 Doctr.
1552 1927 1710 1955 numm.
1730 1912 1792 1954 II
1796 1926 1845 1966 p.
1866 1910 1941 1965 20)

125 1972 135 1974 ⁷
211 1981 389 2035 surrepsit
413 1980 615 2032 Vaillwnt,
640 1981 915 2024 Numismata
940 1982 1244 2036 imperatorum
1266 1995 1314 2036 p.
1335 1985 1399 2025 22
1429 1981 1544 2036 (inde
1570 1981 1767 2024 Mionnet
1788 1979 1940 2034 Suppl.

210 2048 274 2091 II
285 2063 334 2103 p.
352 2052 438 2092 216
464 2063 506 2092 n.
528 2049 610 2104 63).
661 2050 705 2106 d)
733 2049 955 2093 Genuinus
982 2063 1068 2092 esse
1090 2053 1231 2104 potest
1257 2063 1451 2092 nummus
1473 2049 1683 2092 Anchiali
1707 2063 1735 2091 a
1755 2048 1943 2092 Sestinio

214 2116 447 2172 descriptus
473 2118 640 2160 Lettere
674 2133 695 2161 e
730 2118 1026 2162 dissertazioni
1058 2118 1378 2160 numismatiche
1418 2117 1465 2160 di
1502 2118 1820 2161 continuazione
1859 2115 1939 2158 IV

210 2200 257 2240 p.
281 2188 335 2228 51
365 2185 479 2240 (inde
510 2185 707 2228 Mionnet
736 2186 887 2240 Sumal,
920 2187 983 2229 II
995 2201 1044 2241 p.
1076 2189 1165 2230 217
1190 2199 1231 2228 n.
1255 2186 1339 2241 69),
1380 2187 1454 2240 qui
1487 2186 1534 2228 in
1569 2185 1747 2228 adversa
1777 2184 1942 2227 exhibet

213 2257 342 2308 caput
371 2253 437 2296 M.
458 2253 633 2296 Aurelii
660 2257 699 2296 et
727 2254 1043 2309 inscriptionem
1062 2252 1137 2296 Αὐ.
1158 2253 1249 2297 Και.
1270 2253 1328 2296 Μ.
1351 2252 1582 2312 Αὐρήλι(ος)
1605 2251 1863 2304 Ἀντωνεῖνός,
1895 2253 1942 2294 in

214 2336 364 2365 aversa
382 2322 570 2364 traditur
590 2326 690 2363 ΗΓΕ.
713 2326 762 2363 Μ.
793 2322 937 2376 (immo
958 2322 1115 2377 HFEM.)
1143 2327 1218 2364 An.
1242 2326 1318 2364 KA.
1342 2326 1612 2363 ΜΑΡΤΙΑΛΟΥ
1636 2324 1914 2363 ΑΓΧΙΑΛΕΩΝ.

303 2389 423 2445 Quod
442 2391 489 2432 in
517 2404 685 2433 nummo
711 2405 739 2434 a
762 2390 924 2433 Eckhel
951 2390 1073 2433 modo
1092 2394 1371 2438 ΜΑΡΤΙΛΛΟΥ,
1391 2390 1514 2432 modo
1536 2393 1806 2431 ΜΑΡΤΙΑΛΟΥ
1827 2388 1937 2443 leyit,

210 2474 305 2503 cwm
319 2458 514 2502 Martilli
531 2473 754 2514 coynomen
771 2473 980 2513 nusquam
994 2459 1105 2513 quod
1122 2459 1256 2501 sciam
1275 2458 1526 2508 inveniatur,
1542 2472 1631 2500 rem
1645 2457 1743 2500 inde
1757 2458 1940 2511 fortasse

212 2526 508 2582 explicandam
539 2527 831 2582 coyitavemm,
864 2527 975 2581 quod
1002 2528 1048 2569 in
1076 2526 1153 2569 hoc
1180 2540 1361 2576 nummo,
1391 2529 1439 2568 ut
1466 2539 1593 2580 saepe
1624 2527 1670 2568 in
1705 2525 1938 2575 Thracicis,

211 2604 245 2638 A
276 2595 441 2639 litterae
469 2596 612 2649 forma
641 2598 814 2650 aperta,
852 2609 960 2650 quae
988 2594 1097 2637 nihil
1127 2594 1294 2637 diversa
1322 2597 1383 2637 est
1412 2609 1441 2636 a
1471 2593 1643 2636 lambda
1674 2593 1829 2644 littera,
1863 2593 1938 2635 ad-

211 2664 349 2706 hibita
388 2666 504 2707 esset.
569 2665 833 2718 Quamquam
873 2667 1011 2706 autem
1050 2663 1098 2705 in
1127 2667 1202 2704 KA.
1227 2667 1397 2704 ΑΙΠΙΙΟΥ
1426 2667 1458 2703 Α
1488 2668 1531 2704 et
1559 2667 1589 2703 A
1624 2662 1790 2704 litterae
1830 2664 1939 2703 certe

214 2732 437 2774 distinctae
475 2735 594 2782 sunt,
634 2735 684 2774 ut
716 2731 857 2774 Iulius
893 2745 974 2774 von
1015 2730 1193 2774 Schaler
1228 2730 1560 2773 Vindobonensis
1597 2744 1765 2772 nummo
1805 2730 1938 2772 denuo

213 2801 456 2843 examinato
498 2799 605 2842 mihi
641 2800 813 2855 scripsit
851 2803 892 2842 et
930 2800 1155 2854 confirmat
1193 2802 1404 2854 ectypwm,
1449 2799 1562 2853 quod
1600 2798 1709 2841 idem
1749 2798 1939 2841 benevole

211 2869 339 2919 misit,
380 2872 520 2910 tamen
549 2868 716 2911 litterae
742 2871 846 2923 post
877 2873 1008 2910 MAPT
1041 2868 1106 2910 ita
1135 2867 1314 2909 detritae
1340 2869 1453 2917 sunt,
1482 2870 1531 2909 ut
1566 2870 1675 2909 certe
1690 2871 1693 2874 ’
1706 2865 1940 2908 diiudicari

211 2951 296 2980 non
328 2937 489 2991 possit,
528 2939 672 2978 utrum
709 2937 871 2990 fuerint
904 2941 966 2977 AA
1006 2949 1064 2978 an
1092 2940 1166 2979 ΑΛ.
1235 2935 1388 2988 Itaque
1427 2934 1527 2977 dum
1563 2948 1758 2977 nummus
1790 2934 1939 2977 melius

210 3007 402 3048 servatus
441 3007 480 3046 et
519 3007 627 3046 certe
667 3004 901 3058 descriptus
936 3005 984 3046 in
1014 3003 1236 3058 publicum
1266 3002 1464 3057 prodeat,
1504 3003 1593 3046 veri
1621 3002 1730 3045 mihi
1757 3002 1938 3045 similius

211 3074 376 3116 videtur
404 3072 525 3115 illum
553 3073 762 3115 hominem
789 3073 922 3126 fuisse
948 3071 1216 3122 Martialem,
1246 3085 1333 3114 non
1363 3071 1625 3116 Martillum.
1689 3071 1769 3114 Vix
1799 3074 1939 3114 autem

213 3145 353 3184 autem
389 3154 493 3195 opus
531 3143 594 3183 est
629 3155 796 3183 monere
832 3139 1020 3183 Graecos
1057 3153 1208 3182 nomen
1247 3139 1478 3182 Martialis
1515 3139 1749 3182 reddidisse
1788 3142 1828 3181 et
1854 3153 1937 3193 per

211 3210 455 3267 Μαρτιάλιος
474 3212 514 3251 et
528 3223 612 3263 per
632 3208 850 3265 Μαρτιᾶλις
873 3212 912 3251 et
933 3222 1019 3262 per
1036 3206 1268 3265 Μαρτιάλης
1286 3208 1342 3262 cf.
1361 3207 1431 3251 CI
1430 3208 1471 3251 G
1493 3208 1582 3251 III
1598 3207 1713 3250 Add.
1736 3206 1934 3257 3846234,

210 3277 323 3321 IGI
344 3280 457 3322 1572
484 3297 540 3312 =
568 3276 679 3320 OIG
708 3279 831 3327 6512,
864 3276 976 3319 IGI
993 3278 1104 3319 2545
1131 3296 1187 3310 --
1219 3274 1328 3319 GIG
1356 3279 1476 3320 6959.

299 3346 489 3401 Legatus
529 3345 847 3400 (Augustorum
888 3359 966 3401 pro
1010 3344 1227 3401 praetore)
1269 3345 1518 3401 provinciae
1563 3344 1778 3388 Thraciae
1822 3344 1936 3386 intra

211 3429 251 3459 a.
284 3414 465 3458 161s169
492 3415 668 3458 nummi.
1588 3422 1662 3459 25*
