2202 3730
263 267 600 303 ARTAXERXES
1132 260 1214 302 152
1733 268 2067 306 ARTAXERXES

263 400 346 441 960
378 398 666 450 Artaxerxes,
713 398 878 452 primus
917 402 1014 451 post
1053 396 1236 438 Parthos
1281 411 1414 452 regno
1461 397 1662 453 depulsos
1706 413 1787 440 rex
1828 399 2070 441 Persarum.

356 467 519 509 Titulus
548 467 635 507 eius
660 479 810 519 craece
839 465 1021 518 scriptus
1042 465 1086 506 in
1109 464 1196 507 loco
1219 465 1590 508 Naschki-Ruban
1616 465 1726 509 GIG
1749 469 1857 510 4675
1884 468 1928 510 τὸ
1958 467 2072 524 πρόσ-

348 551 455 577 ωπον
500 533 747 575 Μασὸάσπου
794 533 890 574 θεοῦ
935 530 1183 589 Ἀρτ[α’ς”οίρου
1234 532 1476 591 βα]σιλ[έ]ως
1527 534 1721 591 βασιλέων
1777 533 1958 591 Ἀριανῶν
2011 535 2071 590 [ἐκ

348 601 535 658 γ]έν[ου]ς
585 602 690 643 θεῶν
736 601 819 642 υἱοῦ
864 601 960 642 θεοῦ
1010 599 1235 654 Παποί[κο]υ
1282 600 1519 658 βα[σιλ]έως.
1590 601 1659 643 De
1702 603 1853 656 formis
1890 604 2072 657 persicis

345 670 527 712 nominis
556 667 880 722 Artaehsathra,
913 667 1210 722 Artaehsathr,
1242 669 1469 710 Artachsir
1499 670 1552 723 cf.
1588 669 1788 721 No‘ldeka
1828 670 2072 713 Geschichte

348 737 418 779 des
447 736 674 778 Artachsir
706 737 723 778 i
760 736 974 790 Papalsan
995 751 1041 791 p.
1069 739 1134 780 35.
1194 736 1328 792 Apud
1365 738 1590 792 scriptores
1626 752 1801 792 yraecos
1840 738 2072 797 latinosque

343 806 591 861 plerumque
611 805 879 847 Artaxerxes
902 805 1027 860 (male
1046 805 1218 847 Xerxes
1246 805 1388 848 Victor
1411 805 1530 848 Caes.
1547 810 1616 857 24,
1634 810 1677 858 2,
1699 807 1938 862 Eutropius
1954 810 1996 858 8,
2009 810 2072 851 22

347 874 464 930 [inde
504 874 788 928 Hieronymus
828 873 968 917 chron.
1011 873 1069 915 ad
1106 887 1145 917 a.
1186 873 1295 915 Abr.
1324 873 1475 929 2239J,
1517 874 1672 917 Festus
1710 879 1784 926 22,
1826 876 1899 929 qui
1933 889 2073 918 omnes

348 943 487 985 codem
518 946 686 984 auctore
723 942 793 984 usi
829 944 967 997 sunt);
1007 939 1238 999 Ἀρταξάρης
1279 941 1395 996 apud
1420 941 1656 996 Ayathiam
1686 943 1799 998 (inde
1830 941 2071 1000 Ἀρταξέρξου

347 1015 415 1054 τοῦ
445 1013 508 1054 καὶ
540 1008 768 1067 Ἀρταξάρου
802 1010 1021 1064 Syncellus
1042 1024 1090 1064 p.
1112 1012 1206 1060 678,
1229 1012 1284 1065 6).
1451 1027 1454 1031 ·

433 1080 593 1135 Papaei
624 1079 738 1133 regis
767 1078 881 1120 filius
913 1079 996 1128 tit.,
1033 1078 1169 1121 ‘Sohn
1200 1078 1276 1120 des
1307 1078 1461 1121 Pabak
1493 1065 1598 1131 ἔὲιὴ,
1632 1079 1800 1134 Kssnigs
1830 1094 1916 1122 von
1948 1080 2069 1123 Chir‘

353 1148 516 1191 Tabari
554 1147 615 1190 ed.
649 1147 837 1189 Noldeke
873 1161 915 1200 p.
948 1150 998 1198 1,·
1039 1146 1224 1204 Παβέκου
1265 1146 1347 1193 υἱός
1384 1146 1598 1201 Ayathias
1632 1151 1675 1197 2,
1708 1151 1769 1191 27
1805 1147 1878 1202 (cf.
1910 1148 1960 1190 de
1993 1148 2074 1191 hac

345 1217 486 1270 forma
504 1216 751 1269 neopersica
774 1215 974 1265 Noldeke,
1005 1214 1247 1257 Geschichte
1268 1229 1316 1269 p.
1337 1218 1392 1258 35
1420 1219 1506 1258 not.
1526 1215 1587 1269 2).
1640 1215 1802 1258 Contra
1827 1216 1983 1273 λέγεται
2001 1218 2072 1274 τὴν

347 1289 414 1328 τοῦ
446 1283 673 1341 Ἀρταξάρου
711 1284 863 1341 μητέρα
895 1283 1065 1341 Παβέκῳ
1097 1282 1320 1342 (Παμβεκῷ
1352 1284 1539 1326 traditur
1571 1284 1687 1339 apud
1717 1285 1972 1339 Syncellum)
2003 1287 2074 1328 τινὶ

348 1354 609 1409 Ευνῳκηκέναι
639 1355 862 1396 παντάπασι
894 1354 964 1409 μὲν
992 1354 1230 1410 ἀσημοτάτῳ
1261 1355 1326 1395 καὶ
1352 1352 1582 1409 σκυτοτόμῳ
1603 1355 1672 1410 τὴν
1694 1353 1839 1410 τέχνην
1860 1353 2075 1408 Αραίἤὶαε

347 1426 390 1473 2,
417 1426 479 1465 27
507 1423 578 1475 (=
605 1421 823 1475 Syncellus
844 1435 891 1475 p.
915 1423 1022 1478 677),
1053 1421 1130 1462 ubi
1159 1424 1198 1463 et
1228 1421 1316 1462 alia
1348 1421 1548 1475 fabulosa
1574 1421 1805 1463 Persarum
1835 1422 1884 1465 de
1914 1423 2075 1477 oriyine
2102 1466 2104 1474 ¹

347 1491 609 1533 Artaxerxis
629 1490 913 1544 proferuntur
943 1491 984 1532 ἐν
1009 1491 1092 1535 ταῖς
1124 1491 1332 1547 βασιλείοις
1363 1490 1568 1546 διφθέραις
1589 1489 1694 1544 (scil.
1716 1489 1964 1545 Persarum)
1985 1493 2075 1534 ἀνα·
2112 1515 2117 1519 ·

349 1558 616 1616 γεγραμμένα.
673 1558 793 1611 Quod
822 1557 937 1611 apud
957 1558 1177 1599 Zonaram
1208 1561 1275 1608 12,
1308 1561 1361 1600 15
1382 1572 1430 1612 p.
1453 1561 1549 1607 121,
1582 1561 1610 1599 3
1639 1557 1772 1600 Dind.
1803 1558 2075 1601 Artaxerxes

350 1627 506 1670 dicitur
546 1628 587 1673 ὃς
627 1627 666 1673 ἐξ
697 1628 864 1682 ἀφανῶν
894 1628 958 1668 καὶ
999 1625 1148 1672 ἀδόξων
1179 1626 1225 1682 ἦν
1259 1626 1330 1679 (cf.
1363 1625 1580 1680 Ayathiae
1609 1626 1738 1668 verba
1766 1629 1810 1677 2,
1840 1630 1899 1670 26
1938 1627 2077 1674 ἄδοξος

350 1697 420 1752 μὲν
460 1696 508 1738 τὰ
547 1700 683 1752 πρῶτα
722 1697 786 1738 καὶ
826 1694 1126 1752 ἀφανέστατος),
1164 1709 1249 1736 non
1285 1709 1335 1736 ex
1363 1693 1505 1736 Dione
1544 1698 1712 1749 sumpta
1741 1698 1858 1747 sunt;
1895 1710 1997 1738 nam
2027 1696 2076 1739 de

348 1765 473 1806 rebus
498 1763 768 1813 Artaxerxis,
799 1763 1041 1804 Alexandri
1061 1762 1217 1813 Severi,
1254 1763 1491 1805 Maximini
1509 1763 1708 1805 Zonaras
1738 1764 1920 1818 epitoma
1939 1763 2076 1807 Hero-

351 1833 472 1875 diani
499 1845 600 1874 usus
629 1834 700 1881 est,
733 1832 804 1873 cui
822 1834 999 1887 praeter
1027 1830 1231 1872 nonnulla
1262 1845 1312 1873 ex
1340 1831 1527 1873 Eusebio
1557 1834 1727 1886 sumpta
1757 1831 1924 1874 addidit
1952 1846 2078 1886 quae-

351 1901 449 1943 dam
478 1915 526 1942 ex
558 1900 765 1942 chronicis
787 1898 978 1953 Syncello
1007 1899 1247 1949 simillimis,
1278 1899 1407 1941 veluti
1436 1899 1490 1952 cf.
1510 1914 1557 1953 p.
1580 1902 1676 1949 121,
1697 1902 1723 1942 5
1754 1899 1826 1956 ἀφ’
1849 1901 1894 1942 οὔ
1922 1901 2077 1957 λέγεται

350 1973 413 2013 καὶ
442 1971 485 2012 τὸ
518 1968 700 2025 Χοσρόου
732 1969 975 2025 κατάγεσθαι
1004 1968 1118 2024 γένος
1139 1988 1194 2002 =
1215 1967 1433 2023 Syncellus
1454 1982 1503 2021 p.
1526 1970 1619 2018 678,
1647 1971 1674 2009 6
1693 1969 1732 2015 ἐξ
1763 1969 1917 2011 ἐκείνου
1948 1969 2075 2012 τοίνυν

349 2043 416 2082 τοῦ
444 2037 698 2095 Ἀρταξέρξου,
730 2040 798 2079 τοῦ
827 2039 891 2079 καὶ
916 2034 1157 2093 Ἀρταὲάρου,
1189 2037 1232 2079 τὸ
1265 2035 1447 2092 Χοσρόου
1478 2039 1688 2093 κατάγεται
1716 2036 1843 2093 γένος.

437 2107 670 2162 Postquam
715 2105 944 2161 imperium
986 2106 1029 2146 in
1061 2104 1240 2146 Perside
1271 2107 1465 2161 sumpsit,
1498 2111 1649 2147 eontra
1678 2105 1950 2147 Artabanum
1980 2095 2075 2160 pre·

351 2175 489 2216 fectus
512 2173 651 2216 tribus
672 2172 849 2229 proeliis
874 2187 970 2215 eum
993 2174 1098 2214 vicit
1119 2179 1160 2214 et
1180 2173 1360 2229 imperio
1381 2173 1558 2229 vitaque
1581 2174 1702 2215 exuit
1720 2172 1808 2215 Dio
1826 2171 2076 2231 (Xiphilin.)

350 2245 418 2293 80,
450 2246 489 2293 3,
522 2241 757 2284 Herodian.
791 2245 828 2291 6,
861 2244 904 2291 2,
939 2245 977 2291 1,
1010 2241 1207 2283 Zonaras
1237 2244 1307 2291 12,
1340 2243 1405 2291 15,
1435 2241 1650 2295 A9athias
1680 2245 1723 2292 2,
1756 2244 1826 2292 26,
1860 2242 2079 2297 Syncellus

348 2327 396 2366 p.
419 2313 500 2353 677
503 2344 510 2352 .
555 2310 787 2351 Persarum
816 2309 1155 2364 mythhistoriam
1177 2309 1225 2351 de
1247 2309 1324 2351 hoc
1346 2309 1451 2351 bello
1478 2309 1643 2351 exhibet
1667 2309 1892 2353 'chronicon
1917 2310 2080 2359 ,Tabari

349 2394 396 2434 p.
427 2382 480 2421 11
512 2392 597 2432 sqq.
635 2378 830 2420 editionis
875 2377 1076 2421 No'ldeke.
1147 2378 1341 2432 Reynum
1380 2377 1639 2420 Artaxerxis
1677 2378 1893 2433 Ayathias
1930 2382 1978 2430 4,
2018 2383 2077 2423 24

351 2448 607 2501 computavit
635 2446 733 2488 inde
762 2447 815 2488 ab
849 2459 960 2488 anno
992 2446 1312 2488 Seleucidarum
1340 2448 1424 2489 538
1452 2465 1508 2480 =
1540 2446 1578 2488 d.
1610 2450 1635 2487 1
1665 2460 1719 2488 m.
1749 2447 1838 2490 Oct.
1859 2448 2058 2491 2261227
2064 2459 2078 2498 ;

352 2515 461 2558 alios
486 2515 657 2556 initium
685 2515 808 2569 reyni
836 2514 1032 2568 posuisse
1062 2515 1108 2555 in
1135 2528 1246 2556 anno
1277 2513 1450 2556 Persico
1485 2514 1525 2556 d.
1553 2517 1615 2557 27
1643 2529 1697 2557 m.
1734 2515 1850 2569 Sept.
1883 2515 2078 2559 223l224

352 2583 651 2627 demonstravit
682 2583 883 2634 No'ldeke,
921 2583 1084 2625 Tabari
1104 2597 1150 2637 p.
1173 2586 1265 2633 410,
1294 2584 1368 2637 qui
1398 2583 1436 2625 d.
1467 2585 1527 2626 28
1554 2597 1608 2627 m.
1639 2583 1783 2638 April.
1816 2584 1887 2638 (cf.
1914 2584 2079 2626 Tabari

347 2666 396 2707 p.
419 2652 486 2706 14)
518 2666 558 2693 a.
584 2655 672 2694 224
703 2652 811 2693 inter
841 2651 1026 2693 Parthos
1066 2654 1104 2693 et
1134 2645 1294 2693 Persas
1332 2651 1584 2693 decertatum
1621 2665 1706 2694 esse
1743 2652 1956 2694 conclusit.
2015 2651 2079 2694 At

351 2721 441 2762 veri
468 2720 649 2762 similior
677 2720 841 2761 videtur
864 2720 1138 2762 ratiocinatio
1162 2719 1447 2762 Gutschmidii
1470 2718 1737 2771 (Geschichte
1756 2720 1889 2762 Irans
1906 2735 1955 2775 p.
1975 2722 2076 2777 162)

349 2789 549 2844 ponentis
569 2802 763 2842 puynam
794 2788 832 2830 d.
861 2791 920 2831 28
949 2802 1002 2829 m.
1034 2787 1178 2842 April.
1211 2802 1250 2830 a.
1272 2791 1366 2831 227
1393 2789 1656 2830 commissam
1686 2801 1785 2830 esse.

442 2856 613 2898 Parthis
663 2855 901 2912 profligatis
945 2855 1214 2898 Artaxerxes
1259 2855 1370 2898 Atra
1415 2855 1490 2897 diu
1538 2856 1826 2912 oppugnavit,
1883 2855 1982 2898 dein
2034 2857 2078 2898 in

353 2924 543 2966 Mediam
565 2931 606 2965 et
623 2923 872 2966 Armeniam
892 2924 1124 2980 profectus,
1144 2938 1229 2980 quo
1255 2923 1469 2966 Artabani
1491 2924 1569 2966 filii
1596 2923 1892 2978 confugerant,
1915 2922 2078 2966 frustra

354 2991 616 3046 subiungere
646 2992 812 3034 studuit
831 2991 920 3035 Dio
941 2987 1188 3046 (Xiphilin.)
1207 2994 1274 3042 80,
1296 2995 1335 3034 3.
1386 2991 1515 3034 Anno
1546 2993 1629 3034 230
1659 2993 1873 3034 Romanos
1905 2991 1961 3034 ad
1990 2990 2076 3033 bel-

354 3059 443 3102 lum
472 3059 688 3102 lacessivit
719 3067 759 3102 et
789 3059 940 3102 Asiam
970 3060 1094 3116 quasi
1124 3061 1217 3102 iure
1247 3059 1417 3102 heredis
1452 3059 1870 3102 Aehaemenidarum
1904 3059 2080 3115 repetiit

353 3127 587 3171 Herodian.
619 3131 655 3178 6,
688 3132 731 3178 2,
764 3131 803 3170 1.
866 3127 934 3170 De
964 3128 1222 3182 expeditione
1253 3127 1430 3170 Persica
1458 3127 1702 3170 Alexandri
1732 3127 1879 3170 Severi
1905 3127 1953 3169 in
1982 3140 2076 3170 con-

354 3196 516 3238 trarias
535 3199 686 3250 partes
717 3196 871 3238 abeunt
895 3197 1078 3250 scriptor
1106 3195 1178 3238 ille
1207 3196 1385 3250 iynotus,
1426 3210 1454 3238 a
1479 3209 1559 3250 quo
1581 3196 1752 3249 pariter
1772 3194 1959 3250 pendent
1987 3195 2078 3237 vita

353 3264 595 3306 Alexandri
617 3266 682 3314 55,
714 3263 867 3314 Victor,
898 3264 1154 3318 Eutropius,
1194 3263 1347 3306 Festus
1377 3263 1403 3306 l.
1436 3263 1462 3306 l.
1495 3261 1604 3315 (cum
1634 3277 1713 3317 quo
1743 3263 1884 3316 facere
1912 3262 2077 3305 videtur

355 3336 395 3375 et
424 3332 642 3387 Syncellus
664 3346 711 3386 p.
735 3334 813 3374 674
841 3345 1078 3375 memorans
1107 3331 1349 3374 Alexandri
1379 3332 1449 3388 τὴν
1486 3331 1586 3375 κατὰ
1612 3330 1776 3387 Περσῶν
1807 3329 2076 3386 εὐδοκίμησιν)
