2202 3730
301 303 543 339 onAvmvs
1146 291 1233 334 386
1850 297 2095 335 eLAvmvs

383 432 490 475 Aen.
522 435 558 482 6,
593 431 790 472 860-886
826 428 881 481 ef.
912 427 1079 470 Donati
1106 426 1177 469 vit.
1209 425 1385 481 Verqilii
1411 426 1581 470 Sueten.
1611 427 1685 471 rel.
1710 427 1770 471 ed.
1793 427 2100 480 Reifferscheid

379 515 428 555 p.
449 502 506 543 62
536 505 577 540 et
606 496 856 552 Propertius
888 494 1025 549 elegia
1053 498 1092 545 4,
1122 496 1189 536 18.

468 567 734 610 Memoratur
765 563 882 606 Plin.
912 577 954 605 n.
986 562 1027 606 h.
1058 566 1096 613 7,
1127 565 1221 613 109,
1257 562 1354 605 Tac.
1386 562 1427 605 h.
1458 567 1497 614 1,
1523 566 1587 614 15,
1621 578 1660 607 a.
1691 568 1729 615 1,
1751 567 1826 616 74,-
1854 567 1893 616 6,
1913 566 1980 615 51,
2009 563 2100 608 Dio

382 639 447 686 53,
467 638 520 677 33
530 648 543 685 ;
571 636 635 683 54,
659 636 697 683 3,
731 631 940 675 Consolat.
972 630 1030 673 acl
1057 631 1225 672 Liviam
1254 644 1290 673 v.
1318 634 1381 673 67.
1411 634 1503 673 441.

299 705 380 747 740
411 710 462 745 M.
496 707 738 744 CLAVDIVS
769 705 1068 741 MARCELLVS
1098 704 1429 753 AESERNINVS,
1462 699 1611 741 consul
1641 715 1678 742 a.
1702 699 1785 742 733
1813 719 1869 735 =
1894 701 1950 743 22
1978 715 2017 743 a.
2048 700 2096 745 C.

382 785 479 813 cum
509 770 559 812 L.
591 768 814 811 Arruntio.
875 767 1145 809 Memoratur
1177 767 1224 809 in
1253 767 1380 821 fastis
1410 765 1662 821 Capitolinis
1692 767 1750 810 ad
1779 782 1818 810 a.
1850 771 1934 810 737
1960 769 2019 824 (1)
2060 771 2100 812 et

381 839 426 881 in
458 839 563 880 actis
590 836 880 879 saecularibus
908 835 1095 890 Auyusti
1121 835 1198 891 (2).

465 907 520 948 In
551 905 792 948 consulatu:
821 903 956 958 plena
989 904 1162 946 nomina
1192 903 1356 946 exhibet
1385 903 1471 946 Dio
1499 903 1585 946 ind.
1619 903 1645 946 l.
1672 906 1737 954 54,
1778 904 1838 946 M.
1869 904 2098 948 Marcellus

379 974 469 1017 Dio
495 977 561 1024 54,
592 977 638 1024 1,
685 972 946 1023 Cassiodor„
988 971 1253 1014 Aeserninus
1283 972 1390 1026 fasti
1415 971 1575 1027 Hydat.
1591 1005 1600 1022 ,
1642 975 1820 1015 ceterum
1848 973 2099 1028 plerumque

379 1040 609 1084 Marcellus
639 1041 758 1094 fasti.
790 1064 841 1069 -—
873 1039 932 1083 M.
966 1038 1174 1082 Claudius
1205 1039 1436 1082 Marcellus
1469 1043 1497 1082 t.
1526 1043 1564 1091 1,
1595 1039 1654 1084 M.
1686 1039 1915 1082 Marcellus
1946 1043 1974 1084 t.
2003 1045 2046 1085 2.

464 1109 522 1153 M.
555 1108 583 1152 f.
614 1108 673 1150 M.
705 1123 747 1152 n.
775 1110 803 1150 t.
825 1111 862 1158 1,
897 1107 957 1149 M.
986 1107 1014 1151 f.
1037 1107 1124 1150 Dio
1145 1107 1247 1158 incl„
1278 1107 1393 1162 filius
1422 1107 1585 1150 videtur
1615 1108 1681 1150 M.
1715 1108 1919 1151 Marcelli
1946 1108 2098 1151 Aeser-

377 1178 471 1220 nini
488 1176 722 1231 quaestoris
750 1190 790 1218 a.
814 1178 894 1218 706
915 1195 970 1210 =
989 1178 1045 1218 48
1072 1175 1162 1218 Dio
1181 1179 1250 1226 42,
1273 1178 1338 1219 15.
1385 1174 1546 1218 Consul
1565 1190 1601 1220 v.
1622 1189 1766 1230 supra.
1791 1202 1842 1206 —
1864 1176 1992 1220 Anno
2016 1177 2097 1221 737

379 1265 434 1280 z
457 1245 508 1288 17
531 1260 567 1288 a.
592 1244 641 1287 C.
665 1245 870 1299 magister
889 1243 1058 1298 collegii
1080 1243 1474 1300 quindecimvirum
1494 1245 1627 1286 sacris
1649 1244 1861 1287 faciundis
1883 1248 1910 1287 t.
1927 1249 1966 1292 1.
1982 1249 2026 1289 2.
2041 1271 2099 1276 -

384 1313 560 1357 onrem
599 1313 719 1355 duxit
755 1312 892 1367 filiam
934 1311 978 1355 0.
1009 1311 1158 1355 Asinii
1195 1312 1423 1363 Pollionis,
1459 1326 1509 1355 ex
1546 1327 1630 1367 qua
1663 1313 1807 1368 yenuit
1844 1314 2099 1357 Marcellum

378 1382 657 1424 Aeserninum
687 1382 760 1435 qui
786 1381 987 1435 sequitur.

295 1452 372 1494 741
407 1457 459 1492 M.
481 1456 725 1492 CLAVDIVS
755 1455 1056 1492 MARCELLVS
1078 1456 1411 1492 AESERNINVS.
1459 1449 1613 1492 Tituli:
1633 1453 1890 1492 memoratur
1909 1451 1955 1493 in
1974 1451 2100 1504 fastis

377 1517 603 1570 Arvalium
624 1516 722 1560 CIL
742 1517 775 1559 I
783 1517 799 1542 2
820 1531 869 1571 p.
893 1520 946 1559 70
972 1516 1044 1572 (1),
1074 1518 1122 1559 in
1148 1517 1269 1572 cippo
1298 1518 1463 1561 urbano
1495 1517 1563 1561 VI
1583 1521 1700 1561 1237
1717 1517 1792 1574 (2),
1823 1519 1870 1561 in
1899 1522 1927 1561 t.
1959 1519 2102 1562 liberti
2189 1571 2193 1574 ι

379 1586 667 1640 Neapolitano
694 1585 743 1628 X
770 1587 877 1628 1448
905 1583 976 1642 (3).

466 1654 525 1697 Μ.
567 1654 776 1698 Claudius
815 1653 1048 1696 Marcellus
1088 1657 1117 1696 t.
1148 1658 1187 1697 1.
1219 1658 1263 1705 2,
1306 1654 1383 1708 (M.
1415 1653 1641 1710 Claudius)
1681 1655 1912 1700 Marcellus
1947 1656 2100 1700 Aeser-

377 1724 504 1765 ninus
535 1726 562 1765 t.
591 1726 642 1774 3,·
681 1721 948 1765 Aeserninus
988 1722 1220 1765 Marcellus
1256 1723 1354 1765 Tac.
1387 1738 1427 1765 a.
1456 1726 1496 1774 3,
1528 1726 1593 1774 11,
1630 1723 1749 1768 Plin.
1781 1739 1822 1767 n.
1853 1725 1894 1768 h.
1926 1728 1995 1777 12,
2026 1730 2097 1777 12,

377 1791 538 1835 Seneca
566 1790 670 1835 rhet.
693 1791 860 1845 passim
870 1803 883 1842 ,·
912 1790 1181 1833 Aeserninus
1217 1791 1315 1833 Tac.
1339 1805 1376 1833 a.
1399 1795 1464 1842 11,
1486 1795 1524 1833 6.
1547 1794 1584 1842 7,
1618 1791 1789 1837 Sueten.
1822 1793 2002 1848 Auyust.
2022 1798 2097 1847 43,·

379 1859 586 1902 Claudius
615 1858 846 1901 Marcellus
876 1859 960 1900 sive
990 1858 1222 1901 Marcellus
1243 1859 1409 1913 passim
1439 1859 1555 1914 apud
1583 1859 1797 1902 Senecam.

462 1926 523 1968 M.
553 1926 583 1969 f.
616 1930 643 1968 t.
667 1930 709 1981 2,
742 1926 858 1981 filius
887 1926 1045 1969 scilicet
1066 1927 1131 1971 M.
1160 1926 1340 1970 Claudii
1359 1927 1564 1969 Marcelli
1590 1928 1770 1970 consulis
1798 1943 1837 1971 a.
1861 1933 1944 1974 732
1963 1950 2019 1966 =
2037 1935 2101 1976 22

379 2010 417 2039 a.
446 1994 506 2045 0„
538 2009 670 2051 nepos
702 1993 751 2037 C.
782 1994 922 2037 Asinii
954 1993 1160 2036 Pollionis
1191 1995 1266 2048 (ex
1293 1994 1398 2049 filia)
1431 1994 1602 2038 Sueton.
1633 1994 1813 2051 Auyust.
1835 2001 1911 2049 43;
1939 1998 2101 2042 Seneca

379 2066 562 2105 controv.
593 2066 620 2105 4
640 2063 783 2117 praef.
815 2065 855 2105 3.
879 2065 919 2104 4.
949 2087 1006 2091 -
1040 2063 1220 2105 Praetor
1250 2064 1503 2119 peregrinus
1533 2078 1572 2105 a.
1605 2064 1658 2106 19
1688 2079 1730 2120 p.
1760 2063 1810 2108 C.
1840 2068 1869 2108 t.
1898 2069 1949 2118 1,·
1988 2067 2102 2116 inter

381 2131 573 2187 quinque
605 2137 824 2173 curatores
855 2131 1047 2187 riparum
1078 2137 1120 2173 et
1151 2130 1262 2173 alvei
1294 2131 1464 2174 Tiberis
1494 2130 1662 2186 (quarto
1698 2132 1803 2188 loco)
1835 2137 1863 2176 t.
1892 2137 1936 2178 2.
1994 2134 2100 2178 Gon-

382 2199 511 2241 sulem
539 2198 760 2250 suffectum
799 2212 885 2241 esse
915 2213 965 2241 ex
992 2199 1130 2241 verbis
1165 2199 1304 2242 Taciti
1333 2214 1372 2242 a.
1403 2203 1469 2250 11,
1496 2203 1522 2242 6
1555 2200 1626 2242 ‘ad
1657 2215 1824 2244 summa
1853 2209 2097 2258 provectos‘

380 2267 588 2321 Boryhesi
618 2281 710 2321 opp.
732 2267 822 2309 III
836 2282 883 2321 Ρ.
905 2270 986 2309 346
1014 2267 1132 2309 haud
1160 2270 1268 2310 certe
1298 2267 1485 2322 colleyit;
1523 2282 1653 2322 neque
1693 2269 1801 2311 enim
1830 2284 1882 2312 ex
1909 2273 2102 2314 contextu

380 2336 598 2378 verborum
634 2348 796 2377 necesse
833 2338 893 2377 est
922 2349 1082 2389 ponere
1120 2335 1197 2378 hoc
1233 2335 1322 2379 loco
1355 2336 1425 2378 ‘ad
1457 2343 1636 2379 summa‘
1671 2337 1780 2379 idem
1809 2338 1948 2381 valere
1978 2342 2100 2393 atque

385 2403 460 2445 ‘acl
487 2416 667 2445 summos
695 2402 903 2445 honores².

470 2472 585 2513 Puer
624 2477 768 2512 tantae
807 2469 983 2525 indolis,
1026 2477 1074 2513 ut
1114 2470 1250 2513 Pollio
1291 2470 1346 2513 ad
1388 2470 1510 2513 illum
1541 2473 1756 2528 pertinere
1786 2475 2100 2518 successionem

384 2538 652 2595 eloquentiae
685 2553 787 2580 suae
817 2539 1012 2581 crederet
1043 2539 1205 2582 Seneca
1235 2533 1415 2583 controv.
1445 2543 1473 2582 4
1491 2541 1636 2595 praef.
1666 2545 1704 2585 4.
1764 2542 1883 2584 Inter
1912 2543 2102 2598 insignes

385 2613 574 2649 oratores
605 2607 866 2648 recentiores
894 2614 1156 2649 memoratur
1182 2608 1279 2650 Tac.
1303 2622 1343 2650 a.
1366 2611 1430 2658 11,
1455 2611 1492 2650 6.
1544 2608 1622 2651 Cn.
1655 2609 1754 2651 Piso
1786 2625 1884 2653 reus
1914 2625 2026 2654 anno
2047 2613 2103 2655 20

382 2674 543 2716 frustra
573 2689 671 2716 eum
701 2680 932 2730 patronum
959 2675 1085 2731 petiit
1113 2675 1199 2718 ibd.
1220 2679 1259 2726 3,
1282 2679 1347 2720 11.
1400 2675 1648 2718 Sententiae
1678 2678 1768 2720 eius
1800 2677 1962 2721 Seneca
1986 2693 2100 2722 suas.

382 2746 426 2792 2,
457 2745 502 2793 95
533 2745 570 2792 6,
591 2745 630 2792 4,
652 2746 718 2792 10,
751 2746 1000 2786 controvers.
1031 2748 1073 2794 2,
1099 2745 1138 2794 5,
1162 2747 1208 2795 9;
1236 2747 1275 2794 7,
1298 2747 1338 2794 1,
1358 2746 1397 2786 5.
1419 2748 1506 2796 ,2,2;
1537 2748 1574 2796 7,
1594 2749 1637 2800 ,2,
1659 2749 1736 2797 10,·
1766 2749 1803 2797 7,
1829 2750 1868 2797 4,
1891 2750 1930 2790 1.

468 2810 520 2851 In
549 2810 705 2851 Troiae
734 2809 850 2866 luso,
893 2825 1018 2868 quem
1050 2811 1276 2867 Augustus
1307 2811 1463 2867 edidit,
1508 2827 1614 2869 puer
1643 2828 1742 2856 crus
1773 2814 1901 2870 fregit
1929 2815 2100 2859 Sueton.

385 2877 411 2920 l.
440 2877 466 2919 l.
497 2902 553 2906 —
581 2877 697 2919 Ditis
728 2878 914 2922 familiae
944 2879 1068 2922 heres
1095 2880 1193 2922 Tac.
1216 2894 1255 2922 a.
1277 2883 1341 2935 11,
1366 2883 1403 2924 7.
1433 2905 1490 2910 —-
1520 2881 1687 2924 Liberti
1718 2882 1809 2924 eius
1839 2882 1959 2926 Plin.
1988 2898 2031 2927 n.
2061 2884 2101 2927 h.

384 2948 454 2996 12,
480 2948 539 2988 12
569 2948 608 2987 ct
637 2948 665 2987 t.
689 2949 729 2987 3.

301 3013 384 3055 742
414 3020 514 3055 IMP.
560 3020 623 3055 TI.
676 3014 956 3070 GL(AVD1VS)
1006 3017 1269 3071 MAR(INVS)
1318 3023 1631 3060 PACATIANVS
1681 3025 1949 3062 AVGVSTVS.
2028 3019 2103 3063 Sic

383 3082 555 3123 nomina
585 3081 776 3124 exhibent
804 3085 965 3125 nummi
994 3085 1082 3127 eius
1109 3084 1247 3127 Cohen
1279 3085 1346 3127 VI
1350 3085 1366 3109 2
1389 3100 1438 3140 p.
1459 3088 1540 3128 181
1568 3086 1631 3128 vel
1658 3087 1767 3142 Imp.
1798 3087 1864 3129 Ti.
1897 3087 1961 3130 Ol.
1992 3088 2103 3131 Mar.

386 3149 642 3203 Pacatianus
674 3150 722 3192 P.
753 3151 802 3194 F.
837 3150 952 3206 Aug.
1013 3153 1127 3195 Eum
1166 3154 1389 3207 imperium
1427 3154 1474 3196 in
1503 3153 1730 3196 Pannonia
1766 3154 1830 3197 vel
1858 3155 1904 3197 in
1934 3155 2105 3199 Moesia
2165 3179 2167 3184 .

386 3217 606 3271 sumpsisse
635 3218 794 3260 Eckhel
825 3218 919 3262 VII
933 3235 979 3274 p.
1005 3224 1085 3263 339
1115 3224 1224 3264 recte
1255 3221 1351 3264 inde
1381 3221 1568 3278 colleyit,
1600 3222 1711 3277 quod
1737 3223 1898 3265 nummi
1925 3227 2104 3267 ceterum

388 3285 609 3327 adanoclum
627 3287 727 3338 raris
742 3286 1010 3330 inveniuntur
1023 3289 1171 3343 plures
1190 3290 1237 3332 in
1256 3291 1409 3332 muscis
1428 3290 1686 3333 Austriacis.
1729 3291 1938 3334 Nummus
1963 3290 2104 3335 Gohen

385 3368 432 3408 p.
454 3356 539 3396 182
565 3367 607 3395 n.
640 3357 668 3395 7
694 3354 920 3408 inscriptus
951 3360 1011 3399 est
1048 3358 1093 3399 in
1133 3371 1282 3400 aversa
1312 3359 1472 3401 Romae
1502 3359 1737 3414 aeter-(nae)
1768 3359 1919 3414 an(n0)
1950 3358 2102 3414 mill(e-
