2202 3730
295 277 549 313 OELERINA
1154 270 1239 312 334
1906 278 2092 316 CELSVS

306 433 363 438 —
405 413 627 449 FONTEIA
656 412 921 448 CELERINA.

307 501 359 504 —
406 475 556 517 Munia
587 473 797 517 Celerina.

306 567 364 572 --
406 549 615 584 NVMISIA
648 547 916 583 CELERINA.

305 635 362 640 --
407 616 627 652 ΡΟΜΡΕΙΑ
659 615 927 651 CELERINA.

293 679 376 720 528
409 676 641 731 Celerinus,
669 677 905 732 ‘quondam
931 676 1110 718 Meroen
1140 678 1281 720 iussus
1308 677 1541 733 Nilumque
1568 679 1695 720 tueri’
1725 678 1830 734 (scil.
1850 679 2097 733 praefectus

378 746 576 801 Aeyypti)
617 751 715 801 post
757 745 921 788 obitum
958 744 1060 787 Cari
1101 746 1328 802 imperium
1369 761 1395 787 a
1432 745 1640 788 militibus
1681 745 1870 788 oblatum
1911 747 2106 803 respuit3*

377 829 486 855 avus
523 813 746 856 Celerinae
787 814 934 856 uxoris
975 813 1158 856 Palladii
1201 814 1427 858 Claudian.
1469 814 1786 868 epithalamium
1825 814 2019 857 Palladii
2057 817 2097 856 et

379 881 593 924 Celerinae
622 894 658 923 v.
692 884 845 924 71-75.

304 974 361 978 —-
405 949 639 1005 Cuspidius
671 948 908 991 Celerinus.

303 1042 360 1046 —
403 1024 447 1061 L.
481 1023 765 1059 POMPONIVS
796 1023 1002 1058 DEXTER
1034 1023 1330 1060 CELERINVS.

303 1111 360 1115 —
405 1092 563 1128 NONIA
595 1091 766 1127 CELSA.
1080 1122 1083 1126 ⁴

306 1179 361 1184 —
405 1161 446 1196 P.
477 1160 655 1195 ATTIVS
686 1160 883 1196 PVDENS
914 1160 1131 1197 RVFINVS
1164 1160 1452 1197 CELSIANVS.

303 1247 361 1253 —
404 1229 611 1265 PLOTIVS
643 1229 835 1264 GALLVS
867 1229 1154 1265 CELSIANVS.

290 1291 373 1333 529
405 1291 588 1346 Celsina,
621 1298 772 1347 potens
804 1291 984 1345 femina3
1026 1291 1187 1333 dictum
1220 1290 1337 1346 (Cn.)
1370 1291 1550 1333 Domitii
1581 1290 1678 1334 Afri
1709 1292 1891 1334 oratoris
1923 1292 1968 1333 in
1997 1305 2091 1333 eam

370 1359 620 1413 Quintilian.
644 1360 822 1403 institut.
845 1362 883 1410 6,
906 1362 946 1410 3,
967 1361 1034 1402 85.
1434 1351 1438 1355 ’

302 1451 359 1457 —-
404 1434 604 1469 SABINIA
636 1433 864 1470 CELSINA.

302 1520 360 1526 --
404 1502 613 1538 CLODIVS
646 1501 900 1538 OELSINVS.

304 1589 360 1594 —
405 1564 582 1607 Clodius
615 1564 824 1607 Celsinus.

304 1657 360 1662 ——
405 1632 541 1675 Iulius
574 1632 785 1675 Celsinus.

291 1701 374 1743 530
406 1700 570 1755 Celsus,
612 1702 775 1743 amicus
807 1700 955 1743 Ovidii
987 1707 1029 1742 et
1060 1700 1219 1754 (Paulli
1250 1701 1429 1755 FabiiP)
1460 1701 1662 1756 Maximi,
1701 1700 1755 1743 de
1793 1701 1916 1742 cuius
1957 1706 2096 1742 morte

376 1768 561 1812 Ovidius
590 1769 643 1811 ad
674 1769 914 1811 Maximum
953 1770 1123 1825 scripsit
1153 1784 1202 1811 ea:
1233 1769 1370 1811 Panto
1399 1773 1437 1820 1,
1469 1773 1506 1814 9.
1548 1794 1602 1800 —
1635 1769 1738 1813 Sine
1774 1768 1927 1812 idonea
1965 1780 2097 1809 eausa

373 1838 496 1892 vulyo
528 1837 634 1879 idem
655 1840 839 1891 putatur
870 1840 993 1890 atque
1022 1837 1317 1880 Albinovanus
1345 1837 1501 1880 Celsus.

292 1917 370 1959 531
406 1916 571 1972 Celsus,
604 1932 734 1974 eques
765 1917 984 1959 Romanus
1013 1917 1099 1959 fine
1129 1933 1167 1961 a.
1199 1919 1253 1960 32
1285 1919 1594 1960 coniurationis
1626 1917 1800 1972 (seilicet
1820 1917 1986 1972 Seiani)
2015 1916 2093 1958 eri-

378 1986 492 2026 mine
523 1984 680 2026 cecidit
706 1985 803 2029 Tae.
827 1999 866 2027 a.
889 1988 926 2035 6,
949 1988 1015 2027 14.

290 2066 372 2108 532
404 2065 566 2120 Celsus,
600 2066 669 2107 cui
691 2064 855 2107 Balbus
877 2066 1139 2119 gromaticus
1170 2065 1223 2120 (v.
1243 2078 1378 2118 supra
1396 2064 1441 2107 Β
1457 2065 1527 2120 34)
1557 2064 1717 2110 librum
1745 2064 1800 2106 de
1828 2064 2095 2120 expositione

375 2140 418 2175 et
456 2134 621 2175 ratione
662 2134 852 2175 omnium
893 2132 1129 2174 formarum
1160 2132 1379 2175 dedicavit
1408 2133 1576 2176 Balbus
1596 2133 1742 2187 praef.
1775 2131 1992 2185 Schriften
2021 2131 2096 2174 der

373 2201 625 2243 Remisehen
644 2200 908 2243 Felelmesser
928 2201 962 2242 I
976 2215 1023 2255 p.
1047 2204 1099 2243 91
1120 2214 1204 2254 sqq.
1231 2201 1284 2254 ef.
1309 2201 1545 2244 Mommsen
1565 2201 1649 2244 ibel.
1664 2215 1712 2255 p.
1730 2204 1820 2243 147.
1859 2200 2094 2242 Inventum

375 2268 489 2311 Celsi
519 2271 656 2311 neseio
686 2269 798 2323 quod
822 2271 1104 2324 qromatieum
1131 2273 1389 2312 memoratur
1412 2270 1497 2315 ibd.
1519 2285 1568 2324 p.
1587 2274 1656 2321 92,
1683 2266 1748 2314 16.

289 2349 372 2391 533
404 2348 567 2402 Celsus,
601 2348 782 2390 defectio
805 2348 920 2390 Celsi
952 2348 1034 2390 sub
1066 2349 1323 2405 imperatore
1344 2350 1423 2391 Pio
1443 2353 1702 2391 memoratur
1720 2350 1766 2391 in
1787 2348 1968 2403 epistula
1991 2347 2095 2402 fieta

276 2409 279 2411 ⁵
375 2418 447 2459 vit.
469 2416 619 2459 Avidii
640 2416 782 2459 Cassii
804 2420 872 2467 10,
894 2420 932 2459 1.

290 2491 374 2533 534
405 2490 569 2544 Celsus,
602 2481 783 2546 stipator
815 2479 1129 2546 Gallieni'triy.
1152 2494 1232 2546 tyr.
1253 2495 1321 2541 10,
1343 2494 1396 2533 11
1428 2492 1474 2534 in
1504 2490 1685 2546 epistula
1713 2491 1827 2546 fieta.

288 2564 370 2606 535
404 2564 578 2611 Celsus.
620 2565 693 2620 qui
733 2565 928 2620 privatus
959 2571 1001 2606 et
1031 2580 1085 2607 ex
1115 2565 1300 2607 tribunis
1336 2566 1380 2606 in
1411 2564 1561 2608 Africa
1591 2566 1754 2621 positus
1784 2565 1829 2606 in
1858 2564 1946 2606 suis
1978 2563 2093 2617 agris

373 2632 551 2674 vivebat
606 2633 854 2675 auctoribus
903 2632 1034 2675 Vibio
1085 2633 1291 2675 Passieno
1345 2633 1602 2689 proconsule
1647 2632 1822 2675 Africae
1867 2638 1910 2674 et
1956 2630 2093 2673 Fabio

374 2700 669 2755 Pomponiano
701 2700 811 2742 duce
841 2700 988 2742 limitis
1018 2700 1174 2756 Libyci
1206 2707 1355 2742 contra
1385 2700 1631 2744 Gallienum
1661 2690 1895 2757 imperator
1925 2704 2094 2740 oreatus

374 2768 553 2822 septimo
577 2768 746 2824 imperii
769 2768 839 2810 die
861 2770 1027 2811 occisus
1050 2775 1115 2811 est
1133 2770 1204 2811 vit.
1228 2771 1325 2823 triy.
1348 2772 1428 2823 tyr.
1447 2772 1529 2820 29;
1553 2770 1797 2811 nominatur
1815 2769 1886 2810 vit.
1915 2766 2095 2810 Claudii

377 2838 413 2885 7,
440 2839 479 2877 4.
537 2836 724 2888 Quarum
752 2850 895 2878 rerum
924 2837 1040 2891 fioleS,
1073 2839 1223 2891 quippe
1253 2851 1359 2891 quae
1380 2851 1463 2891 per
1490 2851 1620 2879 unum
1655 2837 1906 2879 Trebellium
1935 2835 2093 2878 Pollio-

373 2917 467 2945 nem
498 2904 736 2955 tradantur,
770 2908 830 2947 est
858 2905 990 2947 nulla.

291 2981 577 3091 5360CleISUS,
630 2983 909 3041 philosophus
954 2985 1196 3041 Epicureus
1243 2990 1381 3027 aetate
1424 2985 1607 3027 Neronis
1651 2984 1849 3039 Oriyenes
1894 2983 2093 3026 adversus

412 3064 432 3091 e
450 3063 540 3091 sum
569 3054 607 3101 1,
633 3053 672 3093 8.

291 3129 373 3172 537
406 3128 570 3184 Celsus,
613 3130 773 3172 amicus
804 3131 1001 3186 Luciani,
1043 3132 1116 3187 qui
1149 3132 1187 3173 ei
1221 3130 1414 3174 libellum
1444 3132 1498 3174 de
1528 3133 1619 3175 vita
1647 3130 1888 3174 Alexandri
1917 3130 2090 3174 Abono—

376 3197 574 3239 teichitae
604 3197 819 3241 dedicavit
848 3200 1028 3244 Dueian.
1049 3199 1174 3244 Alex.
1200 3203 1238 3242 1.
1261 3203 1336 3251 61;
1366 3206 1551 3242 sectator
1579 3201 1758 3257 Epicuri
1788 3199 1874 3242 ibd.
1895 3202 1969 3251 61,·
1998 3199 2091 3240 eius

373 3265 473 3307 κατὰ
504 3268 641 3323 μάγων
674 3270 958 3324 συγγράμματα
988 3268 1072 3312 ibel.
1101 3271 1172 3311 21.
1219 3267 1413 3310 Eundem
1442 3272 1645 3311 memorat
1670 3268 1871 3323 Oriyenes
1893 3267 2092 3310 adversus

376 3332 539 3376 Celsum
567 3337 605 3385 1,
637 3336 677 3378 8.
707 3338 761 3377 68
790 3336 843 3389 ef.
869 3350 910 3378 n.
930 3339 1022 3379 538.
