2202 3730
121 311 436 349 APOLLONIVS
989 308 1008 350 1
1018 308 1070 351 13
1613 312 1926 350 APOLLONIVS

208 446 306 486 ante
334 443 547 486 saeculum
576 444 666 485 III
696 458 780 487 non
811 448 1080 487 memoratur.
1143 444 1258 487 Nam
1298 445 1409 499 quod
1443 445 1645 498 hodieque
1682 458 1768 487 non
1807 444 1931 487 semel

209 511 268 555 ad
304 526 396 554 eum
429 512 615 565 refertur
644 511 853 566 Apuleius
893 513 1057 567 apoloq.
1092 516 1146 556 90
1184 514 1410 556 secundum
1449 514 1663 556 lectionem
1701 513 1928 568 vulqatam,

206 573 348 623 veram
381 579 468 621 ‘vel
488 579 821 636 Apollobeches‘
856 581 1043 623 codicum
1072 582 1249 636 vestiqi'a
1278 585 1442 624 secutus
1471 581 1716 624 iamdudum
1745 581 1930 623 restituit

203 648 258 693 G.
281 648 455 702 Kriiyer
467 663 514 702 p.
535 651 618 690 100
640 648 701 692 ed.
725 649 888 703 apoloq.
936 649 1116 692 Saeculo
1137 650 1225 692 III
1244 651 1412 692 ineunte
1440 651 1558 692 iussu
1577 649 1719 692 Iuliae
1735 649 1930 693 Domnae

205 716 426 772 Auyustae
446 717 652 772 (mortuae
673 731 713 759 a.
734 719 834 772 2179
856 717 1148 760 Philostratus
1166 719 1298 760 vitam
1317 718 1541 772 Apollonii
1558 719 1741 761 scribere
1762 731 1930 774 ayqres-

203 798 276 827 sus
314 788 386 828 est.
457 785 541 838 Qui
583 788 775 827 auctores
816 786 1009 827 nominat
1047 786 1134 841 (vit.
1173 785 1215 840 3)
1258 786 1503 828 Maximum
1541 786 1811 841 Aeqiensem,
1858 786 1931 840 qui

206 853 392 896 libellum
420 853 469 896 de
493 854 618 896 rebus
653 854 707 896 ab
739 853 967 908 Apollonio
996 854 1129 908 Aeqis
1165 855 1294 909 ‚qestis
1334 855 1583 908 confecerat,
1617 854 1929 909 Moeraqenem,

203 922 277 976 qui
305 925 504 976 quattuor
543 922 673 964 libros
703 922 753 964 dc
782 936 828 964 eo
859 926 1171 976 composuerat,
1212 916 1439 965 Damidem
1475 923 1703 978 Assyrium
1742 923 1931 965 comitem

205 993 245 1032 ct
265 990 516 1045 discipulum
537 990 772 1045 Apollonii,
804 1004 922 1044 quem
934 991 1205 1045 potissimum
1226 991 1368 1034 ducem
1388 991 1676 1034 Philostratus
1695 1005 1738 1034 se
1761 991 1930 1045 eleqisse

206 1059 449 1113 profitetur.
505 1058 572 1100 Ac
604 1058 903 1113 Moeraqenem
941 1058 1106 1112 quidem
1146 1074 1193 1102 re
1229 1073 1331 1101 vera
1364 1059 1413 1101 de
1452 1060 1683 1114 Apollonio
1721 1059 1929 1113 quaedam

203 1127 419 1181 scripsisse
429 1141 514 1182 per
532 1127 748 1181 Oriqinem
763 1126 855 1169 adv.
886 1126 992 1169 Cels.
1005 1130 1043 1177 6,
1055 1131 1108 1169 41
1123 1128 1230 1170 satis
1240 1131 1408 1175 constat
1421 1142 1551 1181 neque
1572 1131 1632 1170 est
1652 1142 1727 1170 cur
1738 1127 1931 1170 Maximi

204 1193 369 1237 libellus
381 1195 426 1237 in
437 1196 713 1249 suspicionem
724 1195 884 1246 veniat;
899 1195 972 1237 sed
981 1195 1136 1238 Damis
1148 1195 1220 1238 ille
1232 1210 1332 1237 num
1346 1196 1512 1238 omnino
1529 1197 1715 1238 extiterit
1728 1209 1926 1249 unquam,

201 1276 287 1305 non
305 1263 395 1305 sine
415 1276 546 1305 causa
567 1263 775 1305 dubitavit
796 1263 900 1305 Chr.
916 1263 1054 1314 Baur,
1075 1263 1330 1318 Apollonius
1349 1278 1429 1306 von
1452 1264 1602 1319 Tyana
1621 1264 1709 1306 und
1730 1263 1928 1306 Christus

206 1346 254 1385 p.
276 1333 368 1374 115.
419 1331 681 1374 Philostrato
712 1334 851 1374 autem
879 1332 966 1386 ipsi
992 1335 1197 1385 quatenus
1216 1332 1320 1387 fides
1339 1332 1535 1374 habenda
1563 1336 1678 1383 esset,
1702 1336 1930 1387 postquam

204 1399 316 1442 alius
346 1399 433 1442 alio
460 1399 581 1442 modo
611 1399 817 1442 iudicavit
846 1399 920 1453 (cf.
950 1399 1077 1442 Baur
1098 1415 1145 1454 p.
1176 1404 1236 1443 12
1263 1414 1363 1454 sqq„
1396 1400 1446 1443 de
1474 1401 1776 1443 recentioribus
1798 1415 1928 1455 prae-

202 1469 407 1522 fationem
423 1463 613 1522 Kayseri
631 1467 693 1510 ed.
716 1467 892 1510 alterius
903 1482 951 1522 p.
969 1467 1049 1510 IV
1060 1467 1175 1522 sqq),
1201 1482 1292 1510 eum
1310 1469 1530 1522 permulta
1549 1469 1750 1522 fabulosa
1762 1464 1927 1523 partim

204 1537 258 1579 ab
291 1536 391 1578 aliis
419 1536 664 1590 sumpsisse,
701 1536 869 1590 partim
907 1539 1051 1590 suopte
1080 1537 1247 1591 inqenio
1279 1536 1493 1579 addidisse
1521 1551 1641 1579 nemo
1670 1538 1758 1579 iam·
1787 1541 1925 1592 neqat.

204 1604 306 1647 Meo
335 1604 499 1658 quidem
528 1603 687 1646 iudicio
711 1604 907 1658 fabulam
926 1604 1268 1659 philosophicam
1289 1605 1422 1659 plane
1454 1605 1597 1648 eadem
1627 1607 1793 1648 ratione
1818 1620 1926 1648 com-

203 1673 363 1728 posuit,
394 1686 478 1726 qua
507 1673 682 1727 fabulas
708 1674 888 1715 eroticas
916 1673 1176 1727 scripserunt
1201 1673 1414 1727 sophistae
1443 1674 1517 1727 qui
1536 1674 1734 1716 dicuntur
1754 1674 1850 1717 inde
1872 1675 1926 1716 ab

201 1741 514 1784 Antoninorum
545 1744 695 1784 aetate.
749 1740 856 1784 Cum
887 1744 1025 1783 autem
1056 1756 1084 1783 a
1111 1741 1375 1784 Philostrato
1398 1742 1658 1796 posteriores
1678 1742 1927 1797 plerumque

203 1809 439 1866 pendeant,
480 1809 557 1852 hoc
597 1809 685 1852 loco
714 1810 791 1852 ubi
817 1824 902 1852 non
933 1810 982 1853 de
1010 1810 1194 1865 imaqine
1223 1811 1428 1865 sapientis
1456 1810 1736 1865 Pythaqorici
1762 1810 1928 1865 qualem

202 1882 354 1934 postea
383 1879 618 1933 finxerunt,
649 1878 723 1920 sed
751 1878 800 1921 de
827 1879 953 1921 rebus
983 1879 1183 1930 externis,
1219 1882 1267 1921 ut
1294 1879 1357 1921 ita
1388 1879 1526 1921 dicam
1554 1879 1758 1930 hominis,
1789 1879 1928 1934 qualis

171 1992 183 1994 ,
198 1947 296 2002 fuit,
326 1947 460 1989 solum
489 1947 612 1989 modo
642 1961 766 2002 ayere
795 1947 904 1997 licet,
928 1961 1076 2001 pauca
1103 1950 1202 1990 sunt
1230 1961 1337 2001 quae
1367 1947 1522 1999 afferri
1542 1948 1720 2002 possint.

291 2014 527 2059 Oriundum
564 2016 696 2070 fuisse
735 2030 786 2058 ex
817 2017 920 2058 urbe
956 2015 1254 2071 Cappadociae
1289 2017 1447 2072 Tyanis
1466 2019 1644 2071 praeter
1672 2017 1803 2075 vitam
1832 2019 1870 2066 1,
1901 2018 1927 2057 4

199 2084 422 2139 confirmat
452 2084 669 2126 Ducianus
699 2084 726 2126 l.
758 2084 785 2128 l.
848 2084 1002 2127 Necem
1030 2084 1276 2127 Domitiani
1304 2085 1448 2128 eadem
1476 2085 1607 2135 hora,
1649 2099 1734 2139 qua
1762 2085 1926 2127 Romae

201 2155 384 2207 peracta
403 2155 475 2203 est,
499 2152 662 2206 Ephesi
679 2153 723 2208 (ἢ
744 2155 810 2195 καὶ
830 2153 998 2209 ἑτέρωθι
1020 2152 1249 2208 Xiphilin)
1263 2153 1424 2208 populo
1436 2153 1728 2207 proclamasse
1749 2154 1923 2207 scripse-

197 2223 298 2262 runt
326 2219 616 2262 Philostratus
646 2223 684 2262 et
707 2220 796 2262 Dio
824 2219 998 2262 Cassius
1029 2221 1268 2275 (Xiphilin.
1300 2224 1365 2271 67,
1398 2220 1483 2275 18).
1538 2221 1800 2274 Quamquam
1831 2235 1926 2263 con-

198 2289 339 2331 sensui
374 2287 589 2330 hominum
627 2288 809 2331 eiusdem
848 2289 1003 2330 aetatis
1041 2289 1158 2330 haud
1195 2290 1260 2331 ita
1299 2289 1475 2331 multum
1507 2304 1590 2343 per
1618 2302 1662 2331 se
1692 2289 1923 2340 tribuerim,

200 2360 339 2399 tamen
367 2369 460 2398 cum
489 2355 732 2398 Domitiani
760 2357 1016 2410 temporibus
1045 2357 1144 2398 bene
1175 2358 1421 2399 conveniunt
1449 2372 1555 2411 quae
1586 2357 1635 2399 de
1661 2357 1926 2411 qravissimis

198 2425 435 2468 inimicitiis
464 2425 574 2466 inter
603 2423 879 2478 Apollonium
909 2427 948 2466 ct
975 2424 1243 2479 Euphratem
1282 2425 1354 2480 (cf.
1384 2425 1432 2467 E
1458 2428 1529 2481 91)
1562 2426 1666 2468 ortis
1697 2425 1926 2467 traduntur

198 2494 270 2535 vit.
301 2496 341 2544 1,
371 2495 447 2544 13;
473 2495 517 2543 2,
548 2495 630 2543 27;
658 2494 697 2543 5,
727 2495 798 2535 27.
828 2495 895 2534 31.
925 2496 994 2535 33.
1024 2495 1091 2535 34.
1122 2496 1188 2537 37.
1218 2495 1285 2535 38.
1315 2496 1390 2544 39‚·
1419 2497 1457 2544 6,
1490 2497 1589 2538 7-9.
1620 2497 1697 2545 13;
1725 2497 1765 2544 8,
1798 2497 1835 2537 7.
1857 2497 1923 2535 11.

204 2561 479 2615 Quantumvis
508 2561 618 2603 enim
647 2561 693 2602 in
729 2561 999 2603 enarratione
1039 2575 1186 2603 earum
1215 2551 1503 2604 Philostratus
1542 2576 1571 2604 a
1609 2562 1692 2617 fide
1720 2561 1925 2604 historica

199 2630 334 2684 afuit,
365 2628 642 2683 philosophos
678 2628 775 2670 illos
811 2643 858 2671 re
895 2642 996 2671 vera
1035 2629 1269 2672 simultates
1297 2644 1384 2684 pro
1415 2630 1655 2672 diversitate
1684 2630 1924 2672 scholarum

198 2698 429 2741 eoeercuisse
466 2710 551 2739 non
587 2696 706 2739 video
746 2711 822 2739 cur
856 2711 1060 2752 ncqemus.
1111 2695 1200 2741 Sed
1226 2712 1355 2752 neque
1389 2712 1469 2752 quo
1501 2712 1612 2741 anno
1639 2702 1767 2741 natus
1795 2713 1924 2752 neque

197 2779 278 2820 quo
297 2768 485 2807 mortuus
503 2766 561 2807 sit
579 2765 846 2820 Apollonius,
879 2767 1120 2808 accuratius
1143 2766 1318 2821 definire
1350 2766 1456 2809 licet.
1519 2766 1637 2808 Nam
1667 2780 1759 2809 cum
1789 2781 1840 2809 ex
1869 2767 1924 2809 iis

198 2847 304 2888 quae
332 2833 421 2875 vita
450 2837 488 2884 1,
521 2836 579 2875 12
620 2836 899 2884 enarrantur,
941 2835 1124 2876 conicias
1153 2834 1431 2889 Apollonium
1469 2834 1668 2889 ephebum
1706 2836 1838 2889 fuisse
1877 2849 1923 2877 co

199 2904 392 2956 tempore,
433 2902 509 2944 ubi
540 2901 779 2944 Archelaus
810 2916 886 2944 rex
922 2901 1220 2956 Cappadociae
1260 2901 1332 2957 (cf.
1362 2902 1406 2944 A
1433 2905 1536 2958 832)
1572 2902 1619 2945 in
1647 2903 1924 2958 suspicionem

199 2969 504 3029 coniurationis
531 2970 644 3012 venit
678 2969 725 3011 id
753 2972 814 3012 est
842 2970 919 3012 sub
949 2970 1120 3012 initium
1143 2971 1313 3025 imperii
1333 2971 1505 3022 Tiberii,
1518 2974 1671 3026 postea
1690 2971 1800 3013 idem
1820 2970 1924 3012 Phi-

201 3037 401 3080 lostratus
420 3040 461 3088 8,
482 3041 541 3081 29
568 3038 789 3080 obscurum
810 3051 895 3080 esse
904 3039 1139 3092 professus,
1169 3039 1337 3092 quando
1358 3040 1561 3093 quomodo
1580 3054 1661 3093 quo
1682 3039 1770 3081 loco
1790 3039 1923 3093 Apol-

200 3106 336 3148 lonius
364 3107 453 3148 vita
482 3107 731 3157 excessisset,
765 3106 932 3148 addidit
961 3105 1044 3149 οὐδ’
1076 3107 1172 3163 ὑπὲρ
1194 3109 1347 3163 ἡλικίας
1365 3111 1434 3150 τοῦ
1465 3109 1606 3164 ἀνδρὸς
1635 3107 1789 3164 εἴρηται
1810 3108 1922 3148 οὐδὲν

198 3180 257 3231 τῷ
285 3174 438 3231 Δάμιδι,
472 3175 579 3218 ’ἀλλὰ
605 3177 685 3221 τοῖς
714 3176 785 3231 μὲν
816 3176 1075 3230 ὀγδοήκοντα,
1103 3178 1184 3222 τοῖς
1215 3174 1249 3218 δ’
1280 3177 1376 3233 ὑπὲρ
1404 3176 1453 3218 τὰ
1488 3176 1736 3230 ἐνενήκοντα,
1768 3178 1848 3221 τοῖς
1879 3176 1922 3217 δὲ

200 3243 267 3285 καὶ
294 3242 430 3299 πρόσω
457 3248 536 3286 τῶν
568 3245 710 3286 ἑκατὸν
749 3243 895 3286 ἐλθεῖν.
952 3243 1048 3297 Ipsi
1067 3243 1204 3297 paulo
1222 3247 1323 3298 post
1351 3243 1596 3286 Domitiani
1622 3247 1796 3286 mortem
1824 3256 1921 3285 nus-

202 3324 330 3364 quam
358 3311 640 3365 comparuisse
668 3311 845 3354 videtur.

183 3381 467 3418 Prosopographia
483 3382 566 3418 Imp.
583 3382 674 3411 Rom.
713 3382 741 3411 1.
1625 3380 1648 3416 8
