2202 3730
115 288 426 324 CALPVRNIVS
973 283 1057 325 285
1518 331 1520 333 Ι
1604 287 1917 324 CALPVRNIVS

114 419 198 462 239
227 426 270 462 L.
303 425 615 461 CALPVRNIVS
647 425 777 474 PISO,
820 426 994 476 praetor
1032 420 1185 462 aerarii
1217 419 1351 475 (intra
1381 433 1420 461 a.
1451 420 1530 462 731
1559 438 1615 454 Ξ
1644 421 1704 463 23
1732 435 1772 465 α.
1800 421 1848 464 C.
1880 426 1919 464 et

197 491 250 530 44
271 502 319 542 p.
349 487 413 543 C.)
440 502 537 528 cum
558 487 616 531 M.
641 486 804 530 Sallvio
835 487 999 543 collega
1027 489 1172 544 posuit
1200 489 1377 545 cippum
1407 488 1675 530 terminalem
1705 488 1775 532 VI
1795 492 1918 533 1265.

112 556 195 598 240
224 562 269 598 L.
301 562 611 598 CALPVRNIVS
642 562 764 610 PISO,
806 557 857 600 L.
889 557 941 611 f.‚
974 556 1147 611 publice
1180 556 1412 599 honoratus
1450 559 1479 599 t.
1507 556 1653 600 Attico
1691 557 1738 599 in
1776 558 1920 600 eadem

198 625 293 667 basi
330 638 423 666 oum
460 623 520 666 M.
551 624 718 666 Licinio
750 625 885 680 Frugi
922 625 983 667 M.
1014 625 1044 667 f.
1075 624 1180 667 CIA
1210 625 1299 667 III
1320 628 1414 667 607.
1489 625 1676 667 Titulum
1704 627 1920 681 pertinere

198 693 257 735 ad
283 693 495 735 saeculum
516 694 707 747 primum
738 697 776 736 et
810 694 868 735 ad
896 708 989 736 eam
1017 693 1182 748 quidem
1213 697 1403 744 aetatem,
1439 693 1516 736 ubi
1543 694 1686 736 clarae
1715 694 1919 737 Pisonum

194 764 233 803 et
252 762 516 804 Lieiniorum
535 762 731 815 familiae
753 762 975 816 adfinitate
997 763 1242 804 coniunctae
1260 762 1445 816 fuerunt,
1475 763 1666 817 exposuit
1684 762 1919 804 Mommsen

196 829 373 884 Ephem.
406 844 466 884 ep.
498 833 524 871 1
556 845 605 884 p.
635 833 716 872 143
743 843 829 884 399.
886 829 954 872 De
990 830 1230 872 hominibus
1266 833 1294 872 t.
1325 830 1463 872 Attici
1494 843 1579 873 non
1607 831 1714 872 satis
1743 833 1918 873 constat.

198 898 435 940 Mommsen
455 899 682 953 proposuit
710 898 1004 953 intelleyendos
1034 911 1120 941 esse
1152 902 1227 940 aut
1246 899 1297 941 L.
1323 899 1514 941 Pisonem
1544 899 1750 941 consulem
1777 913 1816 940 a.
1841 901 1918 940 739

197 969 236 1007 et
266 966 331 1010 M
361 965 564 1008 Crassum
592 966 734 1021 Fruyi
763 966 971 1008 consulem
1002 980 1042 1008 a.
1073 969 1132 1009 27
1153 980 1200 1020 p.
1230 965 1277 1008 C.
1309 970 1384 1008 aut
1412 967 1463 1008 L.
1485 966 1682 1009 Pisonem
1713 967 1920 1009 consulem

197 1048 235 1075 a.
256 1036 315 1076 57
340 1038 380 1076 et
399 1034 467 1076 M.
495 1034 698 1077 Crassum
728 1034 936 1077 consulem
967 1049 1006 1076 a.
1028 1037 1092 1077 64.
1143 1035 1259 1088 Quas
1285 1035 1546 1077 coniecturas
1572 1038 1620 1077 ut
1647 1035 1694 1077 in
1722 1050 1769 1077 re
1797 1035 1920 1077 hodie

192 1116 355 1156 parum
375 1103 543 1156 coynita
565 1105 688 1156 atque
707 1103 871 1144 incerta
891 1116 1021 1156 neque
1040 1102 1232 1156 refellere
1251 1116 1380 1157 neque
1401 1103 1593 1157 probare
1613 1104 1660 1145 in
1684 1104 1824 1145 animo
1845 1106 1917 1147 est.

111 1171 190 1212 241
223 1176 268 1212 L.
293 1176 604 1212 CALPVRNIVS
626 1176 734 1212 PISO
756 1170 808 1213 L.
832 1170 862 1212 f.
889 1177 932 1213 et
951 1171 1000 1214 L.
1023 1170 1200 1214 Cassius
1223 1170 1271 1213 C.
1302 1171 1330 1215 f.
1355 1171 1578 1226 Longinus
1598 1172 1728 1214 IIviri
1749 1172 1918 1226 (Polae)

195 1244 434 1294 posuerunt
463 1241 490 1282 t.
516 1238 734 1281 Polensem
764 1238 882 1281 V54.
929 1239 1005 1281 Ad
1031 1240 1244 1281 saeculum
1273 1241 1307 1282 I
1330 1239 1476 1282 titulus
1495 1241 1712 1294 pertinere
1740 1241 1916 1283 videtur.

112 1307 196 1349 242
225 1313 269 1349 L.
304 1313 617 1349 CALPVRNIVS
648 1312 770 1361 PISO,
814 1306 963 1349 consul
994 1323 1032 1350 a.
1066 1308 1146 1350 175
1177 1322 1275 1349 cum
1307 1309 1355 1350 P.
1388 1307 1534 1350 Salvio
1564 1308 1746 1353 Iuliano.
1780 1335 1831 1339 —
1863 1310 1919 1352 In

195 1375 439 1418 consulatu:
468 1375 519 1419 L.
543 1374 806 1432 Calpurnius
829 1376 930 1417 Piso
951 1375 998 1418 X
1017 1379 1134 1426 7457,
1166 1376 1400 1418 Bullettino
1429 1377 1646 1419 eomunale
1666 1380 1774 1420 1885
1796 1392 1844 1431 p.
1866 1380 1920 1420 95

193 1458 236 1486 n.
258 1446 378 1494 1005,
412 1447 590 1486 ceterum
621 1445 721 1486 Piso
748 1444 867 1498 fasti.
889 1469 946 1474 —
966 1443 1128 1487 Frater
1155 1444 1320 1487 videtur
1341 1445 1433 1489 Ser.
1458 1444 1687 1499 Calpurnii
1706 1445 1920 1500 Scipionis

198 1512 338 1567 Orfiti,
370 1513 418 1554 in
446 1526 526 1566 quo
554 1512 661 1555 vide.

109 1580 192 1622 243
223 1586 267 1624 L.
290 1586 600 1623 CALPVRNIVS
621 1587 729 1623 PISO
755 1581 895 1624 nescio
915 1582 1009 1635 quis
1037 1584 1295 1624 memoratur
1324 1582 1370 1624 in
1391 1585 1419 1626 t.
1442 1581 1687 1625 libertorum
1718 1582 1786 1625 VI
1797 1584 1917 1624 5458.

193 1651 305 1691 6001
335 1647 406 1703 (cf.
437 1648 576 1703 6000),
607 1650 718 1692 sem·
746 1652 870 1692 9246.

110 1717 193 1759 244
222 1723 266 1760 L.
296 1723 607 1759 CALPVRNIVS
638 1717 792 1773 P[ISO],
825 1718 877 1760 L.
909 1718 938 1762 f.
969 1718 1015 1760 in
1045 1721 1074 1760 t.
1103 1718 1253 1760 mutilo
1286 1718 1510 1760 Tiburtino
1538 1718 1617 1761 XI
1621 1718 1828 1762 V3591s2
1859 1720 1921 1762 in-

196 1789 334 1828 certae
365 1787 531 1837 aetatis,
561 1800 654 1828 oum
682 1800 735 1829 ne
766 1786 816 1828 de
847 1787 1089 1841 ooynomine
1119 1787 1283 1841 quidem
1313 1790 1479 1830 constet.

110 1854 192 1895 245
222 1860 275 1896 Μ.
292 1854 640 1908 (CALPVRNIVS)
661 1860 782 1909 PISO,
808 1854 887 1898 Cn.
905 1854 1131 1911 Calpurnii
1153 1855 1323 1897 Pisonis
1344 1862 1386 1897 et
1406 1855 1663 1910 (Munatiae)
1687 1855 1921 1899 Plancinae

194 1922 332 1977 filius,
374 1922 562 1977 legatus,
596 1929 644 1965 ut
672 1923 864 1977 videtur,
896 1923 1033 1979 patris
1064 1924 1109 1964 in
1141 1923 1270 1980 Syria
1306 1924 1403 1966 Tac.
1437 1938 1477 1966 a.
1508 1927 1550 1974 2,
1581 1927 1650 1967 57.
1682 1928 1746 1967 76.
1779 1928 1831 1966 78
1841 1938 1854 1976 ,·
1894 1941 1920 1967 a

193 1997 316 2046 patre
338 1992 518 2033 Romam
538 1993 800 2047 praemissus
821 1991 935 2034 datis
955 1991 1181 2046 mandatis,
1214 2007 1291 2048 per
1316 2007 1427 2048 quae
1448 1993 1687 2048 principem
1717 1992 1915 2046 molliret,

195 2065 237 2101 et
278 2059 455 2101 comiter
484 2074 510 2101 a
539 2058 715 2101 Tiberio
759 2066 966 2115 exceptus
1007 2066 1072 2101 est
1107 2059 1192 2102 ibd.
1224 2063 1264 2110 3,
1297 2063 1349 2111 8,·
1387 2066 1511 2116 pater
1550 2060 1834 2102 moribundus
1874 2061 1919 2102 in

194 2125 404 2169 codicillis
434 2127 617 2170 salutem
649 2129 739 2170 eius
770 2143 796 2170 a
825 2128 1001 2170 Tiberio
1032 2129 1204 2182 rogavit
1234 2143 1271 2171 a.
1304 2129 1358 2170 20
1389 2129 1445 2172 ib.
1478 2131 1518 2179 3,
1550 2132 1603 2171 16
1610 2142 1623 2179 ;
1663 2131 1919 2171 sententiam

197 2196 242 2236 in
273 2202 424 2238 senatu
454 2202 604 2238 contra
635 2211 735 2239 eum
764 2197 923 2238 dictam
956 2196 1158 2239 Tiberius
1188 2197 1425 2251 mitigavit,
1466 2196 1526 2239 M.
1558 2197 1760 2239 Pisonem
1801 2198 1918 2251 igno-

193 2264 354 2305 miniae
384 2266 545 2306 exemit
574 2266 870 2321 concessitque
902 2265 939 2306 ei
971 2270 1152 2320 paterna
1179 2264 1294 2307 bona
1325 2265 1410 2307 ibd.
1430 2267 1469 2314 3,
1492 2268 1556 2308 17.
1578 2267 1643 2307 18.

109 2333 191 2374 246
223 2338 262 2376 C.
306 2338 616 2375 CALPVRNIVS
657 2339 765 2375 PISO
809 2339 1023 2374 GRASSVS
1064 2339 1216 2374 FRVGI
1256 2339 1560 2375 LICINIANVS.
1626 2333 1791 2376 Titulus
1831 2335 1919 2376 eius

192 2401 383 2442 urbanus
403 2400 668 2456 (sepulcralis
686 2404 734 2443 ut
752 2400 931 2454 videtur)
948 2400 1182 2442 Bullettino
1203 2400 1510 2443 dell'Instituto
1531 2403 1639 2444 1885
1651 2416 1700 2455 p.
1712 2405 1787 2445 22.
1809 2402 1919 2444 Fuit

195 2483 245 2510 ea·
250 2470 438 2523 posteris
455 2469 520 2513 M
538 2470 700 2511 Licinii
720 2469 872 2511 Crassi
885 2469 933 2510 F
928 2470 1027 2523 ruyi
1041 2468 1222 2510 consulis
1238 2482 1278 2511 a.
1293 2472 1356 2511 27
1360 2474 1407 2523 p.
1427 2469 1488 2519 C.,
1507 2470 1726 2511 artissima
1743 2472 1917 2512 necessi-

194 2537 345 2579 tudine
361 2538 604 2580 coniunctus
629 2551 722 2579 cum
748 2537 794 2580 C.
823 2537 1058 2591 Calpurnio
1086 2537 1241 2579 Crasso
1262 2536 1405 2591 Fruyi
1422 2538 1651 2580 Liciniano
1682 2539 1734 2591 cf.
1755 2552 1795 2580 n.
1817 2542 1916 2581 206.

109 2605 191 2647 247
225 2611 265 2646 c.
296 2611 605 2647 GALPVRNIVS
648 2612 754 2648 Plso
796 2611 968 2659 FRVGI,
1010 2605 1062 2647 L.
1099 2605 1212 2646 filius
1248 2604 1420 2659 publice
1450 2605 1681 2648 honoratus
1716 2609 1742 2650 t.
1773 2605 1918 2648 Attico

194 2672 298 2716 CIA
317 2674 407 2715 III
421 2677 514 2716 601.
537 2677 623 2717 602
652 2675 698 2716 in
728 2674 872 2716 eadem
903 2674 1009 2724 basi,
1040 2674 1117 2715 ubi
1144 2673 1378 2715 honoratur
1407 2673 1485 2716 Cn.
1509 2673 1771 2730 Calpurnius
1802 2676 1916 2718 Piso.

193 2742 330 2784 Illum
367 2742 505 2796 filium
543 2743 675 2796 fuisse
709 2744 912 2784 minorem
941 2743 992 2784 L.
1023 2741 1196 2784 Pisonis
1220 2742 1439 2796 pontificis
1470 2741 1566 2794 (cos.
1600 2757 1639 2784 a.
1669 2742 1777 2797 739),
1808 2742 1918 2784 hunc

193 2810 329 2865 filium
357 2811 556 2853 maiorem
582 2810 658 2855 Cn.
680 2811 850 2853 Pisonis
871 2824 952 2854 eos.
975 2825 1016 2852 a.
1040 2813 1122 2852 747
1139 2810 1424 2852 demonstrare
1443 2810 1604 2852 studuit
1622 2810 1919 2865 Dittenberyer

195 2878 253 2920 ad
271 2881 300 2921 t.
330 2878 393 2920 At
413 2892 504 2920 eum
523 2879 679 2920 notitia
697 2893 824 2932 quam
844 2878 1007 2932 quidem
1026 2878 1148 2920 hodie
1167 2877 1367 2920 habemus
1386 2877 1592 2920 Pisonum
1612 2879 1773 2921 saeculi
1781 2879 1920 2932 primi

193 2946 418 2989 admodum
441 2960 597 2989 manca
621 2950 660 2989 et
683 2947 835 2988 mutila
852 2947 920 2996 sit,
952 2947 1201 2988 coniecturis
1221 2946 1425 2988 eiusmodi
1438 2961 1600 3001 parum
1611 2950 1752 3000 potest
1771 2947 1916 2990 tribui.

109 3015 192 3057 248
223 3021 300 3058 GN.
333 3021 642 3057 CALPVRNIVS
673 3021 780 3056 Plso
812 3020 975 3068 FRVGI,
1009 3014 1159 3056 consul
1187 3014 1389 3056 suffectus
1410 3029 1446 3056 a.
1471 3015 1548 3057 731
1573 3035 1630 3050 =
1651 3016 1705 3057 23
1728 3030 1765 3057 a.
1790 3014 1837 3057 O.
1859 3039 1916 3044 —

195 3083 251 3125 In
291 3082 532 3125 consulatu:
570 3083 664 3138 [Cn.
704 3082 981 3139 Calpurn]ius
1022 3081 1101 3125 Cn.
1143 3081 1171 3124 f.
1215 3081 1293 3125 Cn.
1325 3097 1366 3126 n.
1399 3083 1499 3124 Piso
1530 3083 1639 3136 fasti
1664 3082 1912 3137 Capitolini,

194 3150 273 3193 On.
306 3150 570 3206 Calpurnius
607 3151 706 3192 Piso
736 3150 824 3192 Dio
854 3150 980 3192 index
1011 3150 1037 3191 l.
1068 3153 1122 3193 53
1132 3163 1145 3201 ,·
1186 3149 1447 3206 Calpurnius
1489 3151 1589 3193 Piso
1619 3150 1707 3193 Dio
1737 3154 1804 3201 53,
1836 3155 1917 3202 30;

194 3218 272 3260 Cn.
288 3219 388 3260 Piso
411 3219 520 3272 fasti
536 3219 687 3261 minor.
705 3219 766 3260 II
780 3218 882 3260 CIL
901 3218 934 3260 I
938 3219 954 3243 2
969 3232 1017 3272 p.
1029 3221 1095 3268 58,
1121 3218 1375 3269 Cassiodor.,
1398 3222 1579 3261 ceterum
1601 3219 1700 3261 Piso
1723 3219 1842 3272 fasti.
1862 3244 1914 3249 —

195 3286 273 3330 Cn.
303 3287 404 3328 Piso
445 3287 562 3341 apud
597 3287 849 3341 scriptores,·
888 3287 1022 3340 Frugi
1049 3287 1095 3328 in
1123 3287 1305 3328 nummis
1333 3286 1419 3341 filii
1446 3286 1654 3337 Babelon,
1688 3286 1916 3329 Monnaies

193 3355 243 3397 de
273 3355 318 3397 la
346 3355 590 3409 republiqzie
619 3355 830 3397 Romaine
850 3355 884 3397 I
899 3369 947 3409 p.
968 3357 1051 3396 306
1078 3368 1120 3396 n.
1143 3357 1208 3396 37.
