2202 3730
252 287 505 323 CORNELIA
1104 281 1186 322 472
1758 289 2046 326 CORNIFICIA

335 431 447 459 mum
477 431 632 459 annum
668 415 897 471 (Gallieni)
933 416 1146 467 tribuunt;
1184 430 1284 458 nam
1316 418 1498 460 nummis
1539 417 1745 470 Gallieni,
1783 421 1855 474 qui
1887 424 2047 463 sextum

335 485 535 527 decimum
556 484 746 526 exhibere
768 484 976 537 feruntur,
999 483 1102 538 fides
1124 484 1373 539 abroyanda
1394 488 1455 527 est
1474 486 1528 540 cf.
1544 500 1624 528 von
1640 486 1787 537 Sallet,
1810 487 1952 532 Daten
1974 489 2048 531 der

332 551 742 594 Alexandrinischcn
787 551 1124 595 Kaisermu'nzen
1158 567 1206 607 p.
1246 556 1308 594 73.
1382 553 1490 596 Erat
1539 569 1637 596 eum
1684 555 1904 609 Gallieno,
1949 571 2047 598 eum

333 619 639 662 Mediolanium
673 632 785 660 anno
817 619 899 660 268
931 619 1147 662 obsideret
1177 620 1374 662 Zonaras
1402 624 1471 671 12,
1502 624 1561 664 25
1581 637 1628 676 10.
1651 626 1732 665 147
1763 622 2055 677 ed.-Dindorf

333 686 516 739 (nomine
552 686 731 741 omisso).
800 685 1031 729 Probabile
1070 688 1201 742 iyitur
1244 691 1304 730 est
1333 691 1435 742 post
1472 703 1612 732 necem
1647 691 1798 732 mariti
1835 693 1874 733 et
1908 691 2047 745 ipsam

331 755 596 808 interfectam
625 768 722 797 esse.

275 849 332 853 —
360 830 576 865 AEMILIA
607 829 860 865 CORNELIA
891 830 1158 866 SCRIBONIA
1187 831 1404 868 MAXIMA.

252 892 356 934 1228
390 898 642 933 CORNELIA
675 898 941 944 SEVERINA,
972 893 1021 935 P.
1052 893 1094 947 f.,
1125 899 1263 935 mater
1283 893 1447 936 Valerii
1473 895 1629 949 Vegeti
1660 894 1848 937 consulis
1879 895 1935 950 (a.
1958 896 2044 951 91),

331 960 548 1002 flaminica
575 960 688 1014 Aug.
720 960 782 1003 II
802 964 916 1004 2074
952 964 980 1003 t.
1011 961 1045 1003 I
1047 961 1321 1004 liberritanus
1345 962 1516 1016 publice
1536 963 1715 1017 positus.

274 1053 331 1058 ——
359 1028 537 1071 Aufidia
567 1028 769 1071 Cornelia
798 1029 1044 1072 Valentilla.

274 1121 329 1125 —
359 1102 554 1138 LICINIA
586 1103 841 1139 CORNELIA
871 1104 1085 1140 VOLVSIA
1115 1104 1396 1150 TORQVATA.

272 1258 329 1263 —
357 1232 527 1275 Annius
559 1232 802 1278 Cornicula.

249 1301 355 1343 1229
386 1308 430 1343 L.
454 1307 780 1353 CORNIFICIVS,
802 1302 852 1346 L.
873 1303 902 1345 f.
923 1302 1011 1346 Dio
1032 1303 1119 1346 ind.
1144 1304 1168 1347 l.
1195 1307 1261 1354 49,
1285 1319 1397 1346 anno
1419 1304 1497 1347 711
1516 1324 1571 1339 =
1587 1305 1642 1347 43
1664 1319 1701 1347 a.
1720 1304 1768 1349 C.
1790 1304 1839 1350 C.
1862 1304 2047 1348 Caesare

331 1368 454 1424 (filio)
483 1376 658 1412 auctore
687 1370 747 1413 M.
778 1371 962 1413 Brutum
993 1373 1215 1414 accusavit
1245 1372 1358 1427 (leye
1388 1372 1541 1427 Pedia)
1573 1372 1798 1416 Plutarch.
1827 1373 1953 1418 Brut.
1973 1377 2045 1418 27.

328 1438 518 1492 Legatus
540 1437 738 1480 Caesaris
761 1438 873 1480 bello
905 1454 941 1481 a.
966 1440 1191 1482 716—718
1214 1460 1269 1475 Ξ
1290 1441 1459 1484 38—36
1489 1447 1640 1484 eontra
1665 1440 1766 1484 Sex.
1791 1441 2045 1498 Pompeium

329 1512 448 1560 gesto
476 1505 672 1548 interfuit
704 1506 882 1549 Velleius
910 1510 953 1558 2,
982 1511 1047 1558 79,
1074 1512 1112 1558 4,
1142 1509 1332 1563 Appian.
1368 1509 1460 1553 bell.
1491 1510 1566 1551 civ.
1598 1512 1636 1560 5,
1660 1511 1729 1551 80.
1749 1512 1816 1552 86.
1837 1513 1930 1553 111.
1950 1514 2046 1562 113,

328 1573 417 1616 Dio
446 1577 514 1624 49,
546 1577 644 1617 6-7.
705 1574 868 1618 Consul
908 1592 946 1619 a.
979 1577 1061 1619 719
1092 1597 1147 1611 =
1177 1577 1231 1620 35
1275 1592 1374 1619 eum
1416 1578 1517 1622 Sex,
1549 1579 1753 1634 Pompeio
1784 1577 1873 1621 Dio
1901 1579 1987 1622 ind.
2019 1579 2046 1622 l.

328 1645 406 1693 49,·
434 1645 501 1692 49,
533 1645 600 1684 18.
631 1645 696 1693 33,
736 1642 1000 1694 Οαεείοᾶον.,
1039 1643 1386 1700 Chronoyraph„
1417 1646 1526 1699 fasti
1553 1646 1688 1700 Hya,
1721 1646 1861 1689 chron.
1893 1647 2045 1690 Pasch.

329 1710 397 1752 III
427 1725 526 1753 non.
559 1711 666 1754 Deo.
698 1711 755 1766 (a.
789 1715 871 1755 721
900 1712 965 1754 vel
993 1716 1083 1756 722
1112 1733 1168 1747 =
1196 1712 1323 1757 33l32
1360 1717 1408 1755 ut
1445 1713 1626 1768 videtur)
1668 1729 1723 1756 ex
1751 1714 1904 1757 Africa
1934 1715 2049 1771 (pro-

329 1778 495 1833 consul)
518 1779 800 1835 triumphavit
821 1781 907 1824 tab.
929 1781 1127 1835 triumph.
1144 1781 1469 1824 Barberiniana
1490 1780 1589 1825 CIL
1609 1782 1643 1824 Ι
1648 1782 1663 1806 2
1676 1797 1725 1836 p.
1748 1786 1811 1826 76.
1847 1783 2046 1839 Augusto

328 1853 501 1889 auctore
531 1846 679 1888 aedem
711 1847 880 1890 Dianae
910 1850 1099 1891 restituit
1130 1849 1301 1892 Sueten.
1331 1848 1511 1904 Auyust.
1542 1853 1613 1892 29.

248 1916 356 1957 1230
387 1914 643 1957 Cornificius
676 1914 829 1958 Gallus
858 1916 1042 1971 Vergilii
1074 1917 1289 1972 Georgica
1318 1918 1450 1960 irrisit
1478 1932 1609 1960 versu
1640 1933 1766 1974 quem
1797 1919 1924 1961 affert
1950 1919 2046 1962 Gle-

332 1983 481 2026 donius
509 1983 699 2026 Gramm.
731 1984 829 2026 Lat.
863 1984 905 2027 V
915 2000 964 2039 p.
985 1989 1049 2028 43.
1075 2010 1126 2014 -
1157 1986 1361 2028 Fortasse
1390 1986 1499 2028 idem
1530 1989 1590 2028 est
1620 1986 1877 2029 Cornificius
1908 2001 2049 2043 gram-

329 2053 511 2094 maticus
533 2053 606 2108 qui
637 2053 794 2095 citatur
814 2052 929 2095 Fest.
944 2068 990 2108 p.
1008 2057 1105 2098 123.
1126 2057 1206 2097 166
1218 2055 1254 2098 b.
1276 2058 1360 2096 170
1372 2055 1409 2096 b.
1431 2057 1520 2098 182
1531 2069 1570 2098 a.
1593 2058 1674 2098 194
1688 2055 1726 2098 b.
1745 2058 1833 2098 217
1844 2056 1881 2099 b.
1902 2059 2045 2100 282α.

329 2122 408 2164 359
419 2121 455 2171 b,
487 2120 651 2163 Arnob.
672 2124 711 2171 3,
732 2124 797 2172 39,
830 2121 949 2164 Serv.
979 2123 1026 2164 in
1057 2121 1174 2177 Very.
1207 2122 1279 2165 ecl.
1302 2126 1346 2173 2,
1367 2125 1420 2165 39
1441 2137 1490 2177 p.
1510 2125 1564 2166 54
1593 2123 1655 2166 ed.
1693 2123 1817 2166 Thilo
1847 2124 1901 2178 cf.
1934 2124 2046 2176 adn„

323 2203 458 2243 yeory.
490 2192 529 2239 1,
560 2191 624 2239 55,
657 2188 764 2231 Aen.
792 2192 831 2240 3,
862 2192 948 2233 332
978 2190 1070 2244 (ubi
1099 2190 1285 2233 traditur
1317 2190 1574 2233 Cornificius
1604 2191 1815 2246 Longus),
1848 2191 2044 2248 Philam.

326 2258 372 2298 in
393 2256 464 2298 ecl.
485 2259 524 2307 3,
552 2259 651 2308 106;
681 2255 939 2299 Cornificius
959 2258 1219 2314 Etymorum
1248 2258 1356 2301 libro
1387 2260 1512 2301 tertio
1535 2259 1731 2302 Maerob.
1752 2263 1833 2302 sat.
1853 2264 1893 2311 1,
1915 2263 1954 2311 9,
1978 2264 2044 2312 11,

327 2326 372 2366 in
400 2325 569 2380 Etymis
598 2324 685 2367 ibd.
706 2329 743 2375 1,
765 2328 830 2375 17,
853 2329 911 2369 62
940 2327 992 2380 cf.
1016 2330 1054 2377 1,
1077 2330 1144 2377 17,
1167 2330 1216 2378 9;
1245 2330 1284 2377 1,
1305 2329 1369 2377 17,
1390 2330 1468 2378 33,·
1497 2331 1535 2378 1,
1556 2330 1627 2378 23,
1648 2331 1692 2371 2.

269 2417 326 2422 —
355 2399 536 2434 VELIVS
569 2399 885 2436 CORNIFICIVS
916 2400 1217 2437 GORDIANVS.

244 2463 349 2504 1231
384 2467 681 2516 GORNIFIOIA,
713 2461 803 2504 filia
828 2462 886 2505 M.
909 2463 1077 2506 Aurelii
1100 2470 1142 2505 et
1161 2464 1411 2516 Faustinae,
1443 2465 1564 2506 cuius
1585 2464 1677 2506 dies
1703 2464 1857 2507 natalis
1878 2480 1904 2507 a
1923 2471 2046 2521 patre

327 2535 585 2571 memoratur
603 2529 755 2572 Front.
778 2531 836 2572 ad
854 2530 1058 2574 Antonin.
1081 2533 1181 2586 imp.
1203 2535 1240 2583 1,
1262 2535 1288 2574 1
1313 2547 1358 2586 p.
1379 2534 1432 2574 94
1461 2532 1523 2576 ed.
1546 2532 1708 2575 Naber.
1760 2531 1878 2575 Certe
1907 2534 2047 2576 minor

327 2602 432 2640 natu
459 2612 585 2651 quam
614 2598 796 2641 Fadilla
823 2600 877 2653 cf.
907 2613 1040 2654 supra
1069 2601 1113 2642 A
1142 2604 1254 2643 1133
1264 2614 1288 2652 ,χ
1312 2604 1419 2643 nata
1447 2601 1580 2655 iqitur
1609 2602 1725 2643 circa
1754 2615 1794 2645 a.
1824 2604 1917 2645 165.
1975 2601 2046 2644 Ab

329 2665 548 2707 Antonino
573 2666 724 2708 Severi
754 2667 841 2709 filio
871 2669 980 2710 mori
1009 2670 1127 2710 iussa
1157 2684 1290 2710 venas
1321 2668 1509 2710 exsolvit
1533 2668 1620 2711 Dio
1642 2667 1732 2720 (ccl.
1755 2669 1804 2711 de
1831 2671 2048 2713 sententiis

334 2734 579 2789 Vaticanae)
611 2734 653 2776 V
665 2750 714 2788 p.
734 2739 819 2777 214
849 2736 911 2778 ed.
942 2736 1146 2790 Dindorf.
1206 2737 1367 2779 Eodem
1396 2740 1585 2791 spectare
1614 2737 1778 2779 videtur
1807 2737 2043 2783 Herodian.

326 2805 364 2851 4,
388 2805 425 2851 6,
447 2805 474 2842 3
494 2804 562 2859 τήν
583 2819 625 2844 τε
648 2801 865 2859 Κομμόδου
887 2806 1066 2861 ἀδελφὴν
1097 2807 1302 2862 πρεσβῦτιν
1332 2805 1406 2862 ἤδη
1440 2807 1504 2848 καὶ
1533 2807 1631 2861 πρὸς
1659 2808 1817 2849 πάντων
1847 2806 2042 2863 βασιλέων

327 2873 382 2916 ὡς
407 2870 575 2926 Μάρκου
617 2873 815 2928 θυγατέρα
852 2874 1113 2931 τετιμημένην
1145 2874 1381 2926 ἀπέκτεινεν,
1424 2876 1545 2917 αἰτιάν
1577 2876 1789 2931 ἐπαγαγὼν
1821 2878 1877 2922 ὡς
1907 2876 2045 2931 δακρυ-

328 2941 430 2995 σάσῃ
457 2939 563 2996 παρὰ
591 2946 642 2995 τῇ
672 2943 785 2997 μητρὶ
815 2942 934 2984 αὐτοῦ
965 2944 1026 2985 ἐπὶ
1056 2951 1115 3000 τῷ
1143 2947 1213 2985 τοῦ
1241 2945 1381 2989 παιδὸς
1410 2943 1531 2999 φόνῳ,
1563 2942 1638 2985 sed
1655 2943 1794 2985 nescio
1819 2957 1876 2985 an
1897 2946 2044 2985 auctor

328 3006 556 3049 levissimus
586 3007 722 3059 filium
752 3024 869 3062 quem
901 3011 1004 3053 dicit
1044 3011 1281 3064 confuderit
1320 3025 1412 3053 eum
1452 3011 1514 3055 Ti.
1547 3010 1730 3054 Claudio
1760 3011 1912 3054 Severo
1939 3011 2046 3054 Pro-

328 3074 419 3116 culo
460 3075 512 3128 cf.
543 3089 584 3119 n.
615 3078 695 3118 814
725 3078 816 3130 (ubi
835 3093 883 3131 10.
915 3082 997 3120 400
1028 3079 1054 3121 l.
1081 3081 1108 3121 5
1127 3093 1213 3133 pro
1243 3078 1395 3121 ‘Vibia
1423 3079 1620 3121 Aurelia‘
1654 3079 1945 3134 corriyendum
1983 3083 2045 3122 est

326 3140 630 3198 ‘Cornificia‘).
681 3143 913 3188 Cornifieia
932 3147 1120 3202 Augusti
1143 3148 1216 3202 (=
1238 3146 1479 3200 Commodi)
1511 3162 1631 3189 soror
1659 3150 1917 3190 memoratur
1941 3148 1989 3190 in
2013 3151 2042 3190 t.

328 3211 438 3252 servi
468 3210 535 3253 VI
557 3214 680 3256 8721.
704 3237 755 3241 -
778 3214 944 3256 Eadem
973 3215 1137 3257 videtur
1165 3215 1409 3270 Cornifieia‚
1443 3230 1574 3272 quam
1603 3215 1880 3258 infamissime
1908 3215 2044 3258 Perti-

327 3293 414 3320 nax
444 3278 604 3321 dieitur
633 3279 837 3323 dilexisse
867 3283 938 3324 vit.
962 3283 1077 3325 Pert.
1098 3287 1162 3334 13,
1185 3286 1224 3326 8.

273 3371 326 3381 -.—
356 3353 605 3389 FAVSTINA
635 3354 858 3391 VMMIDIA
891 3356 1177 3393 CORNIFICIA
1207 3352 1299 3394 vide
1328 3352 1404 3394 sub
1436 3357 1670 3394 VMMLDIA.
