<?xml version="1.0" encoding="UTF-8"?>
<!DOCTYPE html PUBLIC "-//W3C//DTD XHTML 1.0 Transitional//EN"
    "http://www.w3.org/TR/xhtml1/DTD/xhtml1-transitional.dtd">
<html xmlns="http://www.w3.org/1999/xhtml" xml:lang="en" lang="en">
 <head>
  <title>
</title>
<meta http-equiv="Content-Type" content="text/html;charset=utf-8" />
  <meta name='ocr-system' content='tesseract 3.04.00' />
  <meta name='ocr-capabilities' content='ocr_page ocr_carea ocr_par ocr_line ocrx_word'/>
</head>
<body>
  <div class='ocr_page' id='page_1' title='image "./prosopographiaim01akaduoft/prosopographiaim01akaduoft_0362.png"; bbox 0 0 2202 3730; ppageno 0'>
   <div class='ocr_carea' id='block_1_1' title="bbox 294 259 2087 306">
    <p class='ocr_par' dir='ltr' id='par_1_1' title="bbox 294 259 2087 306">
     <span class='ocr_line' id='line_1_1' title="bbox 294 259 2087 306; baseline -0.003 0"><span class='ocrx_word' id='word_1_1' title='bbox 294 269 608 306; x_wconf 88' lang='lat' dir='ltr'><strong>CLAVDIANVS</strong></span> <span class='ocrx_word' id='word_1_2' title='bbox 1145 259 1229 301; x_wconf 85' lang='grc'><em>346</em></span> <span class='ocrx_word' id='word_1_3' title='bbox 1842 264 2087 300; x_wconf 84' lang='lat' dir='ltr'>CLAVDIVS</span> 
     </span>
    </p>
   </div>
   <div class='ocr_carea' id='block_1_2' title="bbox 322 329 1416 337">
    <p class='ocr_par' dir='ltr' id='par_1_2' title="bbox 322 329 1416 337">
     <span class='ocr_line' id='line_1_2' title="bbox 322 329 1416 337; baseline 0 0"><span class='ocrx_word' id='word_1_4' title='bbox 322 329 1416 337; x_wconf 95' lang='lat' dir='ltr'><em> </em></span> 
     </span>
    </p>
   </div>
   <div class='ocr_carea' id='block_1_3' title="bbox 1931 328 2086 332">
    <p class='ocr_par' dir='ltr' id='par_1_3' title="bbox 1931 328 2086 332">
     <span class='ocr_line' id='line_1_3' title="bbox 1931 328 2086 332; baseline 0 0"><span class='ocrx_word' id='word_1_5' title='bbox 1931 328 2086 332; x_wconf 95' lang='lat' dir='ltr'><em> </em></span> 
     </span>
    </p>
   </div>
   <div class='ocr_carea' id='block_1_4' title="bbox 293 393 2146 3378">
    <p class='ocr_par' dir='ltr' id='par_1_4' title="bbox 293 393 2091 658">
     <span class='ocr_line' id='line_1_4' title="bbox 293 393 2089 449; baseline -0.005 -5"><span class='ocrx_word' id='word_1_6' title='bbox 293 402 369 444; x_wconf 87' lang='grc'><em>621</em></span> <span class='ocrx_word' id='word_1_7' title='bbox 422 434 458 443; x_wconf 94' lang='grc'><em>..</em></span> <span class='ocrx_word' id='word_1_8' title='bbox 477 433 486 441; x_wconf 91' lang='grc'><strong>.</strong></span> <span class='ocrx_word' id='word_1_9' title='bbox 504 405 562 440; x_wconf 87' lang='lat' dir='ltr'><em>VS</em></span> <span class='ocrx_word' id='word_1_10' title='bbox 595 402 911 439; x_wconf 86' lang='lat' dir='ltr'>CLAVDIANVS</span> <span class='ocrx_word' id='word_1_11' title='bbox 944 395 1091 449; x_wconf 76' lang='lat' dir='ltr'><em>posuit</em></span> <span class='ocrx_word' id='word_1_12' title='bbox 1124 397 1150 438; x_wconf 86' lang='lat' dir='ltr'><em>t.</em></span> <span class='ocrx_word' id='word_1_13' title='bbox 1182 393 1350 436; x_wconf 78' lang='lat' dir='ltr'><em>Xanthi</em></span> <span class='ocrx_word' id='word_1_14' title='bbox 1376 394 1423 436; x_wconf 92' lang='lat' dir='ltr'><em>in</em></span> <span class='ocrx_word' id='word_1_15' title='bbox 1452 395 1588 449; x_wconf 76' lang='lat' dir='ltr'><em>Isycia</em></span> <span class='ocrx_word' id='word_1_16' title='bbox 1615 397 1824 448; x_wconf 79' lang='lat' dir='ltr'><em>repertum</em></span> <span class='ocrx_word' id='word_1_17' title='bbox 1852 393 2089 447; x_wconf 76' lang='lat' dir='ltr'><em>Benndorf‚</em></span> 
     </span>
     <span class='ocr_line' id='line_1_5' title="bbox 378 462 2090 519; baseline -0.004 -9"><span class='ocrx_word' id='word_1_18' title='bbox 378 468 532 510; x_wconf 78' lang='lat' dir='ltr'><em>Reisen</em></span> <span class='ocrx_word' id='word_1_19' title='bbox 552 467 597 507; x_wconf 81' lang='lat' dir='ltr'><em>in</em></span> <span class='ocrx_word' id='word_1_20' title='bbox 618 465 774 519; x_wconf 70' lang='lat' dir='ltr'><em>Lycien</em></span> <span class='ocrx_word' id='word_1_21' title='bbox 793 463 882 505; x_wconf 90' lang='lat' dir='ltr'><em>und</em></span> <span class='ocrx_word' id='word_1_22' title='bbox 901 463 1071 505; x_wconf 83' lang='lat' dir='ltr'><em>Karien</em></span> <span class='ocrx_word' id='word_1_23' title='bbox 1092 477 1139 516; x_wconf 81' lang='lat'><em>1⁰·</em></span> <span class='ocrx_word' id='word_1_24' title='bbox 1155 465 1214 504; x_wconf 82' lang='lat'><em>92</em></span> <span class='ocrx_word' id='word_1_25' title='bbox 1234 476 1275 504; x_wconf 92' lang='lat' dir='ltr'><em>n.</em></span> <span class='ocrx_word' id='word_1_26' title='bbox 1294 465 1346 504; x_wconf 83' lang='lat'><em>76·</em></span> <span class='ocrx_word' id='word_1_27' title='bbox 1367 462 1424 516; x_wconf 83' lang='lat'><em>(1)</em></span> <span class='ocrx_word' id='word_1_28' title='bbox 1455 464 1510 516; x_wconf 81' lang='lat' dir='ltr'><em>cf.</em></span> <span class='ocrx_word' id='word_1_29' title='bbox 1540 462 1785 516; x_wconf 74' lang='lat' dir='ltr'><em>Nachtraqe</em></span> <span class='ocrx_word' id='word_1_30' title='bbox 1804 465 1904 517; x_wconf 79' lang='lat' dir='ltr'><em>post</em></span> <span class='ocrx_word' id='word_1_31' title='bbox 1925 476 1973 516; x_wconf 76' lang='lat' dir='ltr'><em>p.</em></span> <span class='ocrx_word' id='word_1_32' title='bbox 1989 463 2090 512; x_wconf 87' lang='lat'><em>156;</em></span> 
     </span>
     <span class='ocr_line' id='line_1_6' title="bbox 378 529 2091 585; baseline -0.004 -8"><span class='ocrx_word' id='word_1_33' title='bbox 378 535 486 577; x_wconf 76' lang='lat' dir='ltr'><em>idem</em></span> <span class='ocrx_word' id='word_1_34' title='bbox 520 533 746 575; x_wconf 83' lang='lat' dir='ltr'><em>memorari</em></span> <span class='ocrx_word' id='word_1_35' title='bbox 774 531 936 573; x_wconf 86' lang='lat' dir='ltr'><em>videtur</em></span> <span class='ocrx_word' id='word_1_36' title='bbox 964 531 1010 572; x_wconf 92' lang='lat' dir='ltr'><em>in</em></span> <span class='ocrx_word' id='word_1_37' title='bbox 1038 532 1276 585; x_wconf 79' lang='lat' dir='ltr'><em>fraqmento</em></span> <span class='ocrx_word' id='word_1_38' title='bbox 1307 532 1334 571; x_wconf 91' lang='lat' dir='ltr'><em>t.</em></span> <span class='ocrx_word' id='word_1_39' title='bbox 1366 529 1520 572; x_wconf 87' lang='lat' dir='ltr'><em>ibidem</em></span> <span class='ocrx_word' id='word_1_40' title='bbox 1549 531 1706 585; x_wconf 76' lang='lat' dir='ltr'><em>reperti</em></span> <span class='ocrx_word' id='word_1_41' title='bbox 1740 545 1782 573; x_wconf 87' lang='lat' dir='ltr'><em>n.</em></span> <span class='ocrx_word' id='word_1_42' title='bbox 1810 533 1861 572; x_wconf 80' lang='lat'><em>74</em></span> <span class='ocrx_word' id='word_1_43' title='bbox 1890 530 1949 584; x_wconf 84' lang='lat'><em>(2)</em></span> <span class='ocrx_word' id='word_1_44' title='bbox 1978 543 2015 571; x_wconf 87' lang='lat' dir='ltr'><em>v.</em></span> <span class='ocrx_word' id='word_1_45' title='bbox 2043 531 2091 572; x_wconf 88' lang='lat'><em>5:</em></span> 
     </span>
     <span class='ocr_line' id='line_1_7' title="bbox 379 602 671 658; baseline -0.01 -13"><span class='ocrx_word' id='word_1_46' title='bbox 379 602 671 658; x_wconf 78' lang='grc' dir='ltr'>[Κλα]υδιανοῦ.</span> 
     </span>
    </p>

    <p class='ocr_par' dir='ltr' id='par_1_5' title="bbox 373 666 2146 2073">
     <span class='ocr_line' id='line_1_8' title="bbox 463 666 2091 724; baseline -0.002 -12"><span class='ocrx_word' id='word_1_47' title='bbox 463 703 474 712; x_wconf 94' lang='grc'><strong>.</strong></span> <span class='ocrx_word' id='word_1_48' title='bbox 493 702 502 711; x_wconf 95' lang='grc'><strong><em>.</em></strong></span> <span class='ocrx_word' id='word_1_49' title='bbox 521 702 531 711; x_wconf 92' lang='grc'><strong>.</strong></span> <span class='ocrx_word' id='word_1_50' title='bbox 548 686 590 715; x_wconf 83' lang='grc' dir='ltr'><em>ος</em></span> <span class='ocrx_word' id='word_1_51' title='bbox 620 667 868 713; x_wconf 79' lang='grc' dir='ltr'>Κλαυῧιανὸς</span> <span class='ocrx_word' id='word_1_52' title='bbox 896 667 964 713; x_wconf 83' lang='grc' dir='ltr'><em>τὰς</em></span> <span class='ocrx_word' id='word_1_53' title='bbox 993 666 1034 709; x_wconf 83' lang='grc' dir='ltr'><em>ἐν</em></span> <span class='ocrx_word' id='word_1_54' title='bbox 1074 669 1210 722; x_wconf 82' lang='grc' dir='ltr'>ἱππικῇ</span> <span class='ocrx_word' id='word_1_55' title='bbox 1249 668 1353 714; x_wconf 73' lang='grc' dir='ltr'><strong>τάξει</strong></span> <span class='ocrx_word' id='word_1_56' title='bbox 1393 668 1519 724; x_wconf 82' lang='grc' dir='ltr'>ἀρχὰς</span> <span class='ocrx_word' id='word_1_57' title='bbox 1551 667 1719 710; x_wconf 78' lang='grc' dir='ltr'>διελθὼν</span> <span class='ocrx_word' id='word_1_58' title='bbox 1753 666 1869 722; x_wconf 85' lang='grc' dir='ltr'>μέχρι</span> <span class='ocrx_word' id='word_1_59' title='bbox 1898 666 2091 722; x_wconf 85' lang='grc' dir='ltr'>ἐπιτροπι-</span> 
     </span>
     <span class='ocr_line' id='line_1_9' title="bbox 378 733 2093 793; baseline -0.004 -11"><span class='ocrx_word' id='word_1_60' title='bbox 378 758 400 782; x_wconf 81' lang='grc' dir='ltr'>κ</span> <span class='ocrx_word' id='word_1_61' title='bbox 413 770 531 782; x_wconf 88' lang='grc'><strong>.....</strong></span> <span class='ocrx_word' id='word_1_62' title='bbox 564 741 716 793; x_wconf 82' lang='grc' dir='ltr'>πρῶτος</span> <span class='ocrx_word' id='word_1_63' title='bbox 746 737 998 792; x_wconf 81' lang='grc' dir='ltr'>συνκλητικὸς</span> <span class='ocrx_word' id='word_1_64' title='bbox 1037 735 1248 791; x_wconf 83' lang='grc' dir='ltr'>γενόμενος</span> <span class='ocrx_word' id='word_1_65' title='bbox 1281 739 1350 777; x_wconf 79' lang='grc' dir='ltr'><em>τοῦ</em></span> <span class='ocrx_word' id='word_1_66' title='bbox 1382 737 1508 793; x_wconf 81' lang='grc' dir='ltr'>δήμου</span> <span class='ocrx_word' id='word_1_67' title='bbox 1539 740 1616 777; x_wconf 84' lang='grc' dir='ltr'><em>τῶν</em></span> <span class='ocrx_word' id='word_1_68' title='bbox 1649 733 1862 790; x_wconf 82' lang='grc' dir='ltr'>Ῥωμαίων</span> <span class='ocrx_word' id='word_1_69' title='bbox 1903 736 1966 776; x_wconf 84' lang='grc' dir='ltr'><em>καὶ</em></span> <span class='ocrx_word' id='word_1_70' title='bbox 2006 749 2093 789; x_wconf 86' lang='grc' dir='ltr'>πρε-</span> 
     </span>
     <span class='ocr_line' id='line_1_10' title="bbox 381 801 2094 864; baseline -0.004 -15"><span class='ocrx_word' id='word_1_71' title='bbox 381 809 543 864; x_wconf 83' lang='grc' dir='ltr'>σβευτὴς</span> <span class='ocrx_word' id='word_1_72' title='bbox 574 807 872 861; x_wconf 81' lang='grc' dir='ltr'><strong>ἀντιστράτηγος</strong></span> <span class='ocrx_word' id='word_1_73' title='bbox 897 805 1120 859; x_wconf 85' lang='grc' dir='ltr'>ἐπαρχειῶν</span> <span class='ocrx_word' id='word_1_74' title='bbox 1151 801 1306 858; x_wconf 82' lang='grc' dir='ltr'>Ἀχαίας</span> <span class='ocrx_word' id='word_1_75' title='bbox 1326 806 1389 846; x_wconf 89' lang='grc' dir='ltr'><em>καὶ</em></span> <span class='ocrx_word' id='word_1_76' title='bbox 1412 801 1535 849; x_wconf 78' lang='grc' dir='ltr'>Ἀσίας</span> <span class='ocrx_word' id='word_1_77' title='bbox 1567 835 1576 845; x_wconf 92' lang='grc'><strong>.</strong></span> <span class='ocrx_word' id='word_1_78' title='bbox 1597 838 1604 845; x_wconf 95' lang='grc'><em>.</em></span> <span class='ocrx_word' id='word_1_79' title='bbox 1625 836 1634 845; x_wconf 95' lang='grc'><strong>.</strong></span> <span class='ocrx_word' id='word_1_80' title='bbox 1652 835 1661 844; x_wconf 94' lang='grc'><strong>.</strong></span> <span class='ocrx_word' id='word_1_81' title='bbox 1691 805 1879 858; x_wconf 84' lang='grc' dir='ltr'><strong>λεγιῶνος</strong></span> <span class='ocrx_word' id='word_1_82' title='bbox 1909 802 2094 858; x_wconf 83' lang='grc' dir='ltr'>δευτέρας</span> 
     </span>
     <span class='ocr_line' id='line_1_11' title="bbox 378 870 2094 931; baseline -0.004 -13"><span class='ocrx_word' id='word_1_83' title='bbox 378 876 571 931; x_wconf 80' lang='grc' dir='ltr'>Τραιανῆς</span> <span class='ocrx_word' id='word_1_84' title='bbox 600 875 762 929; x_wconf 83' lang='grc' dir='ltr'>ἰσχυρᾶς</span> <span class='ocrx_word' id='word_1_85' title='bbox 791 874 854 915; x_wconf 82' lang='grc' dir='ltr'><em>καὶ</em></span> <span class='ocrx_word' id='word_1_86' title='bbox 885 872 1109 918; x_wconf 75' lang='grc' dir='ltr'>ἀνθύπατος</span> <span class='ocrx_word' id='word_1_87' title='bbox 1130 871 1380 918; x_wconf 80' lang='grc' dir='ltr'>Μακεδονίας</span> <span class='ocrx_word' id='word_1_88' title='bbox 1409 875 1459 927; x_wconf 82' lang='grc' dir='ltr'><em>τῇ</em></span> <span class='ocrx_word' id='word_1_89' title='bbox 1488 873 1640 927; x_wconf 80' lang='grc' dir='ltr'>πατρίδι</span> <span class='ocrx_word' id='word_1_90' title='bbox 1661 905 1670 914; x_wconf 94' lang='grc'><strong><em>.</em></strong></span> <span class='ocrx_word' id='word_1_91' title='bbox 1690 905 1698 914; x_wconf 96' lang='grc'><em>.</em></span> <span class='ocrx_word' id='word_1_92' title='bbox 1718 905 1726 914; x_wconf 94' lang='grc'><em>.</em></span> <span class='ocrx_word' id='word_1_93' title='bbox 1759 871 1822 914; x_wconf 70' lang='lat' dir='ltr'><em>tit.</em></span> <span class='ocrx_word' id='word_1_94' title='bbox 1842 874 1880 913; x_wconf 89' lang='lat'><em>1.</em></span> <span class='ocrx_word' id='word_1_95' title='bbox 1904 896 1955 902; x_wconf 89' lang='lat'><em>——</em></span> <span class='ocrx_word' id='word_1_96' title='bbox 1978 870 2094 923; x_wconf 77' lang='lat' dir='ltr'><em>Quae</em></span> 
     </span>
     <span class='ocr_line' id='line_1_12' title="bbox 376 938 2094 996; baseline -0.003 -11"><span class='ocrx_word' id='word_1_97' title='bbox 376 944 504 985; x_wconf 84' lang='lat' dir='ltr'><em>verba</em></span> <span class='ocrx_word' id='word_1_98' title='bbox 535 945 631 983; x_wconf 84' lang='lat' dir='ltr'><em>ante</em></span> <span class='ocrx_word' id='word_1_99' title='bbox 662 945 815 996; x_wconf 81' lang='grc' dir='ltr'>πρῶτος</span> <span class='ocrx_word' id='word_1_100' title='bbox 836 940 1056 993; x_wconf 74' lang='lat' dir='ltr'><em>perierint,</em></span> <span class='ocrx_word' id='word_1_101' title='bbox 1089 939 1199 992; x_wconf 91' lang='lat' dir='ltr'><em>quod</em></span> <span class='ocrx_word' id='word_1_102' title='bbox 1224 939 1335 982; x_wconf 90' lang='lat' dir='ltr'><em>nude</em></span> <span class='ocrx_word' id='word_1_103' title='bbox 1354 940 1539 994; x_wconf 76' lang='lat' dir='ltr'><em>positum</em></span> <span class='ocrx_word' id='word_1_104' title='bbox 1571 939 1682 993; x_wconf 81' lang='lat' dir='ltr'><em>ferri</em></span> <span class='ocrx_word' id='word_1_105' title='bbox 1707 938 1861 992; x_wconf 86' lang='lat' dir='ltr'><em>nequit,</em></span> <span class='ocrx_word' id='word_1_106' title='bbox 1891 951 1975 979; x_wconf 86' lang='lat' dir='ltr'><em>non</em></span> <span class='ocrx_word' id='word_1_107' title='bbox 2000 951 2094 980; x_wconf 89' lang='lat' dir='ltr'><em>con-</em></span> 
     </span>
     <span class='ocr_line' id='line_1_13' title="bbox 377 1005 2095 1064; baseline -0.003 -11"><span class='ocrx_word' id='word_1_108' title='bbox 377 1015 472 1061; x_wconf 86' lang='lat' dir='ltr'><em>stat,</em></span> <span class='ocrx_word' id='word_1_109' title='bbox 511 1023 764 1064; x_wconf 89' lang='lat' dir='ltr'><em>quamquam</em></span> <span class='ocrx_word' id='word_1_110' title='bbox 805 1008 1009 1051; x_wconf 87' lang='lat' dir='ltr'><em>sententia</em></span> <span class='ocrx_word' id='word_1_111' title='bbox 1044 1009 1116 1050; x_wconf 78' lang='lat' dir='ltr'><em>vix</em></span> <span class='ocrx_word' id='word_1_112' title='bbox 1155 1007 1286 1050; x_wconf 85' lang='lat' dir='ltr'><em>dubia</em></span> <span class='ocrx_word' id='word_1_113' title='bbox 1324 1011 1384 1050; x_wconf 91' lang='lat' dir='ltr'><em>est</em></span> <span class='ocrx_word' id='word_1_114' title='bbox 1417 1007 1708 1050; x_wconf 74' lang='lat' dir='ltr'><em>Claudianum</em></span> <span class='ocrx_word' id='word_1_115' title='bbox 1738 1006 1928 1060; x_wconf 78' lang='lat' dir='ltr'><em>primwm</em></span> <span class='ocrx_word' id='word_1_116' title='bbox 1961 1005 2095 1060; x_wconf 80' lang='lat' dir='ltr'><em>qentis</em></span> 
     </span>
     <span class='ocr_line' id='line_1_14' title="bbox 377 1073 2096 1130; baseline -0.003 -10"><span class='ocrx_word' id='word_1_117' title='bbox 377 1093 478 1121; x_wconf 91' lang='lat' dir='ltr'><em>suae</em></span> <span class='ocrx_word' id='word_1_118' title='bbox 516 1079 562 1119; x_wconf 90' lang='lat' dir='ltr'><em>in</em></span> <span class='ocrx_word' id='word_1_119' title='bbox 602 1077 788 1119; x_wconf 90' lang='lat' dir='ltr'><em>ordinem</em></span> <span class='ocrx_word' id='word_1_120' title='bbox 827 1076 1130 1130; x_wconf 74' lang='lat' dir='ltr'><em>amplissimum</em></span> <span class='ocrx_word' id='word_1_121' title='bbox 1167 1075 1375 1118; x_wconf 86' lang='lat' dir='ltr'><em>adlectum</em></span> <span class='ocrx_word' id='word_1_122' title='bbox 1415 1089 1512 1118; x_wconf 87' lang='lat' dir='ltr'><em>esse.</em></span> <span class='ocrx_word' id='word_1_123' title='bbox 1571 1075 1680 1117; x_wconf 91' lang='lat' dir='ltr'><em>Item</em></span> <span class='ocrx_word' id='word_1_124' title='bbox 1710 1074 1929 1117; x_wconf 80' lang='lat' dir='ltr'><em>dubitatur</em></span> <span class='ocrx_word' id='word_1_125' title='bbox 1958 1073 2007 1116; x_wconf 90' lang='lat' dir='ltr'><em>de</em></span> <span class='ocrx_word' id='word_1_126' title='bbox 2041 1073 2096 1115; x_wconf 87' lang='lat' dir='ltr'><em>iis</em></span> 
     </span>
     <span class='ocr_line' id='line_1_15' title="bbox 377 1134 2095 1201; baseline -0.003 -13"><span class='ocrx_word' id='word_1_127' title='bbox 377 1161 482 1200; x_wconf 86' lang='lat' dir='ltr'><em>quae</em></span> <span class='ocrx_word' id='word_1_128' title='bbox 513 1149 609 1188; x_wconf 89' lang='lat' dir='ltr'><em>ante</em></span> <span class='ocrx_word' id='word_1_129' title='bbox 640 1144 868 1201; x_wconf 78' lang='grc' dir='ltr'>[λεγεῶν]ος</span> <span class='ocrx_word' id='word_1_130' title='bbox 899 1134 1082 1201; x_wconf 63' lang='grc' dir='ltr'>ὃευτέραζ·</span> <span class='ocrx_word' id='word_1_131' title='bbox 1112 1143 1307 1200; x_wconf 81' lang='grc' dir='ltr'>Τραιανῆς</span> <span class='ocrx_word' id='word_1_132' title='bbox 1335 1144 1507 1197; x_wconf 80' lang='lat' dir='ltr'><em>fuerint.</em></span> <span class='ocrx_word' id='word_1_133' title='bbox 1571 1142 1687 1185; x_wconf 90' lang='lat' dir='ltr'><em>Nam</em></span> <span class='ocrx_word' id='word_1_134' title='bbox 1716 1141 1826 1196; x_wconf 90' lang='lat' dir='ltr'><em>quod</em></span> <span class='ocrx_word' id='word_1_135' title='bbox 1848 1141 1896 1186; x_wconf 87' lang='lat' dir='ltr'><em>O.</em></span> <span class='ocrx_word' id='word_1_136' title='bbox 1918 1140 2095 1184; x_wconf 85' lang='lat' dir='ltr'><em>Hirsch-</em></span> 
     </span>
     <span class='ocr_line' id='line_1_16' title="bbox 378 1211 2146 1268; baseline -0.003 -11"><span class='ocrx_word' id='word_1_137' title='bbox 378 1214 465 1268; x_wconf 79' lang='lat' dir='ltr'><em>feld</em></span> <span class='ocrx_word' id='word_1_138' title='bbox 501 1213 765 1268; x_wconf 76' lang='lat' dir='ltr'><em>suppleverat</em></span> <span class='ocrx_word' id='word_1_139' title='bbox 805 1211 918 1267; x_wconf 82' lang='grc' dir='ltr'>[καί],</span> <span class='ocrx_word' id='word_1_140' title='bbox 958 1213 1022 1254; x_wconf 90' lang='lat' dir='ltr'><em>ita</em></span> <span class='ocrx_word' id='word_1_141' title='bbox 1055 1215 1103 1254; x_wconf 90' lang='lat' dir='ltr'><em>ut</em></span> <span class='ocrx_word' id='word_1_142' title='bbox 1138 1211 1408 1254; x_wconf 75' lang='lat' dir='ltr'><em>Claudianus</em></span> <span class='ocrx_word' id='word_1_143' title='bbox 1447 1214 1550 1254; x_wconf 90' lang='lat' dir='ltr'><em>esset</em></span> <span class='ocrx_word' id='word_1_144' title='bbox 1590 1211 1749 1265; x_wconf 78' lang='lat' dir='ltr'><em>leqatus</em></span> <span class='ocrx_word' id='word_1_145' title='bbox 1781 1225 1866 1265; x_wconf 73' lang='lat' dir='ltr'><em>pro</em></span> <span class='ocrx_word' id='word_1_146' title='bbox 1897 1213 2097 1264; x_wconf 70' lang='lat' dir='ltr'><em>praetore</em></span> <span class='ocrx_word' id='word_1_147' title='bbox 2143 1232 2146 1236; x_wconf 86' lang='lat'>-</span> 
     </span>
     <span class='ocr_line' id='line_1_17' title="bbox 373 1277 2097 1337; baseline -0.002 -13"><span class='ocrx_word' id='word_1_148' title='bbox 373 1282 691 1337; x_wconf 74' lang='lat' dir='ltr'><em>provinciarum</em></span> <span class='ocrx_word' id='word_1_149' title='bbox 719 1280 911 1323; x_wconf 76' lang='lat' dir='ltr'><em>Achaiae</em></span> <span class='ocrx_word' id='word_1_150' title='bbox 941 1283 980 1322; x_wconf 93' lang='lat' dir='ltr'><em>et</em></span> <span class='ocrx_word' id='word_1_151' title='bbox 1008 1280 1153 1330; x_wconf 84' lang='lat' dir='ltr'><em>Asiae,</em></span> <span class='ocrx_word' id='word_1_152' title='bbox 1185 1280 1283 1321; x_wconf 82' lang='lat' dir='ltr'><em>item</em></span> <span class='ocrx_word' id='word_1_153' title='bbox 1314 1279 1487 1334; x_wconf 77' lang='lat' dir='ltr'><em>leqionis</em></span> <span class='ocrx_word' id='word_1_154' title='bbox 1516 1279 1577 1321; x_wconf 91' lang='lat' dir='ltr'><em>II</em></span> <span class='ocrx_word' id='word_1_155' title='bbox 1604 1279 1833 1329; x_wconf 83' lang='lat' dir='ltr'><em>Traianae,</em></span> <span class='ocrx_word' id='word_1_156' title='bbox 1863 1277 2097 1320; x_wconf 78' lang='lat' dir='ltr'><em>Mommsen</em></span> 
     </span>
     <span class='ocr_line' id='line_1_18' title="bbox 379 1347 2097 1403; baseline -0.002 -11"><span class='ocrx_word' id='word_1_157' title='bbox 379 1354 527 1393; x_wconf 89' lang='lat' dir='ltr'><em>contra</em></span> <span class='ocrx_word' id='word_1_158' title='bbox 556 1349 664 1391; x_wconf 75' lang='lat' dir='ltr'><em>dixit</em></span> <span class='ocrx_word' id='word_1_159' title='bbox 694 1349 891 1403; x_wconf 77' lang='lat' dir='ltr'><em>leqionem</em></span> <span class='ocrx_word' id='word_1_160' title='bbox 920 1348 1041 1390; x_wconf 82' lang='lat' dir='ltr'><em>illam</em></span> <span class='ocrx_word' id='word_1_161' title='bbox 1070 1362 1230 1403; x_wconf 75' lang='lat' dir='ltr'><em>semper</em></span> <span class='ocrx_word' id='word_1_162' title='bbox 1259 1348 1305 1390; x_wconf 88' lang='lat' dir='ltr'><em>in</em></span> <span class='ocrx_word' id='word_1_163' title='bbox 1333 1347 1524 1402; x_wconf 73' lang='lat' dir='ltr'><em>Aeqypto</em></span> <span class='ocrx_word' id='word_1_164' title='bbox 1564 1347 1782 1389; x_wconf 83' lang='lat' dir='ltr'><em>tetendisse</em></span> <span class='ocrx_word' id='word_1_165' title='bbox 1821 1347 1937 1400; x_wconf 84' lang='lat' dir='ltr'><em>eique</em></span> <span class='ocrx_word' id='word_1_166' title='bbox 1967 1361 2097 1401; x_wconf 77' lang='lat' dir='ltr'><em>prae-</em></span> 
     </span>
     <span class='ocr_line' id='line_1_19' title="bbox 381 1414 2096 1472; baseline -0.002 -12"><span class='ocrx_word' id='word_1_167' title='bbox 381 1419 509 1472; x_wconf 81' lang='lat' dir='ltr'><em>fuisse</em></span> <span class='ocrx_word' id='word_1_168' title='bbox 538 1418 807 1472; x_wconf 74' lang='lat' dir='ltr'><em>praefectum</em></span> <span class='ocrx_word' id='word_1_169' title='bbox 846 1417 1007 1459; x_wconf 78' lang='lat' dir='ltr'><em>ordinis</em></span> <span class='ocrx_word' id='word_1_170' title='bbox 1037 1417 1248 1470; x_wconf 80' lang='lat' dir='ltr'><em>equestris,</em></span> <span class='ocrx_word' id='word_1_171' title='bbox 1308 1416 1460 1469; x_wconf 88' lang='lat' dir='ltr'><em>Itaque</em></span> <span class='ocrx_word' id='word_1_172' title='bbox 1488 1416 1669 1458; x_wconf 89' lang='lat' dir='ltr'><em>scribere</em></span> <span class='ocrx_word' id='word_1_173' title='bbox 1698 1415 1851 1457; x_wconf 82' lang='lat' dir='ltr'><em>maluit</em></span> <span class='ocrx_word' id='word_1_174' title='bbox 1879 1414 2096 1472; x_wconf 83' lang='grc' dir='ltr'>[ἔπαρχος].</span> 
     </span>
     <span class='ocr_line' id='line_1_20' title="bbox 378 1483 2096 1540; baseline -0.002 -12"><span class='ocrx_word' id='word_1_175' title='bbox 378 1486 440 1528; x_wconf 87' lang='lat' dir='ltr'><em>At</em></span> <span class='ocrx_word' id='word_1_176' title='bbox 460 1486 573 1529; x_wconf 89' lang='lat' dir='ltr'><em>credi</em></span> <span class='ocrx_word' id='word_1_177' title='bbox 591 1486 662 1528; x_wconf 79' lang='lat' dir='ltr'><em>vix</em></span> <span class='ocrx_word' id='word_1_178' title='bbox 676 1488 815 1540; x_wconf 75' lang='lat' dir='ltr'><em>potest</em></span> <span class='ocrx_word' id='word_1_179' title='bbox 834 1486 879 1527; x_wconf 90' lang='lat' dir='ltr'><em>in</em></span> <span class='ocrx_word' id='word_1_180' title='bbox 899 1485 975 1526; x_wconf 87' lang='lat' dir='ltr'><em>hoe</em></span> <span class='ocrx_word' id='word_1_181' title='bbox 996 1485 1129 1535; x_wconf 84' lang='lat' dir='ltr'><em>titulo,</em></span> <span class='ocrx_word' id='word_1_182' title='bbox 1152 1485 1226 1538; x_wconf 87' lang='lat' dir='ltr'><em>qui</em></span> <span class='ocrx_word' id='word_1_183' title='bbox 1248 1498 1425 1526; x_wconf 86' lang='lat' dir='ltr'><em>munera</em></span> <span class='ocrx_word' id='word_1_184' title='bbox 1453 1484 1672 1537; x_wconf 78' lang='lat' dir='ltr'><em>equestria,</em></span> <span class='ocrx_word' id='word_1_185' title='bbox 1703 1486 1845 1537; x_wconf 78' lang='lat' dir='ltr'><em>utpote</em></span> <span class='ocrx_word' id='word_1_186' title='bbox 1873 1483 2096 1537; x_wconf 82' lang='lat' dir='ltr'><em>inferiora,</em></span> 
     </span>
     <span class='ocr_line' id='line_1_21' title="bbox 379 1552 2099 1608; baseline -0.003 -10"><span class='ocrx_word' id='word_1_187' title='bbox 379 1555 562 1598; x_wconf 83' lang='lat' dir='ltr'><em>consulto</em></span> <span class='ocrx_word' id='word_1_188' title='bbox 593 1568 678 1596; x_wconf 91' lang='lat' dir='ltr'><em>non</em></span> <span class='ocrx_word' id='word_1_189' title='bbox 707 1556 942 1603; x_wconf 82' lang='lat' dir='ltr'><em>enumerat,</em></span> <span class='ocrx_word' id='word_1_190' title='bbox 973 1554 1020 1595; x_wconf 89' lang='lat' dir='ltr'><em>in</em></span> <span class='ocrx_word' id='word_1_191' title='bbox 1048 1552 1197 1595; x_wconf 81' lang='lat' dir='ltr'><em>mediis</em></span> <span class='ocrx_word' id='word_1_192' title='bbox 1224 1552 1453 1595; x_wconf 78' lang='lat' dir='ltr'><em>honoribus</em></span> <span class='ocrx_word' id='word_1_193' title='bbox 1481 1552 1706 1608; x_wconf 83' lang='lat' dir='ltr'><em>senatoriis</em></span> <span class='ocrx_word' id='word_1_194' title='bbox 1735 1565 1885 1593; x_wconf 77' lang='lat' dir='ltr'><em>mimus</em></span> <span class='ocrx_word' id='word_1_195' title='bbox 1914 1554 2099 1605; x_wconf 78' lang='lat' dir='ltr'><em>equestre</em></span> 
     </span>
     <span class='ocr_line' id='line_1_22' title="bbox 381 1619 2101 1675; baseline -0.002 -10"><span class='ocrx_word' id='word_1_196' title='bbox 381 1625 582 1665; x_wconf 87' lang='lat' dir='ltr'><em>insertum</em></span> <span class='ocrx_word' id='word_1_197' title='bbox 604 1636 700 1672; x_wconf 88' lang='lat' dir='ltr'><em>esse,</em></span> <span class='ocrx_word' id='word_1_198' title='bbox 731 1622 795 1664; x_wconf 84' lang='lat' dir='ltr'><em>ita</em></span> <span class='ocrx_word' id='word_1_199' title='bbox 823 1625 871 1663; x_wconf 89' lang='lat' dir='ltr'><em>ut</em></span> <span class='ocrx_word' id='word_1_200' title='bbox 899 1635 1045 1663; x_wconf 88' lang='lat' dir='ltr'><em>cursus</em></span> <span class='ocrx_word' id='word_1_201' title='bbox 1073 1621 1277 1663; x_wconf 91' lang='lat' dir='ltr'><em>honorum</em></span> <span class='ocrx_word' id='word_1_202' title='bbox 1297 1620 1430 1675; x_wconf 76' lang='lat' dir='ltr'><em>plane</em></span> <span class='ocrx_word' id='word_1_203' title='bbox 1460 1621 1658 1674; x_wconf 83' lang='lat' dir='ltr'><em>confusus</em></span> <span class='ocrx_word' id='word_1_204' title='bbox 1687 1622 1801 1662; x_wconf 90' lang='lat' dir='ltr'><em>esset.</em></span> <span class='ocrx_word' id='word_1_205' title='bbox 1847 1619 1982 1662; x_wconf 92' lang='lat' dir='ltr'><em>Immo</em></span> <span class='ocrx_word' id='word_1_206' title='bbox 2011 1619 2101 1661; x_wconf 88' lang='lat' dir='ltr'><em>veri</em></span> 
     </span>
     <span class='ocr_line' id='line_1_23' title="bbox 379 1687 2100 1745; baseline -0.002 -13"><span class='ocrx_word' id='word_1_207' title='bbox 379 1691 541 1733; x_wconf 83' lang='lat' dir='ltr'><em>videtur</em></span> <span class='ocrx_word' id='word_1_208' title='bbox 569 1691 749 1733; x_wconf 84' lang='lat' dir='ltr'><em>similius</em></span> <span class='ocrx_word' id='word_1_209' title='bbox 778 1691 908 1744; x_wconf 83' lang='lat' dir='ltr'><em>fuisse</em></span> <span class='ocrx_word' id='word_1_210' title='bbox 937 1689 1045 1745; x_wconf 77' lang='grc' dir='ltr'>[καί],</span> <span class='ocrx_word' id='word_1_211' title='bbox 1088 1690 1171 1731; x_wconf 86' lang='lat' dir='ltr'><em>sive</em></span> <span class='ocrx_word' id='word_1_212' title='bbox 1195 1690 1398 1743; x_wconf 76' lang='lat' dir='ltr'><em>ponimus</em></span> <span class='ocrx_word' id='word_1_213' title='bbox 1426 1688 1625 1742; x_wconf 81' lang='lat' dir='ltr'><em>leqionem</em></span> <span class='ocrx_word' id='word_1_214' title='bbox 1653 1688 1774 1730; x_wconf 82' lang='lat' dir='ltr'><em>illam</em></span> <span class='ocrx_word' id='word_1_215' title='bbox 1795 1702 1878 1742; x_wconf 75' lang='lat' dir='ltr'><em>per</em></span> <span class='ocrx_word' id='word_1_216' title='bbox 1907 1687 2100 1741; x_wconf 83' lang='lat' dir='ltr'><em>aliquan-</em></span> 
     </span>
     <span class='ocr_line' id='line_1_24' title="bbox 381 1755 2100 1813; baseline -0.002 -13"><span class='ocrx_word' id='word_1_217' title='bbox 381 1762 467 1801; x_wconf 84' lang='lat' dir='ltr'><em>tum</em></span> <span class='ocrx_word' id='word_1_218' title='bbox 506 1759 701 1813; x_wconf 74' lang='lat' dir='ltr'><em>temporis</em></span> <span class='ocrx_word' id='word_1_219' title='bbox 741 1761 861 1800; x_wconf 73' lang='lat' dir='ltr'><em>extra</em></span> <span class='ocrx_word' id='word_1_220' title='bbox 890 1758 1126 1812; x_wconf 74' lang='lat' dir='ltr'><em>Aeqyptum</em></span> <span class='ocrx_word' id='word_1_221' title='bbox 1168 1760 1311 1799; x_wconf 83' lang='lat' dir='ltr'><em>castra</em></span> <span class='ocrx_word' id='word_1_222' title='bbox 1347 1756 1544 1798; x_wconf 89' lang='lat' dir='ltr'><em>habuisse</em></span> <span class='ocrx_word' id='word_1_223' title='bbox 1572 1757 1660 1798; x_wconf 81' lang='lat' dir='ltr'><em>sive</em></span> <span class='ocrx_word' id='word_1_224' title='bbox 1689 1755 1857 1798; x_wconf 84' lang='lat' dir='ltr'><em>titulum</em></span> <span class='ocrx_word' id='word_1_225' title='bbox 1886 1756 2100 1810; x_wconf 75' lang='lat' dir='ltr'><em>pertinere</em></span> 
     </span>
     <span class='ocr_line' id='line_1_25' title="bbox 382 1823 2098 1880; baseline -0.002 -12"><span class='ocrx_word' id='word_1_226' title='bbox 382 1826 439 1868; x_wconf 90' lang='lat' dir='ltr'><em>ad</em></span> <span class='ocrx_word' id='word_1_227' title='bbox 467 1827 585 1868; x_wconf 80' lang='lat' dir='ltr'><em>illam</em></span> <span class='ocrx_word' id='word_1_228' title='bbox 615 1829 804 1876; x_wconf 84' lang='lat' dir='ltr'><em>aetatem,</em></span> <span class='ocrx_word' id='word_1_229' title='bbox 841 1827 916 1867; x_wconf 91' lang='lat' dir='ltr'><em>ubi</em></span> <span class='ocrx_word' id='word_1_230' title='bbox 945 1826 997 1868; x_wconf 92' lang='lat' dir='ltr'><em>ab</em></span> <span class='ocrx_word' id='word_1_231' title='bbox 1030 1826 1205 1880; x_wconf 76' lang='lat' dir='ltr'><em>imperio</em></span> <span class='ocrx_word' id='word_1_232' title='bbox 1233 1826 1322 1878; x_wconf 81' lang='lat' dir='ltr'><em>fere</em></span> <span class='ocrx_word' id='word_1_233' title='bbox 1350 1824 1595 1879; x_wconf 80' lang='lat' dir='ltr'><em>Elaqabali</em></span> <span class='ocrx_word' id='word_1_234' title='bbox 1623 1824 1696 1879; x_wconf 80' lang='lat' dir='ltr'><em>(cf.</em></span> <span class='ocrx_word' id='word_1_235' title='bbox 1725 1823 1854 1866; x_wconf 83' lang='lat' dir='ltr'><em>veluti</em></span> <span class='ocrx_word' id='word_1_236' title='bbox 1884 1823 1951 1866; x_wconf 87' lang='lat' dir='ltr'><em>VI</em></span> <span class='ocrx_word' id='word_1_237' title='bbox 1971 1826 2098 1879; x_wconf 84' lang='lat'><em>3839)</em></span> 
     </span>
     <span class='ocr_line' id='line_1_26' title="bbox 381 1891 2102 1948; baseline -0.002 -12"><span class='ocrx_word' id='word_1_238' title='bbox 381 1895 666 1937; x_wconf 81' lang='lat' dir='ltr'><em>distinctiones</em></span> <span class='ocrx_word' id='word_1_239' title='bbox 710 1909 927 1936; x_wconf 89' lang='lat' dir='ltr'><em>munerum</em></span> <span class='ocrx_word' id='word_1_240' title='bbox 972 1894 1220 1948; x_wconf 81' lang='lat' dir='ltr'><em>equestrium</em></span> <span class='ocrx_word' id='word_1_241' title='bbox 1259 1896 1297 1935; x_wconf 91' lang='lat' dir='ltr'><em>et</em></span> <span class='ocrx_word' id='word_1_242' title='bbox 1335 1892 1539 1935; x_wconf 91' lang='lat' dir='ltr'><em>honorum</em></span> <span class='ocrx_word' id='word_1_243' title='bbox 1575 1891 1736 1934; x_wconf 84' lang='lat' dir='ltr'><em>ordinis</em></span> <span class='ocrx_word' id='word_1_244' title='bbox 1774 1892 1981 1934; x_wconf 88' lang='lat' dir='ltr'><em>senatorii</em></span> <span class='ocrx_word' id='word_1_245' title='bbox 2017 1905 2102 1934; x_wconf 85' lang='lat' dir='ltr'><em>non</em></span> 
     </span>
     <span class='ocr_line' id='line_1_27' title="bbox 380 1959 2100 2017; baseline -0.002 -12"><span class='ocrx_word' id='word_1_246' title='bbox 380 1963 518 2005; x_wconf 90' lang='lat' dir='ltr'><em>eodem</em></span> <span class='ocrx_word' id='word_1_247' title='bbox 553 1964 691 2017; x_wconf 79' lang='lat' dir='ltr'><em>riqore</em></span> <span class='ocrx_word' id='word_1_248' title='bbox 721 1976 799 2016; x_wconf 91' lang='lat' dir='ltr'><em>quo</em></span> <span class='ocrx_word' id='word_1_249' title='bbox 831 1966 958 2004; x_wconf 89' lang='lat' dir='ltr'><em>antea</em></span> <span class='ocrx_word' id='word_1_250' title='bbox 988 1962 1318 2004; x_wconf 80' lang='lat' dir='ltr'><em>observabantur</em></span> <span class='ocrx_word' id='word_1_251' title='bbox 1349 1964 1387 2003; x_wconf 93' lang='lat' dir='ltr'><em>et</em></span> <span class='ocrx_word' id='word_1_252' title='bbox 1418 1960 1633 2015; x_wconf 74' lang='lat' dir='ltr'><em>praefecti</em></span> <span class='ocrx_word' id='word_1_253' title='bbox 1654 1961 1874 2014; x_wconf 79' lang='lat' dir='ltr'><em>praetorio</em></span> <span class='ocrx_word' id='word_1_254' title='bbox 1903 1960 1988 2001; x_wconf 84' lang='lat' dir='ltr'><em>viri</em></span> <span class='ocrx_word' id='word_1_255' title='bbox 2015 1959 2100 2002; x_wconf 86' lang='lat' dir='ltr'><em>cla-</em></span> 
     </span>
     <span class='ocr_line' id='line_1_28' title="bbox 380 2031 1109 2073; baseline -0.001 0"><span class='ocrx_word' id='word_1_256' title='bbox 380 2032 539 2073; x_wconf 88' lang='lat' dir='ltr'><em>rissimi</em></span> <span class='ocrx_word' id='word_1_257' title='bbox 566 2046 650 2073; x_wconf 91' lang='lat' dir='ltr'><em>non</em></span> <span class='ocrx_word' id='word_1_258' title='bbox 678 2031 802 2073; x_wconf 81' lang='lat' dir='ltr'><em>semel</em></span> <span class='ocrx_word' id='word_1_259' title='bbox 830 2031 1109 2073; x_wconf 84' lang='lat' dir='ltr'><em>inveniuntur.</em></span> 
     </span>
    </p>

    <p class='ocr_par' dir='ltr' id='par_1_6' title="bbox 382 2096 2101 2359">
     <span class='ocr_line' id='line_1_29' title="bbox 466 2096 2101 2154; baseline -0.003 -12"><span class='ocrx_word' id='word_1_260' title='bbox 466 2101 569 2142; x_wconf 87' lang='lat' dir='ltr'><em>Fuit</em></span> <span class='ocrx_word' id='word_1_261' title='bbox 599 2113 700 2154; x_wconf 86' lang='lat' dir='ltr'><em>ergo</em></span> <span class='ocrx_word' id='word_1_262' title='bbox 733 2099 997 2142; x_wconf 81' lang='lat' dir='ltr'><em>Claudianus</em></span> <span class='ocrx_word' id='word_1_263' title='bbox 1033 2099 1198 2153; x_wconf 81' lang='lat' dir='ltr'><em>origine</em></span> <span class='ocrx_word' id='word_1_264' title='bbox 1227 2097 1467 2151; x_wconf 85' lang='lat' dir='ltr'><em>Xanthius,</em></span> <span class='ocrx_word' id='word_1_265' title='bbox 1509 2096 1693 2139; x_wconf 90' lang='lat' dir='ltr'><em>ordinis·</em></span> <span class='ocrx_word' id='word_1_266' title='bbox 1713 2096 1945 2153; x_wconf 81' lang='lat' dir='ltr'><em>equestris3</em></span> <span class='ocrx_word' id='word_1_267' title='bbox 1986 2102 2101 2152; x_wconf 83' lang='lat' dir='ltr'><em>post-</em></span> 
     </span>
     <span class='ocr_line' id='line_1_30' title="bbox 382 2163 2100 2224; baseline -0.002 -15"><span class='ocrx_word' id='word_1_268' title='bbox 382 2183 511 2224; x_wconf 85' lang='lat' dir='ltr'><em>quam</em></span> <span class='ocrx_word' id='word_1_269' title='bbox 542 2167 595 2209; x_wconf 90' lang='lat' dir='ltr'><em>ad</em></span> <span class='ocrx_word' id='word_1_270' title='bbox 626 2182 808 2209; x_wconf 87' lang='lat' dir='ltr'><em>munera</em></span> <span class='ocrx_word' id='word_1_271' title='bbox 836 2167 1135 2223; x_wconf 85' lang='lat' dir='ltr'><em>proeuratoria</em></span> <span class='ocrx_word' id='word_1_272' title='bbox 1163 2167 1382 2222; x_wconf 85' lang='lat' dir='ltr'><em>pervenit,</em></span> <span class='ocrx_word' id='word_1_273' title='bbox 1424 2167 1469 2208; x_wconf 92' lang='lat' dir='ltr'><em>in</em></span> <span class='ocrx_word' id='word_1_274' title='bbox 1510 2165 1704 2207; x_wconf 82' lang='lat' dir='ltr'><em>ordinem</em></span> <span class='ocrx_word' id='word_1_275' title='bbox 1735 2165 1996 2207; x_wconf 82' lang='lat' dir='ltr'><em>senatorium</em></span> <span class='ocrx_word' id='word_1_276' title='bbox 2027 2163 2100 2206; x_wconf 83' lang='lat' dir='ltr'><em>&#39;ad-</em></span> 
     </span>
     <span class='ocr_line' id='line_1_31' title="bbox 383 2231 2101 2292; baseline -0.002 -15"><span class='ocrx_word' id='word_1_277' title='bbox 383 2236 517 2278; x_wconf 79' lang='lat' dir='ltr'><em>lectus</em></span> <span class='ocrx_word' id='word_1_278' title='bbox 548 2235 714 2290; x_wconf 85' lang='lat' dir='ltr'><em>legatus</em></span> <span class='ocrx_word' id='word_1_279' title='bbox 744 2251 807 2292; x_wconf 91' lang='lat' dir='ltr'><em>pr.</em></span> <span class='ocrx_word' id='word_1_280' title='bbox 839 2251 903 2291; x_wconf 90' lang='lat' dir='ltr'><em>pr.</em></span> <span class='ocrx_word' id='word_1_281' title='bbox 933 2236 1255 2291; x_wconf 78' lang='lat' dir='ltr'><em>provinciarum</em></span> <span class='ocrx_word' id='word_1_282' title='bbox 1276 2233 1468 2277; x_wconf 85' lang='lat' dir='ltr'><em>Achaiae</em></span> <span class='ocrx_word' id='word_1_283' title='bbox 1488 2239 1531 2274; x_wconf 87' lang='lat' dir='ltr'><em>et</em></span> <span class='ocrx_word' id='word_1_284' title='bbox 1549 2232 1691 2287; x_wconf 84' lang='lat' dir='ltr'><em>Asiae,</em></span> <span class='ocrx_word' id='word_1_285' title='bbox 1725 2233 1827 2274; x_wconf 82' lang='lat' dir='ltr'><em>item</em></span> <span class='ocrx_word' id='word_1_286' title='bbox 1856 2231 2037 2286; x_wconf 85' lang='lat' dir='ltr'><em>legionis</em></span> <span class='ocrx_word' id='word_1_287' title='bbox 2058 2231 2101 2274; x_wconf 92' lang='lat' dir='ltr'><em>II</em></span> 
     </span>
     <span class='ocr_line' id='line_1_32' title="bbox 383 2301 1495 2359; baseline -0.002 -13"><span class='ocrx_word' id='word_1_288' title='bbox 383 2305 606 2358; x_wconf 76' lang='lat' dir='ltr'><em>Traianae,</em></span> <span class='ocrx_word' id='word_1_289' title='bbox 645 2304 800 2345; x_wconf 86' lang='lat' dir='ltr'><em>deinde</em></span> <span class='ocrx_word' id='word_1_290' title='bbox 830 2302 1058 2359; x_wconf 82' lang='lat' dir='ltr'><em>proconsul</em></span> <span class='ocrx_word' id='word_1_291' title='bbox 1090 2302 1371 2345; x_wconf 83' lang='lat' dir='ltr'><em>Macedoniae</em></span> <span class='ocrx_word' id='word_1_292' title='bbox 1401 2301 1495 2344; x_wconf 83' lang='lat' dir='ltr'><em>fuit.</em></span> 
     </span>
    </p>

    <p class='ocr_par' dir='ltr' id='par_1_7' title="bbox 311 2371 1325 2415">
     <span class='ocr_line' id='line_1_33' title="bbox 311 2371 1325 2415; baseline -0.001 -1"><span class='ocrx_word' id='word_1_293' title='bbox 311 2398 368 2403; x_wconf 89' lang='lat'>—</span> <span class='ocrx_word' id='word_1_294' title='bbox 413 2372 601 2414; x_wconf 81' lang='lat' dir='ltr'><em>Asellius</em></span> <span class='ocrx_word' id='word_1_295' title='bbox 631 2371 910 2415; x_wconf 80' lang='lat' dir='ltr'><em>Claudianus.</em></span> <span class='ocrx_word' id='word_1_296' title='bbox 1321 2372 1325 2375; x_wconf 57' lang='lat'><em>⁷</em></span> 
     </span>
    </p>

    <p class='ocr_par' dir='ltr' id='par_1_8' title="bbox 413 2445 1048 2482">
     <span class='ocr_line' id='line_1_34' title="bbox 413 2445 1048 2482; baseline 0.002 -1"><span class='ocrx_word' id='word_1_297' title='bbox 413 2447 685 2482; x_wconf 82' lang='lat' dir='ltr'><strong>CARMINIVS</strong></span> <span class='ocrx_word' id='word_1_298' title='bbox 717 2445 1048 2482; x_wconf 82' lang='lat' dir='ltr'>CLAVDIANVS.</span> 
     </span>
    </p>

    <p class='ocr_par' dir='ltr' id='par_1_9' title="bbox 414 2508 970 2552">
     <span class='ocr_line' id='line_1_35' title="bbox 414 2508 970 2552; baseline 0.002 -1"><span class='ocrx_word' id='word_1_299' title='bbox 414 2509 659 2551; x_wconf 83' lang='lat' dir='ltr'><em>Carminius</em></span> <span class='ocrx_word' id='word_1_300' title='bbox 690 2508 970 2552; x_wconf 79' lang='lat' dir='ltr'><em>Claudianus,</em></span> 
     </span>
    </p>

    <p class='ocr_par' dir='ltr' id='par_1_10' title="bbox 414 2578 1387 2631">
     <span class='ocr_line' id='line_1_36' title="bbox 414 2578 1387 2631; baseline -0.002 -13"><span class='ocrx_word' id='word_1_301' title='bbox 414 2578 695 2631; x_wconf 85' lang='lat' dir='ltr'><strong>CL(AVDIVS)</strong></span> <span class='ocrx_word' id='word_1_302' title='bbox 726 2582 1023 2618; x_wconf 87' lang='lat' dir='ltr'><strong>ARCHELAVS</strong></span> <span class='ocrx_word' id='word_1_303' title='bbox 1057 2581 1387 2618; x_wconf 84' lang='lat' dir='ltr'><strong>CLAVDIANVS.</strong></span> 
     </span>
    </p>

    <p class='ocr_par' dir='ltr' id='par_1_11' title="bbox 412 2650 1144 2688">
     <span class='ocr_line' id='line_1_37' title="bbox 412 2650 1144 2688; baseline 0.001 -3"><span class='ocrx_word' id='word_1_304' title='bbox 412 2651 505 2688; x_wconf 89' lang='lat' dir='ltr'><strong>TIB.</strong></span> <span class='ocrx_word' id='word_1_305' title='bbox 540 2651 782 2686; x_wconf 82' lang='lat' dir='ltr'><strong>CLAVDIVS</strong></span> <span class='ocrx_word' id='word_1_306' title='bbox 815 2650 1144 2686; x_wconf 85' lang='lat' dir='ltr'><strong>CLAVDIANVS.</strong></span> 
     </span>
    </p>

    <p class='ocr_par' dir='ltr' id='par_1_12' title="bbox 413 2713 1350 2766">
     <span class='ocr_line' id='line_1_38' title="bbox 413 2713 1350 2766; baseline 0 -13"><span class='ocrx_word' id='word_1_307' title='bbox 413 2713 661 2766; x_wconf 84' lang='lat' dir='ltr'><strong>FL(AV1VS)</strong></span> <span class='ocrx_word' id='word_1_308' title='bbox 693 2719 989 2754; x_wconf 85' lang='lat' dir='ltr'><strong>ARCHELAVS</strong></span> <span class='ocrx_word' id='word_1_309' title='bbox 1022 2718 1350 2754; x_wconf 82' lang='lat' dir='ltr'><strong>CLAVDIANVS.</strong></span> 
     </span>
    </p>

    <p class='ocr_par' dir='ltr' id='par_1_13' title="bbox 414 2785 1389 2822">
     <span class='ocr_line' id='line_1_39' title="bbox 414 2785 1389 2822; baseline -0.001 -1"><span class='ocrx_word' id='word_1_310' title='bbox 414 2787 456 2822; x_wconf 94' lang='lat' dir='ltr'><em>T.</em></span> <span class='ocrx_word' id='word_1_311' title='bbox 487 2787 698 2822; x_wconf 86' lang='lat' dir='ltr'><strong>FLAVIVS</strong></span> <span class='ocrx_word' id='word_1_312' title='bbox 730 2787 1026 2822; x_wconf 84' lang='lat' dir='ltr'><strong>ARCHELAVS</strong></span> <span class='ocrx_word' id='word_1_313' title='bbox 1059 2785 1389 2822; x_wconf 85' lang='lat' dir='ltr'>CLAVDIANVS.</span> 
     </span>
    </p>

    <p class='ocr_par' dir='ltr' id='par_1_14' title="bbox 414 2855 1055 2892">
     <span class='ocr_line' id='line_1_40' title="bbox 414 2855 1055 2892; baseline 0.002 -3"><span class='ocrx_word' id='word_1_314' title='bbox 414 2855 456 2892; x_wconf 89' lang='lat' dir='ltr'><em>T.</em></span> <span class='ocrx_word' id='word_1_315' title='bbox 487 2855 698 2890; x_wconf 85' lang='lat' dir='ltr'><strong>FLAVIVS</strong></span> <span class='ocrx_word' id='word_1_316' title='bbox 727 2855 1055 2890; x_wconf 81' lang='lat' dir='ltr'>CLAVDIANVS.</span> 
     </span>
    </p>

    <p class='ocr_par' dir='ltr' id='par_1_15' title="bbox 413 2918 1377 2971">
     <span class='ocr_line' id='line_1_41' title="bbox 413 2918 1377 2971; baseline 0.001 -14"><span class='ocrx_word' id='word_1_317' title='bbox 413 2923 456 2958; x_wconf 92' lang='lat' dir='ltr'><em>T.</em></span> <span class='ocrx_word' id='word_1_318' title='bbox 490 2918 736 2971; x_wconf 85' lang='lat' dir='ltr'><strong>F(LAV1VS)</strong></span> <span class='ocrx_word' id='word_1_319' title='bbox 768 2923 1015 2959; x_wconf 86' lang='lat' dir='ltr'>CLAVDIVS</span> <span class='ocrx_word' id='word_1_320' title='bbox 1047 2922 1377 2959; x_wconf 85' lang='lat' dir='ltr'>CLAVDIANVS.</span> 
     </span>
    </p>

    <p class='ocr_par' dir='ltr' id='par_1_16' title="bbox 317 2984 1282 3040">
     <span class='ocr_line' id='line_1_42' title="bbox 317 2984 1282 3040; baseline 0 -14"><span class='ocrx_word' id='word_1_321' title='bbox 317 3010 371 3014; x_wconf 89' lang='lat'><em>—--</em></span> <span class='ocrx_word' id='word_1_322' title='bbox 415 2985 473 3028; x_wconf 90' lang='lat' dir='ltr'><em>M.</em></span> <span class='ocrx_word' id='word_1_323' title='bbox 505 2984 697 3040; x_wconf 89' lang='lat' dir='ltr'><em>le(ius)</em></span> <span class='ocrx_word' id='word_1_324' title='bbox 730 2985 974 3027; x_wconf 85' lang='lat' dir='ltr'><em>Carminius</em></span> <span class='ocrx_word' id='word_1_325' title='bbox 1003 2984 1282 3026; x_wconf 83' lang='lat' dir='ltr'><em>Claudianus.</em></span> 
     </span>
    </p>

    <p class='ocr_par' dir='ltr' id='par_1_17' title="bbox 416 3059 879 3095">
     <span class='ocr_line' id='line_1_43' title="bbox 416 3059 879 3095; baseline 0.004 -2"><span class='ocrx_word' id='word_1_326' title='bbox 416 3059 553 3093; x_wconf 91' lang='lat' dir='ltr'>IVNIA</span> <span class='ocrx_word' id='word_1_327' title='bbox 582 3059 879 3095; x_wconf 85' lang='lat' dir='ltr'>CLAVDILLA.</span> 
     </span>
    </p>

    <p class='ocr_par' dir='ltr' id='par_1_18' title="bbox 303 3117 2119 3378">
     <span class='ocr_line' id='line_1_44' title="bbox 303 3117 2119 3175; baseline -0.003 -13"><span class='ocrx_word' id='word_1_328' title='bbox 303 3122 384 3162; x_wconf 82' lang='lat'><em>622</em></span> <span class='ocrx_word' id='word_1_329' title='bbox 417 3127 662 3161; x_wconf 84' lang='lat' dir='ltr'>CLAVDIVS</span> <span class='ocrx_word' id='word_1_330' title='bbox 702 3122 747 3161; x_wconf 84' lang='lat' dir='ltr'><em>in</em></span> <span class='ocrx_word' id='word_1_331' title='bbox 787 3121 979 3175; x_wconf 78' lang='lat' dir='ltr'><em>aedificio</em></span> <span class='ocrx_word' id='word_1_332' title='bbox 1022 3120 1162 3174; x_wconf 80' lang='lat' dir='ltr'><em>aliquo</em></span> <span class='ocrx_word' id='word_1_333' title='bbox 1204 3119 1319 3174; x_wconf 76' lang='lat' dir='ltr'><em>filiae</em></span> <span class='ocrx_word' id='word_1_334' title='bbox 1357 3121 1543 3161; x_wconf 78' lang='lat' dir='ltr'><em>extructo</em></span> <span class='ocrx_word' id='word_1_335' title='bbox 1584 3121 1612 3159; x_wconf 91' lang='lat' dir='ltr'><em>t.</em></span> <span class='ocrx_word' id='word_1_336' title='bbox 1641 3117 1830 3160; x_wconf 84' lang='lat' dir='ltr'><em>versibus</em></span> <span class='ocrx_word' id='word_1_337' title='bbox 1863 3119 2119 3170; x_wconf 77' lang='lat' dir='ltr'><em>conceptum·</em></span> 
     </span>
     <span class='ocr_line' id='line_1_45' title="bbox 387 3183 2100 3243; baseline -0.003 -14"><span class='ocrx_word' id='word_1_338' title='bbox 387 3188 603 3241; x_wconf 70' lang='lat' dir='ltr'><em>inscripsit</em></span> <span class='ocrx_word' id='word_1_339' title='bbox 640 3188 687 3229; x_wconf 92' lang='lat' dir='ltr'><strong><em>X</em></strong></span> <span class='ocrx_word' id='word_1_340' title='bbox 723 3191 834 3229; x_wconf 82' lang='grc'><em>1688</em></span> <span class='ocrx_word' id='word_1_341' title='bbox 879 3189 1211 3242; x_wconf 75' lang='lat' dir='ltr'><em>Neapolitanum</em></span> <span class='ocrx_word' id='word_1_342' title='bbox 1253 3187 1359 3243; x_wconf 84' lang='lat' dir='ltr'><em>‘[qui</em></span> <span class='ocrx_word' id='word_1_343' title='bbox 1404 3185 1523 3228; x_wconf 87' lang='lat' dir='ltr'><em>dedit</em></span> <span class='ocrx_word' id='word_1_344' title='bbox 1567 3185 1835 3240; x_wconf 88' lang='lat' dir='ltr'><em>A]eneadum</em></span> <span class='ocrx_word' id='word_1_345' title='bbox 1879 3183 2000 3226; x_wconf 86' lang='lat' dir='ltr'><em>fastis</em></span> <span class='ocrx_word' id='word_1_346' title='bbox 2045 3197 2100 3224; x_wconf 81' lang='lat' dir='ltr'><em>ex</em></span> 
     </span>
     <span class='ocr_line' id='line_1_46' title="bbox 392 3248 2098 3312; baseline -0.003 -14"><span class='ocrx_word' id='word_1_347' title='bbox 392 3256 540 3298; x_wconf 85' lang='lat' dir='ltr'><em>ordine</em></span> <span class='ocrx_word' id='word_1_348' title='bbox 580 3256 727 3297; x_wconf 80' lang='lat' dir='ltr'><em>consul</em></span> <span class='ocrx_word' id='word_1_349' title='bbox 769 3257 993 3311; x_wconf 84' lang='lat' dir='ltr'><em>[nomina],</em></span> <span class='ocrx_word' id='word_1_350' title='bbox 1034 3257 1260 3312; x_wconf 87' lang='lat' dir='ltr'><em>progenies</em></span> <span class='ocrx_word' id='word_1_351' title='bbox 1292 3254 1499 3298; x_wconf 85' lang='lat' dir='ltr'><em>Claudius</em></span> <span class='ocrx_word' id='word_1_352' title='bbox 1529 3248 1797 3310; x_wconf 83' lang='lat' dir='ltr'><em>Appiadum,</em></span> <span class='ocrx_word' id='word_1_353' title='bbox 1831 3252 1949 3307; x_wconf 85' lang='lat' dir='ltr'><em>[al]ta</em></span> <span class='ocrx_word' id='word_1_354' title='bbox 1978 3250 2098 3295; x_wconf 83' lang='lat' dir='ltr'><em>Sabi-</em></span> 
     </span>
     <span class='ocr_line' id='line_1_47' title="bbox 387 3320 2092 3378; baseline -0.002 -12"><span class='ocrx_word' id='word_1_355' title='bbox 387 3324 515 3371; x_wconf 85' lang='lat' dir='ltr'><em>nillae</em></span> <span class='ocrx_word' id='word_1_356' title='bbox 551 3324 625 3367; x_wconf 86' lang='lat' dir='ltr'><em>dat</em></span> <span class='ocrx_word' id='word_1_357' title='bbox 659 3323 771 3371; x_wconf 83' lang='lat' dir='ltr'><em>dulei</em></span> <span class='ocrx_word' id='word_1_358' title='bbox 812 3326 981 3370; x_wconf 84' lang='lat' dir='ltr'><em>moenia</em></span> <span class='ocrx_word' id='word_1_359' title='bbox 1021 3331 1147 3368; x_wconf 81' lang='lat' dir='ltr'><em>natae</em></span> <span class='ocrx_word' id='word_1_360' title='bbox 1188 3338 1406 3372; x_wconf 78' lang='lat' dir='ltr'><em>,...anus</em></span> <span class='ocrx_word' id='word_1_361' title='bbox 1445 3323 1628 3378; x_wconf 79' lang='lat' dir='ltr'><em>genitor‘</em></span> <span class='ocrx_word' id='word_1_362' title='bbox 1663 3325 1736 3367; x_wconf 87' lang='lat' dir='ltr'><em>etc.</em></span> <span class='ocrx_word' id='word_1_363' title='bbox 1796 3320 1870 3365; x_wconf 84' lang='lat' dir='ltr'><em>Ad</em></span> <span class='ocrx_word' id='word_1_364' title='bbox 1898 3320 2092 3378; x_wconf 76' lang='lat' dir='ltr'><em>Appium</em></span> 
     </span>
    </p>
   </div>
   <div class='ocr_carea' id='block_1_5' title="bbox 313 2466 371 2946">
    <p class='ocr_par' dir='ltr' id='par_1_19' title="bbox 313 2466 371 2946">
     <span class='ocr_line' id='line_1_48' title="bbox 313 2466 371 2946; textangle 90"><span class='ocrx_word' id='word_1_365' title='bbox 313 2466 371 2946; x_wconf 82' lang='grc' dir='ltr'>ΙΙΙΙΙὶῙΙ</span> 
     </span>
    </p>
   </div>
  </div>
 </body>
</html>
