2202 3730
272 306 528 342 oALvlsws
1122 295 1206 336 294
1809 300 2066 339 CALVISIVS

354 436 448 476 viae
470 435 652 475 Latinae
683 436 708 474 t.
731 437 772 482 2,
806 447 931 486 quam
952 435 1053 485 post
1074 431 1326 485 triumphum
1350 446 1399 473 ex
1418 432 1632 474 manubiis
1651 432 1798 485 refecit
1818 432 1873 485 cf.
1897 431 2066 474 Sueten.

356 502 534 556 Auyust.
555 505 620 544 30.
653 527 703 530 -ψ
737 500 879 542 Huius
908 500 1024 554 filius
1052 500 1218 541 videtur
1247 500 1388 541 consul
1420 514 1459 544 a.
1484 502 1561 541 750
1591 500 1664 553 qui
1690 500 1889 553 sequitur.

270 571 352 612 288
385 576 425 611 O.
458 575 711 610 GALvisws
745 574 965 621 SABINVS,
1002 567 1151 609 consul
1182 583 1220 609 a.
1253 569 1420 610 750:
1451 569 1477 609 4
1507 582 1545 609 a.
1578 567 1625 611 C.
1657 581 1753 609 eum
1780 568 1833 609 L.
1865 567 2069 610 Passieno

357 637 482 679 Rufo.
528 637 583 678 In
614 636 856 678 consulatu:
877 635 924 678 O.
950 634 1165 677 Calvisius
1187 635 1374 678 Sabinus
1396 635 1463 677 VI
1474 638 1555 677 456
1564 649 1577 686 ;
1607 635 1656 677 C.
1679 635 1896 678 Calvisius
1917 635 2069 678 Monu-

355 708 535 747 mentum
544 705 819 758 Ancyranum
836 704 908 745 lat.
925 707 963 754 3,
981 707 1039 746 29
1056 724 1111 738 =
1124 718 1187 758 qr.
1199 707 1237 753 9,
1256 707 1292 747 6.
1312 707 1349 754 7,
1377 703 1446 746 VI
1452 706 1599 754 10395,
1617 704 1662 745 Χ
1675 706 1792 753 5779,
1811 702 2071 753 Cass-todon-

356 773 403 815 O.
425 772 670 826 Calv[isius]
703 772 810 825 fasti
837 773 988 813 minor.
1009 772 1143 813 XIII
1162 771 1262 814 CIL
1282 773 1315 813 I
1321 771 1337 796 2
1359 786 1407 826 Ρ.
1430 775 1495 822 69,
1529 775 1707 814 ceterum
1735 771 1934 813 Sabinus·
1951 770 2070 823 fasti.

437 840 484 882 C.
517 841 545 882 f.
577 840 684 893 fasti
711 840 893 881 minores
918 839 1026 881 XII
1040 839 1138 882 CIL
1158 840 1190 882 I
1196 840 1212 864 2
1234 855 1282 893 Ρ.
1305 843 1371 890 69,
1402 839 1519 894 silius
1546 841 1637 881 sine
1667 839 1794 881 dubio
1822 838 1868 882 C.
1895 836 2073 881 Calvisii

355 908 512 950 Sabini
541 921 620 949 cos.
644 922 683 951 a.
708 910 786 949 715
807 928 862 941 Ξ
883 911 937 949 39
959 922 998 952 a.
1027 907 1087 958 C.,
1113 911 1242 962 pater
1269 907 1316 950 C.
1345 907 1525 950 Calvisii
1545 907 1701 951 Sabini
1725 920 1806 949 cos.
1820 921 1863 950 a.
1885 909 1944 949 26
1955 921 2002 960 Ρ.
2022 905 2070 948 C.

441 975 577 1017 Nulla
606 975 772 1017 ratione
803 975 1035 1017 diiudicari
1063 978 1205 1028 potest
1241 979 1383 1017 utrum
1418 975 1477 1017 acl
1504 975 1612 1017 hunc
1643 988 1699 1016 an
1729 974 1787 1016 ad
1813 974 1949 1029 filium
1970 988 2070 1028 per-

355 1044 516 1085 tineant
543 1043 590 1084 hi
619 1043 754 1085 tituli:
787 1045 828 1096 l)
861 1043 909 1085 O.
931 1042 1093 1085 Calvisi
1123 1043 1171 1086 C.
1204 1043 1232 1085 f.
1266 1042 1418 1086 Sabini
1450 1043 1619 1099 patroni
1651 1057 1734 1085 cos.
1757 1043 1927 1085 VIIvirz
1959 1040 2070 1098 epul.

354 1125 443 1153 cur.
476 1125 589 1153 max.
622 1144 631 1153 .
650 1143 659 1153 .
679 1143 688 1153 .
707 1144 716 1153 .
747 1111 827 1153 XI
848 1115 963 1154 4772
993 1114 1021 1153 t.
1045 1126 1181 1166 prope
1212 1111 1447 1165 Spoletium
1475 1114 1664 1166 repertus
1674 1124 1688 1162 ,·
1726 1111 1770 1165 2)
1802 1110 1850 1153 C.
1881 1109 2070 1153 Calvisio

353 1178 401 1223 C.
423 1179 451 1221 f.
485 1178 644 1221 Sabino
677 1194 761 1223 cos,
796 1212 916 1221 .....
940 1179 988 1221 Χ
1004 1183 1120 1222 6223
1140 1183 1168 1221 t.
1190 1179 1455 1230 Fundanus,·
1483 1180 1528 1232 3)
1549 1183 1558 1221 .’
1578 1213 1587 1221 .
1603 1211 1612 1221 .
1643 1180 1905 1222 Καλουεισίαν
1936 1179 2072 1220 Φλαου-

353 1247 464 1289 κίλαν
499 1246 759 1290 Καλουεισιόυ
791 1248 983 1304 Σαβείνου
1013 1247 1117 1290 CIA
1147 1248 1236 1289 III
1256 1250 1349 1291 868.
1404 1246 1483 1289 vVel
1510 1246 1568 1289 ad
1594 1246 1703 1288 hunc
1731 1246 1794 1289 vel
1820 1246 1883 1288 ad
1901 1248 2072 1300 patrem

352 1315 508 1368 referri
535 1318 676 1369 potest
716 1318 743 1359 t.
780 1316 826 1357 in
866 1330 969 1369 ayro
1007 1315 1319 1357 Canusinorum
1352 1319 1541 1370 repertus
1571 1315 1648 1358 IX
1673 1318 1775 1357 414:
1805 1314 1854 1357 C.
1883 1313 2071 1357 Calvisio

355 1382 456 1425 Sab.
487 1396 571 1426 cos.
602 1390 770 1439 patron.
792 1407 845 1413 --
878 1384 935 1426 In
963 1384 1147 1437 frustula
1178 1387 1205 1426 t.
1234 1384 1442 1426 Helvetici
1469 1384 1604 1426 XIII
1625 1387 1740 1427 5237
1765 1417 1775 1426 .
1793 1416 1829 1425 ..
1848 1415 1858 1425 .
1888 1382 2070 1426 Claudio

355 1483 365 1493 .
383 1483 392 1493 .
411 1483 422 1493 .
454 1451 672 1506 [Calv]isi0
705 1451 865 1494 Sabino
898 1485 908 1494 .
926 1485 934 1494 .
954 1485 963 1494 .
996 1451 1325 1506 supplementum
1354 1453 1558 1495 incertum
1587 1455 1660 1494 est.
1971 1475 1977 1478 -

267 1518 351 1561 289
383 1525 424 1563 C.
448 1525 705 1562 GALVISIVS
738 1526 959 1574 SABINVS,
992 1520 1141 1562 consul
1172 1536 1208 1563 a.
1231 1521 1286 1563 26
1308 1536 1347 1576 p.
1372 1520 1420 1566 C.
1443 1535 1542 1562 cum
1563 1520 1643 1563 Cn.
1666 1519 1867 1563 Cornelio
1888 1516 2072 1562 Lentulo

353 1586 593 1633 Gaetulico,
640 1587 935 1630 Prababiliter
966 1588 1024 1630 acl
1050 1588 1160 1631 hunc
1188 1590 1374 1642 refertur
1402 1592 1430 1631 t.
1451 1588 1784 1631 Herculanensis
1802 1588 1851 1631 X
1866 1591 1974 1631 1468
1998 1587 2072 1645 (1).

437 1656 493 1698 In
519 1655 760 1698 consulatu:
790 1656 839 1700 C.
862 1656 926 1699 Ca
943 1688 1067 1699 .....
1089 1657 1198 1710 fasti
1214 1654 1397 1699 Arvales
1417 1655 1518 1699 CIL
1539 1657 1572 1699 I
1578 1657 1593 1681 ²
1606 1671 1655 1711 Ρ.
1679 1653 1753 1708 71,
1783 1656 1832 1699 O.
1856 1655 2072 1700 Calvisius

355 1722 541 1766 Sabinus
571 1725 633 1766 II
653 1728 778 1775 2093,
812 1724 874 1780 [O.
902 1724 1132 1780 C]alvisius
1162 1724 1347 1768 Sabinus
1368 1726 1543 1780 Ephein.
1570 1740 1631 1779 ep.
1654 1729 1693 1775 5,
1715 1729 1832 1775 1463,
1867 1723 2072 1780 [G.·Ca1]-

353 1791 488 1833 visius
522 1791 708 1835 Sabinus
739 1792 808 1835 VI
818 1796 930 1845 ·343;
962 1793 1009 1836 O.
1042 1793 1256 1836 Calvisius
1284 1794 1382 1836 Tac.
1405 1808 1444 1836 a.
1465 1798 1504 1844 4,
1525 1797 1592 1843 46,
1624 1794 1671 1835 X
1687 1796 1782 1844 896,
1810 1792 2074 1844 Cassiodor.‚·

264 1897 267 1899 .
308 1876 310 1880 ’
351 1858 566 1902 Calvisius
607 1860 794 1913 Sabinus
823 1860 903 1903 XI
924 1864 1044 1912 3805,
1088 1865 1265 1904 ceterum
1306 1861 1491 1904 Sabinus
1531 1862 1648 1915 fasti.
1683 1886 1732 1891 -
1776 1861 1823 1905 C.
1855 1861 2071 1904 Calvisius
2154 1922 2157 1924 .

357 1926 542 1970 Sabinus
574 1931 601 1970 t.
632 1931 670 1978 1,
708 1927 923 1971 Calvisius
955 1929 1144 1972 Sabinus
1175 1933 1203 1973 t.
1234 1933 1266 1973 2
1295 1933 1335 1972 et
1363 1930 1479 1984 apud
1505 1930 1742 1984 scriptores

441 1994 585 2037 Filius
614 1995 777 2038 videtur
804 1995 850 2038 C.
879 1996 1058 2039 Calvisii
1078 1997 1234 2053 Sabini
1253 1997 1435 2040 consulis
1467 2012 1505 2041 a.
1529 2002 1556 2039 4
1587 2012 1626 2039 a.
1655 1996 1715 2048 C.,
1745 2011 1873 2052 nepos
1898 1996 1946 2040 C:
1975 1996 2075 2039 Cal-

356 2062 456 2104 visii
476 2063 632 2106 Sabini
652 2078 692 2105 a.
716 2067 770 2106 39
792 2078 831 2106 α.
852 2064 898 2107 C.
950 2063 1112 2107 Consul
1142 2081 1180 2107 a.
1203 2066 1256 2107 26
1280 2066 1399 2119 fasti.
1451 2065 1579 2108 Anno
1601 2067 1655 2108 32
1676 2066 1909 2107 maiestatis
1929 2061 2076 2122 postu-

361 2130 486 2185 latus,
519 2131 592 2172 sed
625 2131 861 2173 discrimini
891 2139 1086 2175 exemtus
1118 2140 1182 2175 est
1219 2134 1316 2175 Tac.
1350 2148 1390 2175 a.
1422 2137 1459 2184 6,
1491 2137 1528 2178 9.
1583 2134 1773 2188 Legatus
1805 2134 2076 2187 Pannoniae3

358 2213 456 2242 cum
496 2215 519 2241 e
558 2199 772 2254 legatione
814 2215 964 2243 recens
1003 2201 1183 2243 Romam
1224 2216 1422 2243 reversus
1463 2217 1501 2245 a.
1533 2198 1587 2244 38
1627 2215 1713 2244 una
1748 2213 1843 2243 cum
1875 2200 2077 2244 Cornelia

357 2282 493 2309 uxore
532 2274 759 2310 accusatus
800 2275 912 2310 esset
952 2270 1204 2324 (maiestatis
1238 2273 1286 2311 ut
1314 2269 1507 2323 videtur),
1543 2271 1746 2324 coniuges
1776 2269 2075 2311 venas-exsol-

359 2342 515 2377 verunt
534 2335 621 2377 Dio
641 2338 708 2386 59,
730 2339 796 2380 18.
843 2337 892 2378 Τ.
914 2337 1071 2379 Vinius
1102 2337 1269 2392 legatus
1305 2338 1396 2379 eius
1423 2353 1602 2379 uxorem
1624 2339 1667 2379 in
1689 2339 1840 2379 castris
1860 2338 2078 2394 stupravit

364 2403 461 2445 Tac.
478 2403 518 2445 h.
536 2407 574 2453 1,
589 2406 667 2454 48,·
688 2403 836 2445 eadem
860 2404 914 2446 de
931 2405 1193 2461 Nymphidio
1213 2405 1373 2449 Sabino
1396 2414 1627 2448 narrantur
1640 2405 1757 2448 Plut.
1776 2405 1922 2448 Galba
1935 2409 2005 2449 12.
2029 2431 2075 2435 —-·

361 2470 613 2514 Consulatus
641 2472 728 2513 eius
757 2473 986 2514 memorari
1012 2473 1175 2515 videtur
1203 2475 1249 2515 in
1280 2477 1308 2518 t.
1332 2475 1496 2516 accensi
1524 2473 1592 2516 VI
1604 2477 1723 2516 1963.
1744 2477 1865 2524 5180,
1898 2477 2076 2516 ceterum

357 2539 450 2581 vide
480 2539 528 2581 de
558 2540 694 2581 titulis
722 2541 797 2582 sub
820 2543 961 2594 patre.

275 2607 358 2649 290
390 2614 432 2658 Q.
466 2613 719 2649 CALVISIVS
753 2615 982 2663 SABINVS,
1023 2609 1285 2652 clarissimus
1315 2612 1384 2651 vir
1414 2611 1459 2652 in
1487 2610 1705 2665 sv'ynaculo
1733 2611 1844 2652 servi
1871 2610 2080 2665 Boryhesi

361 2689 453 2728 οΡΡ.
486 2674 526 2716 V
531 2689 578 2728 Ρ
601 2678 692 2717 155.

277 2741 356 2783 291
391 2741 438 2785 C.
471 2742 690 2785 Calvisius
722 2744 953 2787 Statianus
1016 2746 1168 2788 Tituli:
1199 2748 1238 2788 ei
1258 2748 1427 2801 positus
1451 2750 1511 2788 est
1542 2747 1704 2788 V3336
1722 2746 1783 2801 (1)
1819 2746 2074 2796 Veronensis,

360 2813 615 2851 memoratur
644 2812 690 2853 in
720 2816 746 2854 t.
777 2813 1072 2856 Aleoeandrino
1103 2814 1191 2856 III
1214 2815 1259 2857 S.
1291 2818 1432 2857 12048
1460 2816 1537 2871 (2).
1559 2840 1617 2844 -
1637 2814 1778 2857 Plena
1805 2815 1979 2857 nomina
2009 2827 2077 2856 ex—

322 2908 324 2910 .
362 2880 456 2919 tant
484 2878 531 2920 in
559 2882 733 2933 utroque
761 2881 895 2923 titulo.

448 2945 496 2988 O.
521 2947 562 3000 fi,
587 2948 704 2989 tribu
728 2948 909 2990 Poblilia
927 2948 1121 3004 (oriqine
1118 2964 1224 3004 eryo
1237 2914 1523 3004 probabiliter
1548 2926 1822 3005 Veronensis),
1840 2949 1900 2992 ab
1921 2951 2079 3007 epistu-

362 3012 415 3055 lis
434 2979 590 3061 latinis
619 3015 917 3069 Augustorum
949 3017 1053 3072 (scil.
1086 3018 1238 3060 Marci
1266 3021 1305 3060 et
1337 3018 1450 3066 Veri)
1482 3018 1856 3074 t.1;p1·'aeteems
1885 3019 2076 3076 Aegypti

296 3092 299 3093 ’
363 3082 450 3124 VII
480 3081 566 3123 kal.
598 3082 829 3127 Novembr.
861 3084 1020 3127 Flacco
1050 3092 1094 3127 et
1125 3085 1250 3129 Gallo
1282 3100 1366 3129 cos
1397 3106 1453 3121 -—-
1484 3102 1520 3131 a.
1548 3087 1627 3129 174
1656 3090 1684 3128 t.
1705 3082 1748 3130 2.
1778 3111 1833 3120 -
1853 3087 2078 3129 Patronus

363 3150 676 3192 Veronensium
716 3151 950 3195 advocatus
982 3153 1126 3209 populi
1158 3157 1186 3196 t.
1213 3158 1251 3196 1.
1310 3155 1430 3196 Idem
1459 3155 1548 3197 sine
1577 3155 1702 3197 dubio
1733 3157 1794 3197 est
1820 3156 1901 3208 qut
1922 3155 2078 3198 dicitur

362 3218 409 3260 in
438 3219 640 3272 excerptis
667 3219 823 3261 Dionis
849 3224 912 3271 71,
944 3224 1002 3264 28
1033 3223 1208 3280 Φλάβιος
1239 3221 1450 3280 Καλβίσιος
1479 3223 1722 3279 praefectus
1753 3222 1968 3279 Aegypti,
2002 3224 2077 3279 qui

365 3300 391 3328 a
420 3285 617 3342 partibus
643 3287 790 3328 Avidii
817 3287 953 3330 Cassii
984 3289 1232 3332 rebellantis
1255 3291 1310 3344 (a
1337 3291 1435 3345 175)
1460 3297 1646 3346 steterat,
1676 3298 1774 3348 post
1802 3290 2078 3335 rebellionem

334 3365 613 3410 oppressam
642 3370 668 3398 a
695 3354 842 3397 Marco
874 3357 916 3397 in
950 3357 1150 3399 insulam
1159 3358 1413 3413 relegatus·
1455 3389 1485 3393 -»
1566 3387 1594 3393 »·
1652 3387 1656 3390 -
