2202 3730
126 283 338 320 CLODIVS
983 278 1068 320 419
1714 282 1926 318 CLODIVS

210 413 349 457 Greek
387 415 502 456 coins
540 415 586 456 in
626 415 692 457 the
720 415 890 457 British
928 415 1147 466 Museum,
1187 415 1459 457 Alexandria
1487 429 1527 456 n.
1549 417 1670 456 1834.
1699 416 1811 455 1837
1829 426 1928 467 sqq„

210 481 260 524 A.
282 481 334 525 K.
353 482 410 525 M.
432 481 546 526 Κλω.
574 483 702 526 Πουπ.
728 483 907 540 Μάξιμος
936 484 1031 540 Σεβ.
1059 497 1101 525 n.
1125 486 1245 526 1836.
1301 484 1410 526 Item
1439 484 1661 538 Pupienus
1681 481 1931 536 plerumque

208 551 254 592 in
274 550 454 592 nummis
473 550 646 605 reliquis
662 552 716 605 cf.
734 551 964 606 (Berliner)
980 551 1229 605 Zeitscbrift
1245 552 1320 606 fur
1340 551 1629 594 Numismatik
1654 550 1777 593 VIII
1789 549 1931 606 (1881)

203 633 253 673 p.
282 622 353 662 27.

294 679 428 741 Apud
453 687 700 741 scriptores:
730 687 906 730 Clodius
933 688 1153 744 Pupienus
1177 687 1318 730 Victor
1344 687 1463 732 Caes.
1485 691 1555 738 26,
1578 686 1755 730 Clodius
1780 686 1837 732 id.
1858 690 1930 738 27,

210 755 432 812 Pupienus
470 756 650 810 Eutrop.
685 759 723 806 9,
764 761 789 798 1
830 753 943 807 (inde
978 756 1223 811 Hieronym.
1256 756 1438 798 chronic.
1478 756 1537 798 ad
1573 771 1613 798 a.
1652 755 1760 799 Abr.
1801 758 1929 806 2256,

213 823 330 867 Oros.
355 827 392 874 7,
413 823 494 878 19),
526 824 721 878 Fpitome
740 827 810 874 26,
838 824 1205 879 Chronoyraphus,
1233 824 1445 867 Polemius
1472 824 1574 867 Silv.
1606 824 1746 867 chron.
1777 825 1879 866 min.
1897 824 1931 867 I

205 907 254 947 p.
268 895 376 943 521,·
396 892 614 934 Maximus
634 906 795 946 semper
814 892 932 947 apud
944 892 1249 943 Herodianum,
1273 892 1428 935 Zosim.
1445 896 1483 942 1,
1505 896 1569 942 14,
1592 892 1751 936 Zonar.
1773 896 1843 943 12,
1865 896 1930 943 16,

209 960 452 1015 Dexippum
482 963 582 1003 teste
607 960 846 1015 Capitolino
877 961 950 1014 qui
977 961 1114 1013 fertur
1140 961 1210 1003 vit.
1243 960 1481 1003 Maximini
1504 963 1574 1010 32,
1605 964 1643 1011 3,
1678 960 1869 1003 Maximi
1896 963 1935 1003 et

207 1028 393 1071 Balbini
410 1032 448 1078 1,
465 1032 520 1080 2;
538 1031 604 1079 15,
620 1031 659 1079 5,
685 1029 749 1071 ita
767 1032 815 1070 ut
833 1032 943 1071 reete
962 1028 1030 1071 hic
1052 1029 1289 1071 observasse
1307 1028 1501 1071 videatur
1517 1043 1692 1083 yraecos
1711 1030 1935 1083 scriptores

212 1097 412 1151 colleyam
439 1096 624 1139 Balbini
650 1098 888 1139 nominasse
916 1097 1170 1147 Maximum,
1206 1097 1361 1139 latinos
1388 1096 1625 1151 Pupienum
1655 1097 1861 1151 (traditur
1889 1098 1935 1139 in

211 1166 309 1207 vitis
346 1165 443 1210 hist.
474 1165 695 1220 Auqustae
731 1178 893 1219 semper
932 1166 1166 1222 Puppien-)
1206 1166 1277 1207 vit.
1317 1165 1554 1208 Maximini
1588 1169 1655 1216 33,
1688 1168 1787 1208 3-5.
1852 1166 1937 1208 Sed

210 1233 437 1276 ridiculum
466 1234 511 1275 in
540 1233 708 1276 modum
736 1233 845 1276 idem
874 1237 1022 1276 auctor
1051 1234 1208 1276 titubat
1235 1234 1355 1276 modo
1380 1233 1623 1276 Maximum
1653 1234 1824 1276 eundem
1850 1247 1936 1276 esse

214 1306 336 1356 atque
376 1301 614 1357 Pupienum
653 1303 861 1344 coniciens
905 1301 1026 1344 modo
1067 1301 1249 1343 diversos
1290 1315 1453 1355 ponens
1492 1302 1546 1355 cf.
1587 1302 1656 1343 vit.
1700 1302 1939 1344 Maximini

212 1374 282 1421 24,
312 1374 350 1421 5,
387 1370 712 1413 Gordianorum
732 1373 797 1420 10,
828 1374 866 1420 1,
899 1370 1090 1412 Maximi
1118 1373 1157 1412 et
1184 1369 1368 1412 Balbini
1394 1373 1432 1420 1,
1463 1373 1518 1421 2,·
1555 1374 1620 1420 11,
1653 1373 1701 1422 1;
1730 1373 1796 1421 15,
1825 1372 1938 1421 4-5;

212 1442 278 1491 16,
309 1442 352 1484 2.
385 1442 422 1481 7.
453 1464 510 1468 -
546 1438 668 1492 Quod
702 1438 770 1480 hic
810 1438 966 1481 dicitur
999 1438 1121 1481 modo
1150 1439 1374 1494 Pupienus
1403 1438 1526 1481 modo
1556 1438 1806 1494 Pupienius,
1842 1452 1936 1480 con-

214 1509 325 1562 ferri
353 1510 495 1562 potest
523 1507 635 1561 quod
669 1507 864 1549 similiter
891 1508 1118 1549 variantur
1146 1507 1311 1560 formue
1340 1507 1574 1549 Passienus
1605 1510 1643 1549 et
1675 1507 1936 1559 Passienius‚

214 1575 414 1619 Alfenius
455 1579 495 1618 et
534 1575 716 1617 Alfenus
757 1575 817 1630 (in
860 1575 998 1617 eodem
1036 1576 1220 1629 fortasse
1257 1575 1422 1618 homine
1459 1589 1592 1629 supra
1627 1575 1671 1616 A
1700 1577 1793 1617 375.
1824 1574 1935 1628 376).

217 1646 334 1699 Quae
352 1658 421 1687 res
439 1644 537 1686 inde
557 1643 810 1698 explicanda
837 1643 1013 1694 videtur,
1043 1644 1155 1697 quod
1181 1644 1367 1686 homines
1397 1644 1551 1686 aetatis
1572 1644 1824 1698 posterioris
1853 1657 1937 1685 non

215 1715 305 1756 iam
332 1713 567 1756 sentiebant
602 1713 779 1754 rariora
807 1713 982 1755 nomina
1012 1712 1208 1754 cadentia
1236 1713 1283 1754 in
1311 1726 1433 1754 -enus
1460 1726 1561 1754 vera
1596 1725 1681 1754 esse
1707 1711 1938 1766 yentilicia.

300 1781 493 1824 Maximo
534 1788 656 1837 pater
697 1780 779 1823 fuit
807 1780 1025 1822 Maximus
1066 1796 1177 1823 unus
1208 1796 1230 1822 e
1260 1780 1407 1837 plebe,
1453 1787 1502 1823 ut
1541 1779 1739 1822 nonnulli
1775 1779 1937 1835 dicunt,

216 1850 338 1894 faber
372 1849 600 1903 ferrarius,
641 1855 690 1891 ut
731 1848 804 1891 alii
845 1848 1088 1903 raedarius,
1128 1855 1268 1891 mater
1306 1849 1454 1891 Prima
1481 1850 1551 1892 vit.
1585 1848 1708 1891 Max.
1742 1853 1781 1891 et
1809 1849 1938 1891 Balb.

211 1924 251 1971 4,
283 1921 399 1971 1-2;
432 1917 634 1974 ignobilis
663 1931 822 1972 genere
852 1918 924 1961 vit.
954 1917 1193 1960 Maximini
1220 1921 1292 1968 20,
1322 1922 1360 1960 1.
1427 1918 1662 1959 Pueritiam
1694 1932 1864 1959 omnem
1895 1919 1939 1959 in

132 2028 145 2031 ,
214 1988 340 2031 domo
366 1987 560 2044 parentis
581 1987 746 2028 Pinarii
767 1986 890 2040 fecit3
922 2001 1097 2043 operam
1125 1987 1405 2040 grammatico
1436 2001 1488 2028 ac
1518 1985 1678 2028 rhetori
1709 2001 1797 2028 non
1826 1986 1934 2028 mul-

214 2064 306 2099 tum
327 2056 457 2110 dedit,
489 2056 525 2097 si
546 2055 722 2112 quidem
744 2069 913 2111 semper
932 2055 1082 2097 virtuti
1108 2054 1284 2096 militari
1316 2054 1502 2107 studuit3
1535 2054 1733 2096 tribunus
1753 2055 1938 2097 militum

213 2125 297 2167 fuit
326 2131 369 2167 et
397 2124 555 2167 multos
582 2125 671 2179 egit
700 2138 901 2166 numeros
932 2130 975 2165 et
1005 2129 1154 2179 postea
1187 2129 1434 2179 praeturam
1470 2130 1647 2179 sumptu
1678 2124 1940 2165 Pescenniae

213 2193 503 2247 Marcellinae,
527 2207 637 2249 quae
659 2191 780 2234 illum
800 2191 894 2233 loco
916 2190 994 2233 filii
1014 2193 1205 2247 suscepit
1232 2198 1275 2234 et
1295 2191 1423 2245 aluit3
1455 2191 1556 2233 inde
1586 2191 1939 2247 proconsulatum

215 2262 448 2318 Bithyniae
478 2263 567 2316 egit
597 2268 639 2303 et
668 2260 872 2316 deinceps
903 2260 1114 2304 Graeciae
1137 2275 1189 2302 ac
1219 2261 1346 2302 tertio
1376 2259 1603 2313 Narbone3
1632 2260 1788 2301 missus
1818 2275 1940 2315 prae-

215 2337 334 2373 terea
369 2330 537 2385 legatus
569 2330 787 2372 Sarmatas
821 2330 866 2370 in
896 2328 1071 2384 Illyrico
1105 2328 1300 2371 contudit
1329 2334 1458 2384 atque
1494 2328 1595 2370 inde
1624 2327 1857 2370 translatus
1885 2327 1939 2370 ad

215 2399 414 2442 Rhenum
444 2413 535 2440 rem
566 2404 715 2441 contra
734 2397 974 2440 Germanos
1004 2399 1109 2439 satis
1139 2396 1321 2439 feliciter
1350 2397 1483 2451 gessit
1502 2397 1573 2438 vit.
1598 2396 1723 2438 Max.
1745 2399 1784 2438 et
1806 2396 1935 2438 Balb.

213 2471 252 2518 4,
282 2471 385 2518 3-9,
425 2468 467 2510 ἐν
509 2470 675 2513 πολλαῖς
714 2467 989 2522 στρατοπέδων
1029 2468 1172 2523 ἀρχαῖς
1209 2465 1421 2522 γενόμενος
1459 2464 1694 2507 Herodian.
1730 2467 1768 2514 7,
1800 2468 1864 2515 10,
1895 2469 1935 2507 4.

217 2535 370 2579 Consul
399 2536 432 2578 I
448 2535 649 2587 suffectus
686 2549 798 2576 anno
828 2535 987 2576 incerto
1017 2534 1177 2576 saeculi
1206 2534 1321 2576 tertii
1349 2533 1555 2584 ineuntis;
1595 2532 1836 2575 consularis
1865 2534 1938 2574 vit.

216 2604 340 2647 Max.
373 2607 412 2646 et
439 2603 568 2646 Balb.
591 2608 629 2653 1,
651 2607 694 2653 2,
724 2602 931 2645 Gordian.
963 2605 1038 2652 22,
1070 2605 1108 2643 1.
1159 2601 1409 2643 Praefectus
1441 2601 1540 2643 urbi
1570 2601 1805 2643 Herodian.
1839 2601 1865 2643 l.
1898 2600 1940 2652 l.,

214 2673 286 2715 vit.
320 2672 446 2714 Max.
475 2675 546 2722 20,
578 2675 616 2722 1,
659 2671 785 2713 Max.
827 2674 867 2712 et
902 2670 1031 2712 Balb.
1070 2674 1119 2720 4,
1159 2673 1225 2711 10.
1296 2668 1458 2712 Consul
1498 2670 1543 2711 Π
1583 2668 1799 2724 (suffectus
1826 2683 1939 2711 anno

214 2740 388 2795 incerto)
417 2740 580 2782 nummi
614 2739 754 2782 Gohen
781 2753 822 2781 n.
847 2742 1006 2789 26-30,
1040 2742 1068 2780 t.
1098 2741 1137 2780 6.

300 2808 427 2851 Anno
459 2809 541 2851 238
572 2815 746 2850 senatus
776 2814 1003 2863 postquam
1034 2807 1240 2862 comperit
1267 2806 1511 2849 Gordianos
1542 2806 1589 2847 in
1610 2805 1761 2847 Africa
1790 2809 1940 2847 contra

216 2878 503 2920 Maximinum
543 2878 770 2931 imperium
813 2876 1068 2931 sumpsisse,
1112 2875 1267 2929 viginti
1298 2875 1416 2916 viros
1452 2889 1508 2915 ex
1538 2880 1713 2916 senatus
1745 2872 1939 2915 consulto

217 2947 278 2988 rei
309 2945 508 3001 publicae
529 2945 746 2987 curandae
767 2945 943 2997 creavit,
972 2944 1084 2985 inter
1104 2958 1212 2999 quos
1232 2943 1408 2984 fuerunt
1428 2942 1646 2984 Maximus
1669 2948 1710 2983 et
1730 2941 1939 2983 Balbinus

218 3015 412 3057 Zosimus
440 3018 478 3064 1,
510 3016 574 3063 15,
605 3014 677 3055 vit.
708 3012 916 3055 Gordian.
949 3015 1017 3061 10,
1048 3015 1097 3062 1;
1126 3014 1200 3060 22,
1232 3014 1258 3052 1
1298 3011 1352 3064 cf.
1389 3025 1496 3063 quae
1535 3010 1739 3052 adnotavi
1767 3025 1815 3064 p.
1837 3013 1937 3052 260.

218 3084 323 3125 Post
361 3089 544 3124 mortem
585 3080 770 3123 duorum
801 3080 1121 3124 Gordianorum
1161 3085 1335 3120 senatus
1364 3078 1604 3120 Maximum
1634 3085 1677 3121 et
1706 3077 1938 3120 Balbinum

216 3153 497 3207 imperatores
538 3150 702 3191 creavit
731 3148 966 3191 Herodian.
1000 3151 1037 3198 7,
1066 3151 1133 3198 10,
1172 3148 1244 3190 vit.
1280 3146 1489 3189 Gordian.
1518 3150 1592 3196 22,
1625 3150 1663 3197 1,
1704 3147 1777 3188 vit.
1810 3146 1935 3188 Max.

218 3224 258 3262 et
278 3219 408 3263 Balb.
430 3222 531 3262 1-3.
576 3218 684 3260 Inde
715 3219 954 3274 Imperator
985 3216 1146 3258 Caesar
1169 3215 1228 3259 M.
1261 3215 1438 3258 Clodius
1468 3217 1690 3271 Pupienus
1718 3215 1939 3257 Maximus

213 3288 438 3343 Augustus
465 3288 511 3329 in
540 3286 676 3329 titulis
702 3286 961 3339 nummisque
988 3299 1025 3326 v.
1055 3297 1210 3338 supra;
1237 3285 1283 3326 in
1303 3298 1472 3339 papyro
1501 3284 1714 3338 titulisque
1735 3286 1835 3333 1-5,
1863 3284 1939 3325 ubi

216 3357 298 3399 duo
337 3355 525 3410 Auyusti
559 3355 845 3404 nominantur,
883 3354 1033 3408 priore
1072 3352 1161 3394 loco
1199 3365 1360 3406 semper
1402 3351 1619 3407 Pupienus
1653 3352 1822 3406 positus
1865 3355 1935 3395 est.

1585 3419 1657 3455 27*
