2202 3730
131 294 291 332 COCCE
298 296 376 333 IVS
996 292 1079 335 427
1699 299 1938 337 COCCEIVS

210 427 329 471 Bure
344 429 494 483 posuit
515 444 582 471 res
602 429 776 486 publica
807 430 1031 485 [co]loniae
1056 432 1065 473 !
1085 432 1094 473 Ξ
1113 432 1122 473 Ξ
1141 432 1150 473 !
1170 433 1179 474 1
1199 432 1208 473 Σ
1234 431 1479 486 Augustae3
1506 444 1655 473 nomen
1675 431 1863 475 coloniae
1885 434 1939 475 ab

211 496 404 551 Augusto
424 498 565 539 neseio
584 512 664 551 quo
687 498 905 540 deductum
925 512 1092 541 erasum
1112 503 1183 541 est.
1234 500 1424 541 Litteras
1453 499 1569 541 tituli
1597 499 1836 543 Wlmanns
1865 503 1939 554 qui

212 564 321 606 vidit
349 565 466 607 tertii
493 565 653 608 saeculi
679 566 896 608 iudicavit.
917 591 974 597 —
993 567 1109 609 Arta
1130 568 1374 610 necessitate
1395 568 1640 610 coniunctus
1660 581 1752 610 eum
1770 568 1941 611 Aniciis

212 632 392 675 Faustis
421 647 555 687 supra
580 634 624 675 A
652 637 870 677 439-442.

127 701 211 743 962
241 701 292 744 L.
325 701 534 744 Cocceius
563 701 744 757 Auctus,
776 703 828 745 L.
850 702 1023 757 (Coccei
1055 703 1115 756 et)
1148 703 1197 746 C.
1229 703 1422 745 Postumi
1451 702 1645 758 libertus,
1677 704 1940 747 architectus

214 771 358 825 posuit
392 773 420 813 t.
453 769 734 812 Puteolanum
767 770 817 813 X
843 774 963 813 1614.
1023 770 1234 814 Cocceius
1275 771 1536 814 architectus
1573 779 1713 814 aetate
1752 772 1939 828 Augusti

215 844 412 893 cryptam
444 839 556 880 inter
584 838 809 880 Avernum
839 838 981 880 lacum
1012 845 1055 880 et
1081 838 1241 881 Cumas
1272 839 1375 881 fecit
1405 839 1564 882 Strabo
1593 844 1633 890 5,
1664 844 1703 890 4,
1732 844 1759 883 5
1779 856 1825 895 p.
1855 846 1941 885 245

207 906 294 959 (τοῦ
325 905 523 964 Κοκκηίου
553 910 623 949 τοῦ
652 909 887 964 ποιήσαντος
916 909 985 963 τὴν
1016 909 1187 965 διώρυγα
1227 909 1380 965 ἐκείνην
1415 925 1457 950 τε
1497 911 1562 951 καὶ
1596 910 1659 951 ἐπὶ
1691 908 1798 953 Νέαν
1827 911 1939 954 πόλιν

213 975 258 1016 ἐκ
299 975 577 1032 Δικαιαρχείας
616 976 679 1018 ἐπὶ
722 980 806 1022 ταῖς
850 974 1009 1027 Βαίαις,
1049 976 1126 1018 ubi
1161 976 1290 1018 verba
1329 979 1515 1019 ea'trema
1552 991 1655 1019 num
1694 991 1804 1021 sana
1840 981 1938 1035 sint,

212 1042 462 1099 dubitatur).

104 1108 210 1152 v963
241 1116 282 1154 C.
315 1116 554 1153 COCCEIVS
589 1118 795 1167 BALBVS,
835 1113 1089 1169 αὐτοκράτωρ
1131 1132 1186 1147 z
1226 1113 1462 1169 imperator
1495 1113 1669 1167 publice
1707 1115 1941 1158 honoratus

214 1181 242 1220 t.
272 1178 418 1222 Attico
448 1177 551 1222 GIA
576 1180 666 1222 III
685 1183 779 1223 571.
826 1181 1072 1235 Imperator
1101 1184 1209 1223 certe
1237 1181 1355 1223 intra
1386 1196 1426 1223 a.
1448 1185 1678 1225 709-727
1695 1203 1750 1218 =
1768 1186 1941 1227 45-27

212 1261 252 1288 a.
281 1247 328 1290 O.
358 1248 413 1301 ef.
435 1248 683 1299 Mommsen,
707 1249 975 1292 Staatsreeht
993 1250 1049 1292 1³
1071 1264 1120 1304 p.
1140 1252 1239 1299 125,
1270 1250 1453 1303 fortasse
1479 1250 1641 1304 leqatus
1661 1251 1728 1293 M.
1745 1251 1939 1294 Antonii.

125 1315 210 1357 964
240 1321 477 1358 COCCEIVS
501 1323 783 1372 CASSIANVS,
806 1317 1070 1360 clarissimus
1090 1319 1173 1371 vir,
1198 1319 1272 1374 qui
1295 1318 1500 1360 Rufinam
1522 1320 1756 1374 ingenuam
1777 1319 1940 1362 honore

211 1382 339 1440 pleno
369 1384 593 1440 dilexerat,
625 1392 818 1428 mortuus
849 1393 990 1429 aetate
1021 1386 1220 1443 Septimii
1251 1386 1402 1430 Severi
1433 1394 1475 1429 et
1499 1387 1710 1430 Antonini
1731 1388 1941 1443 Papinia-

209 1465 290 1494 nus
319 1452 484 1508 Diyest.
504 1457 570 1504 34,
593 1457 632 1505 9,
653 1457 720 1505 16,
743 1458 782 1497 1.

126 1520 209 1562 965
239 1521 298 1565 Μ.
331 1521 578 1577 Cocc(eius)
610 1522 827 1577 Genialis,
869 1524 939 1565 vir
967 1523 1190 1578 egregiuS,
1227 1530 1484 1579 procurator
1512 1522 1812 1578 Augustorum
1843 1540 1938 1581 pro-

210 1589 380 1632 vinciae
408 1590 576 1633 Daciae
606 1591 910 1633 Porolissensis
940 1591 1030 1634 III
1053 1591 1100 1634 S.
1133 1595 1245 1635 7662
1275 1595 1304 1634 t.
1337 1591 1616 1646 Napocensis.

126 1656 210 1699 966
241 1657 450 1701 Cocceius
488 1659 683 1702 Iulianus
724 1659 956 1715 Synesius,
1002 1659 1321 1714 Antiochenus,
1367 1661 1388 1702 ὁ
1427 1662 1628 1716 κράτιστος
1668 1662 1938 1719 δουκηνάριος,

210 1727 392 1769 maritus
420 1726 572 1770 Aeliae
611 1728 857 1782 Matronae,
901 1735 1024 1784 pater
1054 1727 1210 1771 Coccei
1240 1728 1454 1770 Benniani
1484 1728 1519 1770 I
1520 1727 1597 1771 GI
1617 1732 1728 1771 1347
1755 1733 1784 1773 t.
1811 1732 1939 1773 urba-

209 1808 301 1838 nus.
333 1820 392 1826 —
419 1797 635 1838 Incertum
665 1800 746 1847 est,
777 1811 878 1839 num
906 1796 1017 1839 idem
1045 1797 1101 1839 sit
1131 1796 1341 1839 Cocceius
1371 1796 1589 1852 Iulianus,
1631 1797 1939 1842 frumentarius

210 1864 327 1906 vices
357 1878 490 1920 agens
520 1865 729 1921 principis
760 1866 1089 1921 peregrinorum
1120 1865 1188 1908 VI
1208 1868 1334 1909 3326.

126 1931 210 1974 967
242 1938 480 1975 COCCEIVS
514 1933 733 1988 [1]VSTVS,
764 1933 995 1990 proconsul
1026 1934 1343 1988 (Macedoniae)
1373 1937 1631 1977 memoratur
1659 1935 1707 1977 in
1736 1938 1765 1977 t.
1787 1950 1939 1990 yraeee

156 1991 166 1993 ‚
211 2001 368 2055 scripto
397 2002 577 2056 Heuzey,
609 2003 671 2044 Le
702 2002 831 2044 Mont
857 2002 1030 2057 Olympe
1061 2006 1099 2045 et
1128 2002 1408 2045 l'Aearnanie
1429 2017 1478 2057 p.
1499 2005 1584 2045 487
1609 2017 1652 2045 n.
1675 2007 1743 2046 49.

141 2093 193 2097 -
241 2101 279 2111 ..
310 2075 560 2111 LABERIVS
594 2076 732 2112 Ν...
765 2069 1036 2125 [ο]οοοΕΙν8
1068 2077 1279 2112 LEPIDVS
1310 2070 1614 2125 PRoc[VLvs].

126 2136 209 2179 968
241 2136 450 2180 Cocceius
471 2138 777 2193 Minic[ianus],
810 2132 1031 2180 rationalis
1053 2146 1096 2180 et
1117 2171 1239 2183 .....
1272 2138 1341 2181 VI
1358 2142 1466 2181 9031
1493 2142 1520 2181 t.
1541 2139 1734 2181 urbanus
1753 2139 1941 2190 mutilus,

211 2220 330 2259 quem
359 2207 543 2248 correxit
570 2206 735 2248 Hulsen
763 2206 988 2248 Ro'misehe
1019 2206 1348 2262 Mittheilunqen
1373 2207 1462 2249 III
1484 2206 1629 2261 (1888)
1651 2221 1700 2261 p.
1723 2210 1825 2250 232.

126 2274 210 2316 969
238 2281 291 2316 Μ.
333 2280 574 2317 COCCEIVS
614 2280 788 2317 NEPOS.
862 2274 1029 2318 Titulus
1065 2276 1154 2317 eius
1192 2275 1423 2318 Ravennas
1459 2275 1540 2318 XI
1560 2278 1636 2326 13,
1682 2290 1935 2331 quamquam

209 2342 346 2385 medio
377 2357 478 2385 aevo
504 2343 722 2385 restitutus
750 2342 930 2393 videtur,
962 2343 1131 2385 omnino
1159 2344 1350 2386 sincerus
1380 2347 1452 2388 est.
1475 2368 1527 2373 ——
1549 2343 1609 2386 M.
1631 2344 1676 2399 f.,
1710 2344 1827 2387 tribu
1847 2345 1940 2388 Pol.

296 2411 410 2453 Xvir
447 2411 635 2454 stlitibus
675 2411 942 2466 iudicandis,
988 2412 1106 2453 sevir
1149 2412 1344 2468 equitum
1382 2413 1695 2468 Romanorum,
1742 2413 1942 2456 tribunus

213 2479 401 2521 militum
436 2478 618 2534 legionis
649 2480 716 2522 XI
746 2478 977 2535 Claudiae,
1019 2486 1243 2536 quaestor,
1284 2480 1454 2535 legatus
1483 2495 1562 2536 pro
1590 2496 1656 2537 pr.
1687 2483 1940 2538 provinciae

216 2547 402 2602 Siciliae,
435 2548 634 2591 tribunus
663 2548 804 2605 plebis
838 2548 1088 2603 designatus
1120 2548 1279 2591 titulus.

128 2617 212 2659 970
242 2623 286 2658 L.
329 2622 568 2659 COCCEIVS
610 2623 804 2671 NERVA,
847 2616 995 2659 consul
1027 2617 1271 2671 (suffectus)
1303 2633 1415 2659 anno
1448 2619 1530 2661 715
1559 2638 1617 2653 =
1646 2618 1701 2661 39
1731 2633 1770 2660 a.
1802 2617 1851 2661 C.
1884 2643 1938 2648 —

215 2684 296 2740 [L.]
336 2684 544 2727 Cocceius
583 2686 689 2739 fasti
725 2685 908 2727 minores
948 2685 1071 2727 VIII
1094 2684 1194 2728 CIL
1221 2686 1275 2728 1³
1300 2701 1346 2740 p.
1379 2689 1432 2729 65
1469 2687 1517 2728 in
1558 2686 1800 2729 consulatus
1830 2687 1942 2729 indi-

214 2754 400 2804 catione;
429 2754 480 2796 L.
513 2752 720 2796 Cocceius
749 2753 897 2796 Nerva
922 2753 1164 2808 Porphyrio
1187 2768 1235 2808 p.
1256 2757 1341 2797 215
1371 2755 1434 2797 ecl.
1458 2755 1617 2810 Meyer,
1650 2755 1702 2798 L.
1734 2754 1942 2798 Cocceius

213 2822 404 2876 Appian.
437 2822 529 2866 bell.
561 2823 637 2864 civ.
665 2826 705 2874 5,
735 2825 802 2873 60,
836 2822 1043 2865 Cocceius
1075 2823 1191 2877 apud
1219 2823 1464 2866 Horatium.

299 2889 478 2932 Amicus
518 2890 717 2933 Caesaris
757 2897 799 2933 et
838 2891 897 2934 M.
928 2890 1108 2933 Antonii
1148 2898 1310 2934 aestate
1350 2893 1452 2934 anni
1484 2892 1567 2935 713
1597 2913 1652 2927 =
1683 2894 1731 2936 41
1779 2892 1834 2935 ab
1867 2893 1940 2935 illo

216 2957 272 2999 ad
301 2957 540 3000 Antonium
571 2960 616 3001 in
647 2959 778 3015 Syria
806 2966 1005 3014 agentem
1035 2961 1189 3002 missus
1220 2960 1396 3015 (seilicet
1425 2961 1474 3003 ob
1505 2960 1748 3004 seditionem
1778 2962 1829 3003 L.
1851 2961 1943 3004 An-

215 3027 338 3082 tonii)
369 3033 412 3068 et
440 3026 681 3069 Antonium
722 3042 835 3069 anno
877 3028 1074 3084 sequenti
1111 3029 1154 3069 in
1185 3027 1356 3071 Italiam
1396 3030 1623 3071 comitatus
1658 3028 1775 3085 apud
1805 3030 1943 3072 Brun-

215 3094 374 3136 disium
413 3095 645 3137 amicitiam
679 3101 722 3137 et
750 3095 905 3137 foedus
937 3096 1050 3137 inter
1078 3096 1328 3139 triumviros
1357 3099 1600 3154 composuit
1623 3097 1814 3152 Appiam.
1848 3097 1940 3142 bell.

218 3163 293 3204 civ.
314 3165 354 3213 5,
376 3166 530 3205 60-64.
581 3162 744 3206 Consul
774 3178 887 3205 anno
909 3164 992 3206 715
1013 3183 1070 3198 =
1090 3164 1145 3206 39
1165 3178 1202 3207 υ.
1223 3178 1369 3219 supra.
1416 3166 1546 3208 Anno
1568 3169 1651 3208 717
1667 3186 1723 3200 =
1742 3168 1800 3208 37
1826 3166 1942 3208 Mae-

218 3245 346 3272 cenas
374 3237 417 3272 et
437 3230 646 3274 Cocceius
673 3232 809 3273 ‘missi
829 3232 997 3286 magnis
1019 3232 1073 3273 de
1093 3232 1222 3275 rebus
1243 3240 1424 3290 uterque
1448 3234 1594 3289 legati,
1625 3249 1800 3276 aversos
1831 3233 1943 3276 soliti

217 3313 474 3355 componere
498 3300 674 3341 amicos'
699 3299 980 3341 Brundisium
1010 3299 1193 3356 profecti
1224 3308 1325 3343 sunt
1345 3302 1501 3344 Horat.
1523 3306 1603 3346 sat.
1625 3306 1663 3353 1,
1684 3305 1712 3345 5
1730 3316 1767 3346 v.
1784 3306 1847 3345 27
1858 3316 1943 3356 sqq.

219 3374 261 3409 et
279 3366 431 3410 foedus
451 3368 566 3410 inter
586 3369 837 3410 triumviros
863 3375 1129 3411 renovarunt
1147 3369 1359 3425 (Tarenti)
1380 3370 1623 3425 Porphyrio
1644 3371 1670 3413 l.
1694 3370 1721 3412 l.
1743 3370 1795 3412 T.
1818 3370 1943 3411 Livio
