2202 3730
300 310 511 346 BAEBIVS
1159 301 1245 344 224
1885 306 2099 343 BAEBIVS

305 442 358 483 10
386 448 431 482 L.
463 444 674 481 BAEBIVS
706 442 1059 490 CAECILIANVS,
1101 436 1269 492 legatus
1299 436 1595 491 Augustorum
1634 452 1699 492 pr.
1739 452 1803 493 pr.
1834 437 2103 491 (Pannoniae

389 508 620 560 inferioris)
642 506 724 548 III
739 508 860 555 3706,
892 519 1003 546 anno
1034 505 1113 546 199
1142 505 1231 547 III
1248 507 1356 546 3733
1384 504 1565 546 miliarii
1594 503 1845 546 Pannoniae
1872 505 2101 558 inferioris,

305 578 353 619 11
388 575 576 617 Baebius
606 574 840 629 Hispanus,
872 572 927 614 ad
959 587 1056 614 eum
1086 573 1257 628 scripsit
1281 571 1450 614 Plinius
1471 571 1589 614 Plin.
1612 572 1730 626 epist.
1751 575 1790 622 1,
1811 575 1892 624 24‚·
1921 572 2104 626 fortasse
2154 611 2158 616 ,

387 643 495 684 idem
527 645 586 684 est
614 641 847 696 Hispanus,
880 640 935 682 ad
967 654 1095 696 quem
1126 639 1294 682 Plinius
1325 640 1498 696 scripsit
1526 640 1644 694 epist.
1665 643 1704 690 6,
1726 642 1795 683 25.

305 713 356 754 12
387 718 430 752 L.
462 715 673 751 BAEBIVS
703 714 1024 762 HONORATVS,
1067 707 1216 750 consul
1247 708 1490 763 (suffectus)
1517 722 1615 750 cum
1644 706 1743 764 [M.]
1766 707 1977 750 Arrecino
2008 706 2102 750 Cle-

386 785 530 820 mente
562 792 600 819 a.
631 778 789 819 incerto
812 779 912 831 post
941 791 980 820 a.
1010 779 1064 818 73
1090 776 1199 818 XII
1218 779 1329 819 3637
1357 779 1384 819 t.
1417 775 1728 819 Nemausensis.

179 879 181 881 ·
224 897 229 900 Δ
305 849 357 891 13
387 847 437 890 L.
469 845 656 888 Baebius
687 845 906 899 Iuncinus,
940 844 991 889 L.
1012 844 1054 897 f.‚
1087 844 1203 887 tribu
1232 843 1340 898 Gal„
1374 844 1618 900 praefectus
1646 843 1830 898 fabrum,
1861 843 2104 900 praefectus

387 914 573 956 cohortis
603 913 695 955 IIII
723 914 968 967 Raetorum,
1001 912 1200 955 tribunus
1223 911 1407 955 militum
1428 912 1610 966 legionis
1630 912 1767 954 XXII
1787 911 2103 965 Deiotarianae,

388 982 630 1039 praefectus
667 980 760 1022 alae
790 980 1020 1034 Asturum,
1054 980 1296 1036 praefectus
1327 980 1645 1035 vehiculorum,
1677 979 1886 1022 iuridicus
1915 979 2105 1035 Aegypti

383 1051 431 1093 X
464 1053 572 1092 6976
607 1052 634 1093 t.
669 1049 969 1091 Messanensis.
1035 1048 1103 1102 Cf.
1133 1062 1175 1090 n.
1206 1051 1231 1089 9
1245 1081 1254 1090 .
1319 1048 1534 1090 Tribunus
1571 1047 1746 1102 leyionis
1783 1046 2104 1096 Deiotariwnae,

387 1133 494 1172 quae
525 1121 626 1172 post
665 1120 841 1159 aetatem
878 1117 1061 1159 Traiani
1086 1130 1172 1158 non
1197 1119 1466 1166 memoratur,
1507 1116 1582 1158 sub
1617 1116 1709 1170 ipso
1744 1115 1947 1166 Traiano,
1975 1128 2107 1170 prae-

389 1188 523 1241 fectus
551 1185 833 1228 vehiculorum
862 1186 937 1227 sub
969 1185 1198 1227 Hadriano
1228 1184 1360 1238 fuisse
1387 1183 1550 1226 videtur
1581 1185 1636 1238 ef.
1666 1182 1929 1237 Hirschfeld,
1960 1182 2107 1226 Unter-

389 1254 626 1308 suehunyen
649 1269 695 1308 p.
719 1257 800 1295 100
831 1253 928 1296 adn.
949 1256 989 1295 3.

307 1325 359 1367 14
389 1322 577 1365 Baebius
600 1322 789 1376 Longus,
813 1321 976 1363 ordinis
998 1322 1221 1378 equestris,
1243 1319 1563 1377 condiscipulus
1586 1327 1628 1362 et
1647 1321 1811 1363 amicus
1837 1320 2106 1376 imperatoris

389 1391 447 1432 M.
479 1389 646 1432 Aurelii
677 1391 748 1432 vit.
782 1389 930 1431 Marci
954 1393 993 1440 3,
1024 1392 1064 1433 8.

307 1461 358 1502 15
390 1465 601 1500 BAEBIVS
633 1464 818 1509 MACER,
852 1457 1000 1499 consul
1030 1457 1280 1511 designatus
1310 1455 1369 1509 (a.
1400 1460 1481 1499 103
1508 1456 1572 1499 vel
1600 1459 1680 1499 104
1707 1459 1756 1498 ut
1782 1455 1964 1508 videtur)
1991 1455 2108 1498 Plin.

391 1528 508 1582 epist.
539 1530 578 1577 4,
610 1530 648 1577 9,
681 1530 736 1568 16
745 1539 758 1577 ;
795 1527 840 1567 in
880 1532 1032 1568 senatu
1070 1526 1325 1567 sententiam
1355 1524 1468 1566 dixit
1497 1524 1582 1567 ibd.
1612 1528 1652 1575 4,
1683 1528 1752 1575 12,
1782 1527 1831 1576 9,·
1866 1524 2108 1580 praefectus

391 1595 488 1638 urbi
521 1610 558 1637 a.
591 1593 670 1636 117
701 1594 774 1635 vu.
806 1593 1029 1635 Hadriani
1055 1595 1093 1647 5,
1124 1595 1163 1635 5.
1221 1591 1389 1634 Plinius
1428 1592 1484 1634 ad
1523 1607 1626 1634 eum,
1655 1593 1826 1648 scripsit
1853 1593 1972 1647 epist.
1999 1594 2040 1642 3,
2069 1593 2109 1634 5.

308 1666 388 1707 15a
418 1663 605 1706 Baebius
635 1662 803 1715 Macer,
843 1676 988 1703 rerum
1026 1662 1211 1717 scriptor
1247 1660 1300 1702 de
1341 1660 1469 1702 rebus
1496 1651 1686 1714 Augusti
1717 1661 1873 1703 citatur
1902 1660 2022 1704 Serv.
2053 1657 2112 1701 ad

391 1732 461 1774 ecl.
484 1735 523 1781 9,
546 1734 603 1772 47
610 1744 623 1781 ;
653 1729 711 1772 ad
738 1730 846 1771 Aen.
872 1732 910 1779 5,
931 1732 1023 1772 556.

309 1803 360 1844 16
390 1799 579 1842 Baebius
615 1798 783 1852 Macer,
825 1798 1068 1853 praefectus
1110 1798 1324 1853 praetorio
1364 1812 1402 1839 a.
1433 1798 1516 1840 258
1546 1798 1618 1839 vit.
1650 1796 1882 1839 Aureliani
1908 1799 1973 1847 13,
2000 1799 2026 1837 1
2063 1795 2110 1837 in

393 1869 498 1910 actis
528 1867 649 1922 fictis.

312 1939 360 1980 17
392 1936 579 1978 Baebius
618 1934 876 1988 Macrianus,
918 1933 1074 1988 rhetor,
1115 1934 1322 1987 magister
1362 1933 1512 1975 Severi
1542 1932 1782 1975 Alexandri
1818 1934 1891 1975 vit.
1921 1931 2111 1974 Alexan-

393 2005 462 2046 dri
489 2007 528 2053 3,
559 2006 597 2044 3.

310 2072 360 2114 18
391 2072 579 2114 Baebius
608 2071 869 2124 Maecianus,
892 2070 1045 2112 adfinis
1067 2069 1207 2112 Clodii
1229 2069 1379 2112 Albini
1406 2071 1478 2126 qui
1503 2071 1732 2126 imperavit
1748 2071 1820 2112 vit.
1841 2069 1996 2112 Albini
2013 2071 2054 2119 6,
2072 2071 2110 2110 1.

312 2140 362 2181 19
391 2145 602 2180 BAEBIVS
634 2144 1004 2193 MARCELLINVS,
1043 2137 1192 2180 aedilis
1224 2137 1422 2189 (eurulis,
1462 2153 1562 2180 nam
1589 2141 1818 2193 praetexta
1847 2139 1934 2180 eius
1962 2150 2112 2179 memo-

392 2207 533 2261 ratur)
569 2208 684 2248 circa
714 2222 760 2249 .a.
798 2208 880 2248 205
921 2212 1097 2262 propter
1136 2221 1260 2248 usum
1301 2207 1459 2248 artium
1498 2207 1765 2261 magicarum
1805 2196 2032 2248 damnatus
2069 2211 2112 2247 et

393 2275 641 2318 interfectus
671 2274 758 2316 Dio
791 2277 855 2324 76,
883 2277 922 2317 8.
953 2278 1004 2326 9,·
1033 2281 1237 2330 quattuor
1267 2274 1345 2316 filii
1375 2275 1467 2316 eius
1497 2275 1583 2317 ibd.
1615 2288 1648 2318 o.
1677 2278 1716 2317 9.

308 2345 363 2387 20
394 2344 582 2386 Baebius
612 2343 778 2396 Massa,
822 2357 858 2384 a.
891 2343 944 2385 70
974 2349 1226 2398 procurator
1255 2341 1431 2385 Africae
1466 2343 1564 2385 Tae.
1595 2342 1635 2387 h.
1664 2346 1704 2393 4,
1733 2345 1810 2394 50;
1849 2341 2015 2385 delator
2049 2342 2113 2382 in-

394 2412 518 2454 famis
549 2411 630 2453 sub
660 2411 908 2452 Domitiano
939 2410 1038 2460 ibd„
1071 2409 1261 2452 Juvenal.
1283 2414 1363 2454 sat.
1385 2414 1422 2461 1,
1442 2413 1508 2462 35,
1541 2411 1689 2454 Sidon.
1715 2409 1960 2465 Apollinar.
1980 2409 2111 2464 epiyr.

393 2484 431 2532 5,
455 2484 482 2521 7
489 2493 503 2532 ,·
529 2478 758 2535 proconsul
780 2479 982 2521 Baeticae
1008 2492 1064 2520 ex
1087 2493 1137 2520 ea
1157 2479 1382 2534 provincia
1402 2494 1428 2520 a
1448 2478 1588 2521 Plinio
1610 2477 1807 2521 Secundo
1830 2484 1872 2520 et
1892 2477 2112 2520 Herennio

396 2548 632 2591 Senecione
653 2547 987 2603 repetundarum
1009 2553 1235 2588 accusatus
1257 2553 1300 2588 et
1315 2547 1544 2588 damnatus
1566 2554 1630 2589 est
1640 2547 1755 2589 Plin.
1768 2547 1887 2601 epist.
1897 2549 1936 2596 3,
1953 2548 1992 2596 4,
2007 2548 2048 2588 4.
2064 2547 2090 2587 6
2100 2558 2114 2596 ;
2184 2590 2187 2593 ,

396 2620 432 2665 6,
457 2619 525 2666 29,
547 2618 596 2666 8,·
626 2619 663 2665 7,
685 2618 750 2665 33,
783 2629 896 2656 anno
927 2616 981 2657 93
1018 2615 1116 2657 Tae.
1148 2614 1254 2669 Ayr.
1285 2617 1351 2657 45.
1383 2640 1438 2645 —-
1479 2615 1598 2657 Idem
1625 2615 1790 2658 videtur
1818 2614 1964 2657 Massa
1991 2627 2112 2656 num-

394 2698 562 2726 morum
591 2683 662 2725 fur
694 2683 896 2725 Martial.
926 2687 994 2737 12,
1024 2686 1094 2733 29,
1127 2686 1169 2726 2.

310 2754 361 2795 21
395 2752 584 2794 Baebius
613 2751 793 2805 Probus,
824 2752 998 2793 natione
1027 2751 1240 2805 Baeticus,
1272 2758 1447 2807 propter
1478 2766 1528 2793 ea
1559 2765 1670 2807 quae
1701 2750 1888 2794 Caecilio
1919 2749 2112 2794 Classico

396 2819 651 2876 proconsule
680 2821 723 2860 in
745 2820 922 2861 Baetica
950 2826 1153 2874 gesserat,
1184 2835 1211 2861 a
1237 2819 1379 2861 Plinio
1409 2826 1635 2862 accusatus
1665 2819 1878 2873 relegatus
1907 2825 1973 2861 est
1992 2817 2112 2860 Plin-

396 2889 514 2942 epist.
543 2891 581 2938 3,
615 2891 653 2930 9.

311 2958 365 2998 22
397 2962 475 2998 CN.
504 2955 717 2997 BAEBIVS
749 2961 998 2998 TAMPILVS
1029 2962 1163 2997 VALA
1193 2961 1534 3010 NVMONIANVS,
1568 2954 1646 2999 Cn.
1669 2955 1712 3010 f.,
1745 2961 1959 3012 quaestor,
1991 2968 2112 3010 prae-

398 3031 476 3078 tor,
508 3038 584 3079 pro
606 3023 790 3078 consule,
820 3025 956 3066 IIIvir
977 3039 1075 3066 aere
1094 3030 1270 3079 argento
1293 3038 1397 3066 auro
1418 3023 1562 3066 flando
1589 3023 1786 3066 feriundo
1818 3023 1886 3066 VI
1897 3025 2026 3074 136o;
2053 3022 2114 3064 sic

395 3092 549 3133 rnirwm
563 3092 609 3133 in
624 3091 791 3133 niodum
806 3105 951 3134 cursus
965 3092 1168 3134 honorum
1183 3093 1230 3134 in
1246 3091 1386 3146 lapide
1397 3091 1613 3146 procedit,
1626 3091 1699 3133 sed
1715 3090 1881 3133 titulum
1894 3089 2004 3132 male
2019 3102 2114 3132 oon-
2173 3142 2175 3144 q

398 3163 557 3214 ceptum
577 3160 708 3213 fuisse
729 3163 803 3201 aut
823 3163 1009 3202 erratum
1029 3175 1056 3202 a
1078 3160 1266 3214 lapicida
1294 3160 1460 3202 eredere
1485 3159 1633 3201 malim
1652 3173 1779 3213 quam
1803 3172 1897 3200 cum
1917 3157 2114 3200 Henzeno

397 3231 578 3269 statuere
606 3228 810 3269 hominem
839 3229 1103 3281 praetorium
1133 3229 1323 3281 functum
1353 3241 1436 3270 esse
1465 3227 1768 3281 viqintiviratu.
1800 3250 1852 3256 —
1884 3224 2114 3268 Parentela

397 3296 535 3337 neseio
579 3309 663 3348 qua
708 3296 952 3338 coniunctus
995 3296 1159 3338 videtur
1198 3310 1290 3340 oum
1336 3296 1382 3339 G.
1426 3296 1638 3338 Numom‘o
1689 3294 1819 3344 Vala,
1865 3293 1959 3340 vide
1994 3293 2117 3347 infra

397 3364 472 3405 sub
506 3364 563 3405 N.
