2202 3730
136 291 431 332 cLEDomvs.
988 289 1070 332 411
1702 291 1937 330 CLEMENS

218 429 257 477 1,
278 429 347 476 12,
378 426 450 468 vit.
479 424 696 468 Commodi
714 429 752 477 6,
774 429 839 477 13,
862 426 925 468 tit.
967 425 1175 479 (Aelium)
1198 425 1436 479 Saoterum,
1457 425 1534 480 qui
1563 429 1663 466 ante
1693 438 1791 466 eum
1819 423 1938 466 cubi-

221 493 408 536 cularius
429 493 654 537 Commodi
684 494 836 549 fuerat,
870 493 1088 536 interfecit
1108 493 1196 536 Dio
1219 497 1289 544 72,
1310 497 1381 537 12.
1424 492 1536 536 Cum
1565 493 1757 547 graviter
1779 493 1937 534 Peren-

219 577 318 604 nem
348 562 615 618 praefectum
643 563 858 619 praetorio
890 562 1062 616 odisset,
1093 562 1147 603 ad
1170 576 1268 604 eum
1291 560 1524 603 tollendum
1545 575 1720 617 operam
1741 560 1940 616 praebuit

217 630 306 672 Dio
328 634 396 681 72,
419 634 458 673 9.
508 631 614 673 Post
642 645 790 672 necem
820 630 1028 672 Perennis
1058 629 1116 684 (a.
1139 630 1228 683 fere
1247 632 1344 685 185)
1373 629 1497 685 quasi
1527 628 1699 671 domino
1729 628 1938 670 liberatus

217 713 430 741 summam
460 700 695 755 potentiam
724 700 812 753 egit
830 697 919 741 Dio
941 702 1011 749 72,
1034 701 1100 748 10,
1129 697 1362 740 Herodian.
1395 697 1421 740 l.
1449 697 1490 747 l.‚
1523 712 1578 739 ex
1608 697 1785 739 arbitrio
1816 711 1937 752 prae-

217 767 351 810 fectos
380 768 594 824 praetorio
625 767 804 809 retinuit
833 767 1016 809 removit
1045 765 1204 808 occidit
1231 766 1302 807 vit.
1333 764 1486 809 Comm.
1518 768 1556 816 6,
1587 767 1638 816 8,·
1667 779 1766 807 cum
1794 764 1938 808 Aebu-

217 837 381 878 tianum
411 836 676 892 praefectum
706 835 944 889 occidisset,
975 835 1033 876 ‘in
1065 835 1157 876 eius
1187 834 1328 876 locum
1358 834 1451 889 ipse
1471 832 1686 876 Cleander
1717 848 1814 875 cum
1842 833 1938 875 aliis

216 903 397 957 duobus,
430 919 537 961 quos
579 905 671 960 ipse
700 903 929 958 delegerat,
970 903 1213 959 praefectus
1244 909 1309 944 est
1337 901 1489 955 factus,
1533 908 1721 957 tuncque
1751 903 1937 957 primum

216 978 304 1014 tres
342 972 548 1027 praefecti
587 972 804 1028 praetorio
842 971 982 1025 fuere,
1024 972 1137 1013 inter
1167 984 1274 1026 quos
1303 969 1550 1023 libertinus,
1589 970 1664 1025 qui
1695 985 1722 1011 a
1748 971 1938 1026 pugione

217 1040 456 1096 appellatus
488 1047 566 1082 est'
599 1039 774 1096 (scilicet
812 1054 839 1081 a
870 1039 995 1094 plebe
1025 1053 1108 1094 per
1137 1037 1383 1092 ludibrium)
1412 1037 1484 1079 vit.
1514 1036 1671 1081 Comm.
1700 1041 1737 1088 6,
1770 1042 1939 1090 12-13;

217 1109 459 1165 praefectus
480 1109 696 1165 praetorio
717 1108 798 1151 sub
812 1107 1047 1151 Commodo
1059 1107 1312 1149 Ammianus
1327 1109 1397 1156 26,
1414 1109 1452 1156 6,
1470 1107 1510 1150 8.
1550 1105 1602 1147 In
1622 1120 1756 1148 unum
1778 1121 1939 1149 annum

216 1178 371 1231 viginti
394 1178 586 1234 quinque
607 1176 804 1219 consules
826 1177 1106 1232 nuncupavit,
1130 1181 1349 1218 senatores
1380 1181 1422 1216 et
1448 1174 1651 1231 patricios
1682 1174 1809 1228 legit3
1839 1189 1939 1216 cum

218 1246 361 1287 omnia
394 1245 657 1299 venditaret,
700 1246 918 1299 ingentem
957 1245 1183 1300 pecuniam
1220 1242 1394 1298 collegit
1430 1244 1502 1285 vit.
1540 1241 1696 1285 Gomm.
1732 1245 1770 1293 6,
1806 1246 1936 1294 9-10,

217 1313 305 1356 Dio
325 1317 395 1364 72,
413 1317 481 1357 12.
521 1314 598 1368 (M.
617 1313 842 1356 Aurelium
862 1314 1085 1369 Papirium
1105 1312 1387 1368 Dionysium)
1408 1327 1434 1353 a
1455 1310 1727 1367 praefectura
1746 1310 1937 1367 Aegypti

216 1384 452 1425 summovit
471 1382 646 1426 Aelian.
666 1383 724 1436 fr.
747 1384 802 1424 86
832 1381 894 1424 ecl.
915 1381 1107 1424 Her-cher
1136 1381 1193 1435 cf.
1217 1393 1351 1435 supra
1370 1379 1414 1421 A
1438 1382 1565 1423 1283.
1626 1378 1835 1421 Thermas
1865 1394 1939 1420 ex-

215 1452 354 1494 truxit
382 1458 426 1494 et
455 1451 535 1493 sub
564 1451 737 1494 nomine
769 1450 993 1493 Commodi
1025 1449 1242 1492 dedicavit
1265 1449 1337 1490 vit.
1367 1447 1523 1491 Comm.
1552 1451 1618 1498 17,
1649 1450 1687 1498 5,
1718 1447 1808 1490 Dio
1838 1447 1864 1491 l.
1897 1447 1938 1497 l.‚

217 1520 440 1564 Herodian
469 1519 496 1563 l.
522 1519 550 1562 l.
576 1519 609 1574 5
633 1523 671 1564 4.
724 1518 834 1562 Cum
865 1533 922 1561 ex
950 1519 1164 1573 gravitate
1191 1531 1387 1560 annonae
1418 1516 1491 1571 (cf.
1511 1517 1584 1558 vit.
1613 1514 1769 1559 Comm.
1800 1519 1864 1566 14,
1896 1516 1939 1570 1)

217 1589 370 1632 seditio
401 1587 541 1646 plebis
571 1589 734 1630 Romae
765 1594 859 1630 orta
888 1593 1023 1641 esset,
1055 1585 1279 1630 Commodi
1320 1586 1441 1628 iussu
1477 1584 1732 1627 interfectus
1770 1590 1836 1625 est
1866 1584 1939 1625 vit.

217 1657 370 1702 Gomm.
392 1661 431 1708 7,
455 1661 494 1708 1,
525 1656 613 1699 Dio
644 1659 713 1707 72,
745 1658 812 1706 13,
841 1655 1078 1700 Herodian.
1106 1658 1145 1710 1,
1177 1658 1248 1706 12,
1278 1657 1379 1706 5-1,
1409 1656 1476 1704 13,
1507 1656 1533 1695 6
1562 1651 1756 1707 (quorum
1784 1666 1940 1694 narra-

216 1728 349 1769 tiones
385 1725 578 1769 nonnihil
618 1723 887 1779 discrepant).
957 1723 1130 1767 Occisus
1160 1715 1329 1766 ¹videtur
1363 1736 1475 1765 anno
1507 1724 1612 1773 189,·
1649 1735 1751 1763 uam
1784 1734 1834 1762 ex
1867 1720 1938 1762 vit.

217 1794 371 1839 C'omm.
399 1797 464 1845 14,
496 1796 526 1835 8
551 1796 731 1848 afflaret
760 1792 1019 1836 Cleandrum
1046 1806 1132 1835 non
1153 1791 1255 1846 plus
1273 1805 1402 1846 quam
1422 1791 1650 1833 triermium
1661 1789 1940 1844 praefectura

214 1865 406 1919 functum
436 1875 533 1913 esse,
565 1876 692 1916 quam
721 1875 834 1904 amic
863 1861 954 1916 fere
981 1863 1062 1903 186
1091 1863 1322 1915 acceperat.

301 1931 637 1975 Damostratiam
678 1929 902 1974 Commodi
937 1929 1222 1972 concubinam
1261 1928 1389 1971 duxit
1428 1941 1610 1970 uxorem
1648 1925 1737 1969 Dio
1767 1929 1838 1977 72,
1868 1929 1938 1969 12.

137 2005 147 2007 ”
217 2000 528 2057 Constupravit
546 1998 652 2042 alias
674 2000 803 2041 etiam
819 1998 1046 2042 Commodi
1066 1997 1343 2051 concubinas,
1360 1996 1415 2039 de
1431 1996 1588 2053 quibus
1603 1994 1715 2037 filios
1737 1995 1937 2050 suscepit,

217 2070 292 2126 qui
321 2075 419 2126 post
447 2069 540 2110 eius
570 2068 794 2110 interitum
817 2082 916 2110 cum
941 2066 1152 2119 matribus
1173 2066 1420 2122 interempti
1439 2071 1540 2106 sunt
1557 2064 1630 2106 vit.
1652 2062 1809 2106 Comm.
1833 2066 1870 2113 7,
1890 2065 1918 2104 3
1926 2075 1941 2114 ,·

214 2137 292 2180 filii
323 2151 422 2179 cum
450 2142 573 2192 patre
602 2136 731 2178 occisi
761 2134 999 2179 Herodian.
1019 2137 1059 2186 1,
1077 2137 1142 2185 13,
1162 2137 1200 2184 6,
1231 2133 1346 2175 filius
1375 2132 1464 2175 Dio
1489 2135 1558 2183 72,
1580 2134 1646 2176 13.

130 2207 215 2250 884
244 2205 479 2250 Cledonius
513 2220 540 2246 a
570 2204 733 2261 Sapore
772 2203 829 2246 ad
863 2203 946 2258 (M.
976 2201 1199 2256 Fulvium)
1239 2201 1510 2244 Macrianum
1539 2199 1774 2243 Valeriano
1814 2203 1939 2253 capto

215 2275 368 2317 missus
396 2272 646 2327 Anonymus
664 2274 766 2327 post
792 2270 977 2315 Diouem
1005 2270 1069 2314 ed.
1098 2269 1298 2324 Dindorf
1320 2269 1363 2313 V
1374 2284 1422 2324 p.
1446 2271 1546 2312 219.

130 2344 214 2386 885
245 2342 457 2397 Clemens,
487 2340 711 2398 Agrippae
737 2341 934 2383 Postumi
965 2354 1129 2394 servus,
1161 2338 1384 2381 dominum
1409 2351 1455 2379 se
1485 2351 1578 2380 esse
1609 2335 1815 2378 simulans
1844 2341 1943 2391 post

215 2417 396 2454 mortem
423 2410 650 2467 Agrippae
680 2424 718 2453 a.
750 2410 803 2452 16
842 2408 1074 2452 seditiones
1105 2407 1332 2461 excitavit,
1376 2405 1476 2448 dein
1517 2411 1667 2461 captus
1698 2411 1743 2446 et
1772 2404 1940 2446 occisus

219 2486 283 2522 est
307 2479 405 2523 Tac.
428 2493 468 2523 a.
488 2481 531 2529 2,
552 2481 618 2522 39.
639 2481 708 2529 40,
740 2477 912 2522 Suetou.
939 2477 1077 2522 Tiber.
1096 2478 1168 2527 25,
1197 2475 1287 2519 Dio
1310 2477 1377 2526 57,
1398 2477 1452 2516 16
1479 2472 1656 2526 (Zonar.
1677 2476 1744 2524 11,
1764 2472 1826 2521 2).

132 2549 217 2592 886
247 2548 469 2601 Clemens,
506 2546 753 2600 Atestinus,
789 2547 971 2589 maritus
1011 2545 1220 2600 Sabinae,
1263 2543 1318 2587 ad
1359 2557 1488 2599 quem
1516 2541 1728 2585 Martialis
1769 2540 1943 2597 scripsit

218 2616 349 2672 epiyr.
375 2619 442 2668 10,
467 2618 534 2659 93.

133 2685 216 2729 887
247 2684 460 2740 Clemens,
491 2684 654 2727 amicus
683 2682 855 2741 Apulei,
885 2689 1013 2740 poeta
1042 2680 1250 2737 Apuleius
1278 2679 1421 2735 florid.
1447 2683 1486 2730 1,
1515 2682 1553 2724 7.

133 2754 216 2796 888
247 2753 459 2808 Clemens,
481 2767 654 2809 praeses
675 2759 724 2796 ut
742 2752 916 2795 videtur
935 2758 1076 2794 aetate
1096 2749 1368 2806 imperatoris
1382 2748 1521 2791 Marci
1538 2746 1737 2802 (fortasse
1756 2746 1941 2803 Daciae)

217 2820 308 2865 Dio
336 2825 402 2874 71,
426 2825 497 2866 12.

132 2891 217 2933 889
248 2889 458 2945 Clemens,
481 2891 734 2946 Byzantius,
756 2888 1063 2932 celeberrimus
1083 2887 1407 2943 tragoediarum
1431 2892 1552 2928 actor
1576 2891 1716 2928 aetate
1743 2883 1941 2940 Septimii

219 2958 370 3002 Severi
390 2957 646 3001 Philostrat.
665 2958 738 3001 vit.
757 2957 874 3012 soph.
893 2960 937 3007 2,
958 2959 1030 3007 27,
1051 2959 1095 3000 2.
1596 2958 1599 2959 ’

146 3052 203 3057 -
245 3027 298 3071 L.
328 3025 530 3083 Alpinius
561 3026 774 3070 Clemens.

147 3120 205 3126 —
248 3101 302 3138 M.
332 3101 616 3138 ARRECINVS
649 3100 898 3137 CLEMENS.

147 3188 206 3195 —
250 3163 310 3206 M.
340 3162 579 3207 Arrecinus
608 3162 821 3207 Clemens.

147 3257 206 3263 ——
247 3231 395 3275 Attius
424 3231 636 3276 Clemens,

148 3326 207 3331 —
249 3299 454 3343 Aurelius
484 3299 727 3355 Clem[ens].

150 3394 208 3399 —
251 3375 296 3420 Q.
325 3370 612 3425 AVR(EL1VS)
643 3368 979 3423 PACTVM[E1vs
1011 3400 1022 3410 .
1039 3400 1050 3410 .
1066 3367 1090 3422 .]
1123 3366 1401 3423 CLEM[ENs].
