2202 3730
269 282 549 318 CORNELIVS
1129 275 1210 316 442
1785 281 2065 318 CORNELIVS

352 413 413 465 ΙΙ)
445 411 566 453 Libri
598 416 692 452 octo
717 410 770 451 de
794 409 1008 451 medicina
1030 410 1103 465 qui
1136 416 1297 461 extant,
1330 411 1476 466 scripti
1497 417 1595 466 post
1613 411 1745 453 libros
1766 412 1820 454 de
1839 427 1886 453 re
1906 413 2068 454 rustica

353 481 405 533 cf.
437 479 700 533 principium
730 478 953 531 prooemii.
988 503 1039 507 -—
1077 478 1162 531 ΙΙΙ)
1205 479 1273 519 De
1314 485 1404 520 arte
1443 478 1658 520 rhetorica
1695 481 1866 535 scripsit
1891 480 2065 533 Quintil.

351 551 390 597 3,
421 551 459 596 1,
491 551 570 597 21;
603 546 708 587 libri
734 545 935 587 rhetorici
961 546 1147 587 citantur
1167 547 1336 599 passim
1367 561 1395 588 a
1420 547 1696 600 Quintiliano,
1731 548 1804 601 qui
1822 548 2068 602 plerumque

351 615 566 656 sententiis
601 613 710 656 Celsi
750 613 1019 664 adversatur,
1061 617 1100 656 et
1138 629 1165 656 a
1203 614 1521 657 Fortunatiano
1559 615 1682 658 Rhet.
1713 616 1813 659 min.
1845 615 1905 660 ed.
1937 615 2069 658 Halm

349 697 396 736 p.
417 686 517 725 121.
543 706 599 711 —
629 682 711 735 lV)
743 681 980 737 Opiniones
1023 683 1210 724 omnium
1249 682 1604 739 philosophorum
1636 685 1710 740 qui
1749 691 1888 726 sectas
1926 684 2068 725 varias

354 749 639 791 condiderunt
670 764 807 805 usque
837 749 891 790 ad
923 756 1118 805 tempora
1148 765 1248 805 sua,
1292 765 1369 792 sex
1398 753 1543 807 parvis
1575 751 1863 794 voluminibus
1893 751 2069 808 quidam

353 817 503 859 Celsus
544 815 752 870 absolvit3
792 832 871 858 nec
911 817 1135 871 redarguit
1164 817 1374 874 aliquem,
1417 818 1492 860 sed
1532 825 1698 861 tantum
1728 819 1834 875 quid
1863 819 2070 861 sentirent

352 886 522 941 aperuit
545 909 602 915 —
631 909 688 914 —
718 900 814 926 cum
843 891 1016 927 centum
1048 885 1138 927 fere
1167 885 1442 942 philosophos
1473 888 1734 929 nominasset
1763 887 1989 942 Augustin.
2022 887 2070 929 cle

352 953 511 995 haeres.
543 952 658 1007 prol.
699 953 821 995 VIII
853 953 914 996 ed.
945 953 1102 997 Bened.
1136 968 1184 1008 p.
1216 957 1266 1005 3;
1306 955 1474 1010 scripsit
1514 970 1599 997 non
1640 970 1794 1011 parum
1833 954 1970 997 multa
2005 955 2071 1010 (de

350 1021 639 1075 philosophia)
662 1021 886 1063 Cornelius
908 1020 1060 1063 Celsus
1084 1022 1256 1065 Sextios
1278 1022 1476 1078 (Stoicos)
1500 1029 1682 1078 secutus,
1715 1038 1798 1065 non
1832 1024 1923 1065 sine
1953 1023 2072 1066 cultu

354 1104 404 1130 ac
425 1089 563 1130 nitore
579 1089 753 1142 Quintil.
770 1093 836 1139 10,
858 1093 896 1140 1,
918 1093 1014 1140 124,
1036 1090 1146 1146 uncle
1159 1093 1336 1144 propter
1359 1090 1599 1133 Sextiorum
1618 1093 1865 1134 mentionem
1885 1092 2072 1146 sequitur

356 1157 520 1199 Celsum
541 1161 716 1211 praeter
750 1158 964 1211 opiniones
985 1158 1337 1213 philosoph-orum
1377 1160 1506 1201 etiam
1542 1160 1633 1202 alia
1659 1159 1955 1215 philosophica
1986 1160 2070 1202 eoli-

355 1226 475 1267 disse.
524 1250 575 1255 —
617 1226 676 1280 V)
716 1227 767 1268 In
813 1227 865 1268 iis
913 1228 986 1282 qui
1028 1226 1160 1268 latine
1206 1227 1259 1268 de
1302 1227 1529 1284 disciplina
1573 1228 1747 1270 militari
1794 1229 2068 1284 scripserunt,

353 1301 614 1336 memoratur
644 1294 778 1349 Veyet.
811 1295 860 1337 de
885 1310 932 1337 re
961 1296 1048 1339 mil.
1071 1299 1109 1346 1,
1130 1298 1169 1346 8,
1202 1296 1354 1338 Ioann.
1376 1296 1483 1351 Isyd.
1507 1296 1556 1338 de
1585 1298 1774 1352 mayistr.
1797 1300 1835 1348 1,
1855 1301 1934 1348 47;
1962 1296 2073 1338 liber

356 1361 584 1416 singularis
617 1363 707 1404 eius
740 1363 792 1404 dc
823 1365 987 1406 ratione
1013 1363 1114 1406 belli
1138 1370 1286 1406 contra
1307 1364 1490 1407 Parthos
1510 1366 1690 1419 gerendi
1711 1365 1817 1420 Lyd.
1838 1365 1923 1409 ibd.
1944 1368 1982 1416 3,
2003 1368 2070 1416 33,

353 1430 428 1472 ubi
445 1430 732 1486 expeditionis
746 1431 841 1485 (Cn.
855 1432 1054 1487 Domitii)
1067 1431 1323 1475 Corbulonis
1346 1431 1402 1485 (a.
1425 1432 1492 1487 60)
1512 1434 1771 1476 mentionem
1792 1434 1954 1476 fecerat
1965 1433 2071 1488 Isyd.

354 1498 439 1542 ibd.
460 1502 499 1549 3,
521 1502 587 1543 34.
611 1524 662 1528 -
684 1500 968 1554 Epiyramma
996 1501 1072 1543 sub
1103 1501 1270 1543 nomine
1300 1502 1388 1543 eius
1417 1502 1555 1555 fertur
1584 1501 1757 1544 Anthol.
1789 1502 1863 1544 lat.
1889 1505 1986 1545 899.

275 1567 381 1608 1079
412 1567 712 1620 (CORNELIVS
736 1570 1030 1623 CETHEGVS)‚
1063 1575 1186 1625 pater
1208 1569 1266 1613 M.
1289 1569 1479 1612 Cornelii
1501 1569 1679 1625 Cethegi
1703 1570 1890 1612 consulis
1916 1586 1953 1614 a.
1979 1571 2071 1624 170,

356 1634 585 1690 proconsul
614 1636 744 1678 Asiae
779 1643 876 1693 post
906 1653 942 1681 a.
978 1638 1057 1680 170
1086 1638 1265 1682 [facian.
1298 1637 1473 1681 Demon.
1501 1641 1554 1681 30
1586 1639 1641 1692 cf.
1671 1653 1712 1681 n.
1744 1641 1868 1681 1080.

273 1704 382 1744 1080
411 1710 464 1746 M.
497 1709 774 1746 CORNELIVS
807 1712 1084 1761 CETHEGVS,
1117 1705 1267 1747 consul
1297 1721 1409 1748 anno
1433 1707 1514 1748 170
1543 1721 1639 1748 cum
1672 1706 1720 1749 C.
1740 1707 1899 1748 Erucio
1931 1706 2073 1750 Claro.

356 1771 412 1813 In
429 1772 670 1814 consulatu:
689 1773 747 1816 M.
768 1773 992 1816 Cornelius
1011 1773 1229 1828 Cethegus
1251 1774 1445 1824 1711978,
1467 1774 1547 1816 XI
1555 1777 1644 1825 619,
1663 1778 1842 1817 ceterum
1857 1774 2074 1829 Cethegus

356 1840 475 1893 fasti.
512 1866 564 1871 ——
602 1840 712 1882 Cum
753 1841 971 1896 Cethegus
1012 1842 1250 1884 consularis
1291 1857 1369 1898 per
1409 1843 1635 1886 Graeciam
1676 1843 1720 1883 in
1761 1842 1910 1885 Asiam
1948 1843 2074 1900 profi-

359 1908 604 1963 cisceretur,
638 1915 685 1951 ut
714 1910 830 1965 apud
861 1917 1028 1967 patrem
1058 1910 1359 1967 proconsulem
1387 1910 1518 1952 Asiae
1552 1910 1682 1965 legati
1717 1926 1894 1954 munere
1929 1912 2078 1967 funge-

359 1982 489 2030 retur,
521 1977 658 2019 multa
688 1978 871 2020 ridicule
901 1978 1014 2034 fecit,
1048 1979 1102 2022 ob
1124 1994 1236 2036 quae
1257 1980 1486 2021 Demonax
1512 1994 1610 2021 eum
1636 1980 1776 2021 inrisit
1800 1980 1981 2024 Isucian.
2005 1980 2077 2024 vit.

358 2044 535 2087 Demon.
549 2048 614 2089 31.
673 2045 778 2088 Cum
793 2047 1011 2090 Isacianus
1029 2049 1161 2090 vitam
1176 2047 1452 2090 Demonactis
1473 2048 1547 2090 sub
1570 2048 1696 2102 finem
1710 2048 1880 2102 imperii
1900 2049 1965 2092 M.
1986 2048 2078 2090 An-

360 2114 495 2155 tonini
512 2114 575 2155 vel
595 2114 732 2168 paulo
751 2119 852 2169 post
870 2117 1088 2170 scripsisse
1108 2116 1313 2167 videatur,
1347 2116 1450 2159 haec
1476 2116 1633 2158 cadunt
1651 2117 1696 2158 in
1721 2119 1910 2171 tempora
1931 2111 2081 2158 Marci

357 2184 457 2235 post
487 2195 525 2224 a.
546 2185 642 2226 170.

446 2248 574 2291 Anno
599 2251 680 2292 180
710 2251 753 2292 in
784 2250 927 2294 locum
951 2251 1140 2294 Cornelii
1162 2252 1342 2307 Cethegi
1374 2252 1467 2294 salii
1498 2252 1683 2295 Palatini
1715 2252 1823 2295 alius
1855 2258 2078 2308 cooptatus

363 2323 427 2358 est
458 2317 526 2359 VI
547 2321 679 2369 1979;
713 2322 856 2372 potest
896 2334 982 2362 csse
1026 2321 1169 2363 consul
1210 2335 1250 2364 a.
1281 2324 1363 2373 170
1403 2320 1466 2373 (iel
1502 2321 1614 2374 quod
1645 2335 1876 2376 perperam
1913 2320 2082 2374 neyavit

367 2385 671 2440 Wadchnyton,
718 2387 872 2430 Fastes
910 2403 952 2431 n.
983 2391 1066 2433 152
1105 2390 1157 2443 cf.
1203 2389 1486 2443 Marquarolt,
1529 2388 1935 2443 Staatsverwaltuny
1969 2389 2057 2431 III
2062 2387 2079 2412 2

358 2467 405 2507 p.
426 2457 511 2496 429
543 2454 640 2496 adn.
662 2455 703 2509 1)
734 2456 797 2498 vel
826 2457 953 2511 filius.

282 2521 386 2563 1081
423 2528 529 2564 SER.
573 2529 854 2566 CORNELIVS
895 2531 1177 2579 OETHEGVS‚
1225 2525 1375 2568 consul
1422 2540 1520 2567 cum
1564 2526 1615 2569 L.
1661 2525 1840 2568 Visellio
1885 2525 2082 2567 Varrone

365 2604 477 2631 anno
508 2591 576 2633 24.
626 2592 682 2633 In
712 2593 952 2635 consulatu:
981 2594 1072 2636 Ser.
1105 2593 1332 2636 Cornelius
1364 2593 1581 2648 Cethegus
1613 2593 1681 2636 VI
1704 2595 1853 2644 10051,
1883 2592 2082 2636 Frontin.

367 2657 415 2699 de
445 2659 566 2711 aquis
585 2662 682 2710 102,
714 2660 802 2703 Dio
821 2661 907 2704 ind.
931 2661 956 2703 l.
978 2665 1044 2712 57,
1079 2661 1185 2716 [Ser.
1209 2661 1453 2716 Co]rnelius
1485 2661 1703 2716 Cethegus
1731 2661 1840 2715 fasti
1857 2661 2084 2704 Arvalium

367 2725 401 2767 Ι
405 2725 421 2749 2
446 2740 493 2780 p.
516 2730 591 2778 71;
622 2727 713 2770 Ser.
746 2729 843 2772 Cor.
870 2731 904 2772 I
927 2731 1005 2773 765
1032 2731 1079 2772 in
1109 2733 1265 2772 tessera
1291 2730 1579 2784 ylaoliatoria;
1609 2729 1834 2772 Cornelius
1865 2729 2083 2784 Cethegus

374 2794 471 2836 Tac.
495 2809 533 2837 a.
555 2799 593 2845 4,
615 2799 680 2846 17,
713 2800 891 2839 ceterum
909 2799 1157 2853 plerumque
1176 2797 1396 2853 Cethegus
1417 2799 1535 2852 fasti.
1558 2823 1616 2828 -—
1648 2797 1739 2840 Ser.
1760 2797 1873 2840 filius
1893 2798 1981 2841 Dio
2007 2798 2034 2840 l.
2056 2798 2082 2843 l.

286 2861 395 2904 1082
427 2864 474 2904 P.
506 2862 732 2906 Cornelius
764 2865 1036 2920 Cicatrieula,
1067 2867 1115 2909 P.
1148 2866 1190 2921 f„
1223 2866 1341 2908 tribu
1370 2867 1483 2921 sab„
1515 2868 1680 2922 primus
1710 2866 1821 2923 pilus
1851 2865 1929 2921 bis,
1961 2881 2084 2923 prae·

369 2929 506 2972 fectus
529 2932 733 2987 equitum⁷
766 2934 1007 2989 praefectus
1034 2934 1192 2988 classis,
1224 2934 1467 2990 praefectus
1489 2934 1728 2976 cohortium
1748 2934 1910 2976 civium
1933 2935 2084 2976 Roma-

371 3012 524 3040 norum
555 3006 740 3055 quatuor
770 3002 813 3043 in
844 3003 1079 3058 Hispania,
1122 3002 1323 3044 tribunus
1354 3001 1560 3057 militum3
1601 3003 1714 3044 IIvir
1745 3008 1787 3043 et
1818 3002 1934 3044 IIvir
1962 3003 2084 3059 quin-

373 3066 611 3122 quennalis,
654 3069 851 3124 pontifex
882 3071 1088 3125 (Pisauri)
1118 3070 1203 3112 XI
1225 3073 1334 3112 6344
1362 3073 1390 3112 t.
1422 3070 1694 3112 Pisaurensis
1714 3070 1884 3124 publice
1904 3070 2085 3124 positus.

291 3134 399 3176 1083
430 3141 472 3175 L.
504 3135 821 3191 (CORNELIVS)
854 3144 1018 3193 CINNA,
1056 3138 1189 3180 frater
1228 3138 1401 3180 Arvalis
1440 3139 1487 3180 in
1527 3139 1634 3180 actis
1671 3137 1897 3180 Arvalium
1934 3152 1973 3180 a.
2004 3138 2086 3180 inc.

372 3202 542 3256 imperii
568 3203 750 3246 ineuntis
770 3205 955 3260 Auyusti
973 3207 1150 3260 Ephem.
1173 3221 1234 3261 ep.
1255 3209 1283 3249 8
1303 3221 1351 3261 p.
1371 3209 1464 3248 316.
1511 3206 1579 3248 Dc
1599 3206 1765 3248 homine
1783 3205 1892 3248 nihil
1912 3208 2086 3248 constat.

292 3270 402 3311 1084
432 3276 509 3314 CN.
541 3276 820 3314 CORNELIVS
853 3280 1007 3316 CINNA
1037 3281 1256 3329 MAGNVS,
1290 3274 1439 3316 consul
1469 3289 1581 3316 anno
1615 3274 1696 3316 758
1718 3294 1773 3308 -—-
1794 3276 1819 3316 5
1846 3289 1887 3330 p.
1910 3273 1958 3316 C.
1990 3287 2086 3315 cum

375 3337 427 3381 L.
458 3338 632 3380 Valerio
663 3340 865 3383 Messalla
894 3343 1064 3387 Voleso.
1098 3367 1150 3372 —
1184 3342 1452 3384 Memoratur
1480 3343 1527 3384 in
1558 3345 1584 3384 t.
1617 3342 1759 3384 liberti
1787 3341 1855 3384 VI
1875 3344 1982 3384 1961
2013 3340 2084 3397 (1),
