2202 3730
125 286 372 325 CLAVDIVS
983 282 1070 327 393
1681 287 1929 325 CLAVDIVS

204 434 251 474 p.
272 423 325 463 60
354 433 397 462 n.
420 423 474 462 44
504 423 543 462 et
572 420 860 477 Pompeianus
891 435 976 463 cos.
1002 435 1042 462 a.
1063 420 1158 475 209,
1191 421 1309 462 cuius
1334 434 1483 462 nomen
1506 419 1764 474 yentilicium
1794 418 1931 462 adhuc

207 488 444 542 iqnoratur.

124 555 206 598 767
239 562 484 599 CLAVDIVS
515 563 855 611 POMPEIANVS,
898 556 1047 599 consul
1077 571 1190 598 anno
1222 558 1299 599 231
1335 571 1434 598 cum
1463 556 1515 599 T.
1544 555 1697 599 Flavio
1728 554 1929 600 Sallustio

122 655 125 661 .
209 624 504 680 Paeligniano.
541 626 597 668 In
617 626 861 668 consulatu:
880 625 1090 668 Claudius
1113 625 1400 681 Pompeianus
1432 624 1500 667 VI
1511 627 1638 669 2108.
1663 625 1790 668 XIV
1799 629 1930 675 2267,

208 696 386 735 ceterwm
419 694 706 750 Pompeianus
736 695 855 748 fasti.
915 693 1059 735 Filius
1087 693 1253 735 videtur
1281 694 1371 735 eius
1399 694 1474 747 qui
1492 693 1729 747 praecedit.

125 759 207 803 768
239 767 302 804 TI.
333 769 578 805 cLAvmvs
609 768 951 818 POMPEMNVS,
987 760 1139 804 consul
1168 762 1214 803 Π
1243 776 1355 803 anno
1389 762 1471 804 173
1510 776 1607 803 cum
1638 761 1718 806 On.
1746 762 1930 806 Claudio

208 829 370 873 Severo
398 831 456 875 II.
523 831 677 873 Tituli:
706 831 746 873 ei
766 831 935 885 positus
963 833 1025 873 est
1053 833 1082 873 t.
1118 829 1398 872 Troesmcnsis
1427 830 1516 871 III
1536 833 1645 873 6176
1673 831 1746 887 (1),
1781 845 1930 873 memo-

206 902 400 941 moratur
427 900 475 941 in
504 899 605 954 dipl.
635 899 724 942 mil.
753 899 843 941 III
862 901 918 942 46
946 898 1024 954 (2).

292 967 347 1009 In
374 967 594 1010 consulatu
623 967 781 1010 altero:
816 967 884 1009 Ti.
917 966 1126 1009 Claudius
1156 966 1444 1022 Pompeianus
1474 966 1555 1008 IX
1579 970 1703 1018 4970,
1732 967 1831 1012 Tib.
1863 966 1929 1011 Ol.

206 1035 525 1092 P[ompeianus]
557 1035 681 1078 VIII
703 1036 750 1079 S.
782 1038 929 1086 18068,
962 1038 1143 1077 ceterum
1172 1035 1461 1091 Pompeianus
1491 1035 1610 1089 fasti.
1640 1060 1699 1066 —
1732 1035 1831 1080 Tib.
1863 1036 1929 1080 Ol.

205 1104 494 1160 Pompeianus
515 1107 543 1146 t.
565 1107 603 1154 1,
636 1103 845 1147 Claudius
866 1104 1157 1159 Pompeianus
1185 1106 1214 1147 t.
1234 1106 1278 1146 2.
1323 1102 1456 1157 Apud
1473 1104 1700 1157 scriptores
1720 1103 1931 1147 Claudius

206 1172 497 1228 Pompeianus
527 1173 613 1215 sive
642 1173 946 1229 Pompeianus.
977 1198 1030 1204 —
1061 1170 1337 1214 Clarissimus
1366 1173 1436 1213 vir
1466 1174 1495 1214 t.
1520 1173 1559 1214 1.

272 1236 461 1297 ‘Equitis
501 1241 683 1284 Romani
724 1240 838 1283 filius
851 1274 861 1294 ,
904 1253 1063 1295 genere
1100 1238 1383 1282 Antiochensi
1423 1254 1504 1281 nec
1541 1239 1645 1282 satis
1684 1239 1819 1283 nobili
1857 1242 1930 1284 vit.

204 1309 354 1351 Marci
370 1313 444 1360 20,
465 1312 503 1353 6.
544 1307 702 1357 Consul
718 1310 752 1352 I
764 1308 966 1360 suffectus
985 1321 1097 1351 amno
1123 1308 1284 1350 incerto
1303 1311 1402 1350 ante
1422 1322 1463 1350 a.
1484 1311 1564 1351 167
1573 1321 1587 1359 ;
1615 1308 1727 1351 male
1743 1313 1834 1352 vita
1854 1309 1880 1354 l.
1903 1310 1930 1352 l.

208 1384 353 1434 ‘quem
368 1384 517 1434 postea
528 1377 811 1433 (scilicetpost
825 1376 1019 1419 lucillae
1032 1376 1223 1430 nuptias)
1234 1375 1301 1418 bis
1317 1376 1538 1419 consulem
1553 1377 1687 1420 fecie.
1707 1377 1837 1421 Anno
1850 1379 1930 1421 167

204 1444 374 1500 legatus
395 1446 528 1500 (Aug.
549 1461 626 1503 pro
647 1447 731 1502 pr.)
752 1446 1004 1488 Pannoniae
1032 1444 1247 1487 inferioris
1279 1447 1307 1486 t.
1334 1448 1379 1487 2.
1436 1444 1563 1487 Anno
1595 1445 1678 1488 169
1707 1454 1806 1503 post
1824 1446 1931 1489 Veri

206 1514 369 1557 obitum
385 1514 561 1557 Marcus
577 1514 634 1557 ad
653 1513 816 1557 bellum
833 1514 1199 1556 Marcomanicum
1220 1513 1500 1569 proficiscens
1511 1514 1702 1556 Anniam
1715 1515 1931 1558 Lucillam

204 1582 336 1625 filiam
378 1598 464 1625 non
496 1583 676 1626 decurso
717 1583 859 1625 luctus
895 1589 1089 1638 tempore
1118 1582 1156 1623 ei
1185 1595 1367 1623 uxorem
1398 1581 1518 1624 dedit
1545 1582 1617 1625 vit.
1649 1582 1800 1626 Marci
1827 1584 1854 1627 l.
1889 1585 1929 1635 l.,

203 1651 439 1695 Herodian.
470 1655 509 1702 1,
531 1655 570 1702 6,
594 1655 645 1703 4,·
673 1655 712 1702 1,
733 1654 773 1702 8,
794 1654 834 1702 3,
860 1651 934 1693 vit.
964 1649 1128 1692 Pertin.
1159 1653 1204 1700 2,
1230 1653 1270 1700 4,
1300 1650 1372 1692 vit.
1402 1649 1626 1692 Caracalli
1652 1654 1693 1702 3,
1722 1654 1762 1696 8.
1822 1653 1929 1695 Dux

202 1719 305 1762 belli
335 1720 642 1762 Marcomanici
671 1720 744 1761 vit.
774 1718 936 1762 Pertin.
968 1721 1011 1769 2,
1040 1722 1080 1769 4,
1111 1709 1201 1760 Dio
1231 1721 1296 1769 71,
1325 1721 1365 1761 3.
1433 1717 1595 1761 Consul
1625 1719 1670 1761 Π
1702 1735 1814 1763 anno
1848 1723 1928 1765 173

202 1789 332 1842 sasti,·
359 1788 427 1831 bis
455 1788 606 1831 consul
636 1791 664 1830 t.
685 1792 725 1839 1,
754 1788 827 1830 vit.
857 1787 1006 1830 Marci
1031 1790 1104 1837 20,
1136 1790 1175 1837 6,
1204 1786 1428 1829 Caracalli
1454 1790 1494 1837 3,
1519 1789 1561 1829 8.
1610 1787 1739 1830 Anno
1774 1790 1854 1832 180
1883 1792 1928 1832 in

203 1858 356 1899 castris
377 1856 493 1913 apud
514 1856 817 1899 Vindobonam
838 1855 923 1898 fuit
941 1855 1177 1900 Herodian.
1201 1858 1239 1906 1,
1262 1858 1301 1906 6,
1320 1858 1360 1899 4.
1391 1854 1655 1898 Commodus
1675 1857 1715 1899 ei
1735 1861 1930 1914 pepercit

202 1925 292 1968 Dio
312 1929 381 1975 72,
403 1929 444 1976 4,
476 1940 574 1967 cum
603 1932 781 1982 propter
806 1925 1004 1967 timorem
1027 1923 1254 1966 Commodi
1275 1922 1529 1980 plerumque
1559 1924 1651 1966 ruri
1680 1933 1829 1980 ageret
1857 1941 1928 1969 ex-

127 2004 139 2006 ”
203 1993 394 2036 cusando
435 2000 702 2036 senectutem
746 2001 789 2036 et
826 1992 1025 2035 morbum
1064 1991 1291 2034 oculorum
1318 1991 1377 2035 id.
1411 1995 1475 2043 73,
1504 1995 1544 2035 3.
1603 1993 1709 2035 Post
1746 2003 1928 2037 mortem

203 2061 426 2106 Commodi
455 2062 500 2104 in
530 2069 728 2104 senatum
745 2063 867 2104 venit
894 2062 1072 2103 summis
1093 2060 1329 2102 honoribus
1349 2076 1376 2103 a
1396 2061 1623 2104 Pertinace
1643 2062 1822 2105 affectus
1840 2063 1927 2106 ibd.

202 2131 385 2172 Frustra
412 2130 623 2173 Pertinax
657 2145 756 2172 eum
795 2129 851 2172 ad
881 2130 1111 2186 imperium
1142 2129 1338 2171 hortatus
1375 2135 1441 2171 est
1478 2130 1550 2171 vit.
1580 2129 1698 2173 Pert.
1726 2134 1770 2182 4,
1801 2135 1856 2174 10
1885 2139 1929 2175 et

203 2198 362 2241 Didius
392 2198 586 2241 Iulianus
615 2213 639 2240 e
669 2199 972 2242 Tarracinensi
1004 2197 1061 2240 ad
1088 2198 1394 2254 participatum
1428 2198 1597 2255 imperii
1628 2200 1827 2241 evocavit
1853 2200 1927 2242 vit.

202 2263 306 2310 Did.
336 2269 377 2318 8,
401 2269 442 2310 3.

286 2335 388 2378 Filii
418 2336 509 2378 eius
538 2341 834 2378 memorantur
861 2334 951 2378 Dio
982 2337 1051 2385 72,
1081 2336 1140 2377 20
1147 2347 1162 2385 ;
1199 2349 1251 2376 ex
1288 2335 1434 2390 priore
1463 2336 1738 2377 matrimonio
1768 2335 1928 2379 tulerat

203 2403 436 2447 Claudium
457 2404 768 2460 Pompeianum
789 2403 1114 2458 (Quintianum)
1139 2401 1228 2445 Dio
1250 2406 1319 2453 72,
1340 2406 1380 2454 4,
1410 2417 1467 2445 ex
1496 2403 1666 2446 Lucilla
1695 2403 1927 2448 Claudium

201 2473 516 2530 Pompeianum
542 2487 584 2517 n.
613 2476 704 2516 766.

286 2541 494 2584 Perversa
523 2541 572 2584 de
601 2556 647 2585 eo
678 2541 919 2593 afferuntur
946 2542 993 2584 in
1023 2541 1214 2596 epistulis
1242 2542 1354 2596 fictis
1377 2542 1450 2586 vit.
1470 2541 1597 2584 Avid.
1626 2541 1768 2584 Cassii
1787 2546 1853 2593 10,
1875 2547 1927 2594 3;

201 2613 266 2661 11,
296 2612 348 2662 8;
381 2613 462 2661 12,
491 2613 547 2662 2,·
587 2624 816 2665 perperam
851 2625 878 2652 a
915 2609 1151 2652 Commodo
1193 2610 1358 2651 occisus
1399 2609 1650 2664 perhibetur
1696 2612 1770 2653 vit.
1808 2610 1927 2654 Com-

199 2678 317 2721 modi
339 2679 379 2729 5,
404 2681 474 2723 12.

116 2746 199 2790 769
229 2752 476 2789 CLAVDIVS
517 2752 836 2789 POMPEIANVS
877 2752 1180 2798 QVINTIANVS
1222 2744 1450 2800 (Claudius
1491 2747 1779 2804 Pompeianus
1823 2747 1924 2799 Dio,

199 2815 272 2857 vit.
308 2813 544 2865 Commodi,
586 2815 847 2868 Quintianus
878 2814 1164 2865 Herodianus,
1195 2813 1479 2868 Ammianus),
1519 2814 1637 2869 filius
1676 2818 1725 2857 ut
1761 2815 1928 2858 videtur

206 2882 269 2925 Ti.
307 2881 487 2925 Claudii
522 2882 777 2938 Pompeiani
812 2896 894 2925 cos.
933 2883 995 2925 II
1023 2897 1064 2926 a.
1094 2885 1176 2924 173
1214 2896 1266 2924 ex
1302 2882 1574 2925 matrimonio
1601 2884 1753 2937 priore
1782 2887 1922 2935 natus,

199 2950 333 2993 filiam
361 2949 557 2993 Lucillae
587 2950 819 3004 (novercae)
859 2957 903 2993 et
940 2951 992 2994 L.
1023 2951 1131 2993 Veri
1161 2964 1343 2992 uxorem
1374 2950 1520 3006 duxit,
1562 2951 1639 2993 sed
1668 2951 1795 2994 simul
1826 2966 1925 2994 cum

198 3018 369 3061 Lucilla
398 3033 488 3060 rem
518 3018 674 3062 habuit
691 3018 780 3061 Dio
808 3022 876 3069 72,
900 3022 939 3060 4.
990 3018 1264 3074 Quamquam
1291 3017 1527 3061 Commodo
1557 3018 1794 3073 familiaris,
1827 3035 1924 3062 cum

200 3086 371 3129 Lucilla
399 3087 444 3128 in
475 3102 574 3129 eum
602 3088 859 3142 coniuravit,
893 3086 968 3128 sed
995 3087 1292 3129 coniuratione
1318 3086 1490 3130 detecta
1519 3089 1685 3130 occisus
1716 3095 1781 3130 est
1809 3103 1923 3130 anno

202 3156 283 3198 183
303 3155 392 3198 Dio
413 3155 440 3198 l.
463 3155 504 3206 l.,
524 3156 595 3197 vit.
616 3154 772 3200 Comm.
787 3159 827 3206 4,
844 3158 899 3207 2;
917 3158 956 3206 5,
972 3158 1041 3205 12,
1065 3154 1225 3197 Herod,
1241 3158 1280 3206 1,
1295 3157 1337 3206 8,
1352 3158 1453 3206 4-6,
1474 3156 1690 3198 Ammian.
1706 3159 1778 3207 29,
1796 3161 1833 3207 1,
1851 3160 1920 3199 17.

116 3223 198 3267 770
227 3223 295 3266 Ti.
337 3223 545 3266 Claudius
584 3223 846 3266 Priscianus.
925 3222 1058 3265 Tituli
1101 3223 1404 3266 Mauretaniae
1439 3223 1752 3266 Caesariensis:
1799 3223 1923 3266 VIII

199 3294 311 3334 9363
339 3291 402 3347 (1)
432 3292 487 3345 cf.
518 3290 827 3334 Additamenta
847 3306 896 3345 p.
917 3294 999 3334 974
1028 3291 1068 3333 ei
1086 3291 1275 3345 positus,
1315 3291 1406 3345 ipse
1435 3293 1583 3346 posuit
1611 3295 1720 3335 9364
1749 3292 1836 3348 (2);
1873 3306 1924 3334 esc

121 3388 123 3392 ι
199 3362 229 3405 t.
257 3359 476 3415 Camano
501 3359 623 3402 hodie
651 3359 866 3414 deperdito
894 3360 1023 3402 verba
1052 3359 1259 3413 quaedam
1286 3358 1528 3412 afferuntur
1555 3361 1604 3403 X
1627 3363 1737 3403 3849
1768 3359 1841 3417 (3).
