2176 3750
269 321 581 358 ALEXANDER
1145 315 1201 359 48
1824 320 2073 358 ALFENIVS

268 453 353 496 370
382 452 634 496 Alexander
672 451 957 508 Lysimachus
994 452 1071 507 (sic
1110 451 1274 506 Ioseph.
1307 454 1394 493 ant.
1424 455 1489 506 19,
1521 454 1560 502 5,
1590 455 1616 494 1
1646 446 1899 494 Alexander
1920 447 2074 507 alibi),
2123 478 2125 481 <

354 521 553 576 Iudaeus,
585 527 838 578 procurator
868 519 1083 562 Antoniae
1112 521 1259 561 matris
1291 519 1482 573 Claudii,
1523 519 1753 562 alabarcha
1785 519 2077 562 Alexandriae

356 591 435 632 sub
475 589 650 632 Tiberio
697 590 975 645 imperatore,
1022 604 1047 630 a
1087 589 1196 632 Gaio
1237 589 1282 629 in
1321 588 1498 631 vincula
1537 589 1776 641 coniectus,
1822 603 1848 630 a
1893 587 2080 631 Claudio·

356 657 520 700 solutus
551 657 716 711 Ioseph.
749 659 835 700 ant.
867 659 933 707 18,
966 660 1004 707 6,
1033 660 1085 708 3,·
1110 660 1175 707 19,
1202 659 1241 707 5,
1270 660 1307 701 1.
1361 657 1490 699 Pater
1519 658 1585 699 Ti.
1617 656 1716 698 Iulii
1747 656 1986 698 Alexandri
2017 656 2074 699 id.

357 729 443 768 ant.
469 729 538 776 20,
563 728 601 775 5,
621 729 653 769 2
683 725 802 780 (bell.
823 727 862 775 5,
884 727 922 775 5,
946 725 1014 779 3);
1042 726 1179 779 ijosum
1209 723 1419 767 civitatem
1438 725 1679 767 Romanam
1705 725 1900 779 adeptum
1929 738 2077 767 nomen

356 794 464 837 Iulii
491 794 717 848 sumpsisse
746 794 834 835 veri
862 793 998 835 simile
1025 796 1096 835 est.
1133 818 1181 822 —
1214 794 1369 835 Frater
1389 793 1582 835 Philonis
1603 792 1768 847 Ioseph.
1791 796 1878 835 ant.
1901 795 1967 844 18,
1989 795 2029 843 8,
2051 796 2076 835 1

356 863 435 918 (vel
456 865 643 917 patruus
673 863 726 916 cf.
759 861 899 904 Zeller
928 861 1203 916 Philosophie
1234 862 1308 904 der
1334 861 1542 904 Griechen
1562 862 1650 904 III
1671 865 1703 905 2
1720 876 1769 916 p.
1789 864 1871 904 339
1901 860 1998 903 adn.
2018 860 2075 910 3).

286 957 335 960 —
382 937 483 972 IMP.
517 937 654 974 CAES.
686 937 738 973 M.
769 936 1021 972 AVRELIVS
1054 936 1276 972 SEVERVS
1307 936 1631 973 ALEXANDER.

383 999 443 1042 M.
475 998 678 1041 Aurelius
709 998 971 1041 Alexander.
1193 994 1197 999 ⁴

384 1066 520 1109 Iulius
549 1066 812 1109 Alexander.

385 1136 452 1178 Ti.
485 1134 620 1177 Iulius
650 1135 911 1178 Alexander.

387 1209 427 1246 C.
459 1210 624 1245 IVLIVS
656 1210 969 1245 ALEXANDER
999 1209 1385 1247 BERENICIANVS.

384 1278 447 1316 TI.
477 1278 642 1314 IVLIVS
673 1277 987 1313 ALEXANDER
1016 1277 1267 1315 IVLIANVS.

289 1366 335 1370 ——
386 1341 615 1383 Terentius
645 1339 909 1382 Alexander.

288 1434 339 1438 —
383 1407 584 1451 Valerius
616 1407 879 1450 Alexander.

272 1477 352 1520 371
386 1476 666 1526 Alexandria,
698 1477 846 1518 nutrix
876 1476 1060 1518 Neronis
1092 1476 1208 1519 Suet.
1243 1477 1345 1519 Ner.
1371 1481 1438 1519 50.

271 1545 355 1588 372
385 1544 665 1599 Alexandria,
697 1544 844 1587 Avidii
867 1544 1007 1588 Cassii
1036 1544 1136 1599 filia,
1168 1545 1412 1587 Drunciani
1442 1559 1553 1587 uxor
1578 1545 1648 1589 vit.
1670 1544 1797 1587 Avia.
1819 1548 1858 1594 9,
1884 1548 1912 1586 3
1932 1564 1987 1579 z:
2008 1545 2077 1588 vit.

358 1612 508 1656 Marci
527 1617 598 1664 26,
619 1616 689 1657 12.

289 1706 341 1712 -
384 1688 545 1724 ANNIA
573 1688 917 1724 ALEXANDRIA.

288 1775 340 1780 —-
386 1756 416 1792 F
419 1757 573 1792 LAVIA
602 1756 945 1794 ALEXANDRIA.

289 1844 340 1848 *-
387 1825 580 1861 MARCIA
610 1825 834 1861 AVRELIA
864 1825 1209 1862 ALEXANDRIA.

273 1887 357 1931 373
386 1887 570 1942 Alexas,
613 1886 906 1941 Laodicenus,
949 1901 1091 1929 comes
1122 1886 1300 1929 Antonii
1333 1889 1573 1943 triumviri,
1606 1902 1734 1944 quem
1763 1880 2080 1944 post'pugnam

359 1956 579 1999 Actiacam
611 1955 822 2012 prodidit3
854 1962 1003 2011 postea
1024 1955 1221 1999 Caesaris
1253 1957 1372 1998 iussu
1393 1956 1643 1999 interfectus
1665 1956 1780 2000 Plut.
1797 1955 1899 1999 Ant.
1922 1959 1985 1998 66.
2010 1958 2078 1998 72.

273 2025 359 2069 374
386 2032 431 2068 L.
461 2031 712 2066 ALFENIVS
742 2030 1026 2078 AVITIANVS,
1059 2024 1192 2067 frater
1211 2024 1388 2067 Arvalis
1418 2041 1456 2068 a.
1480 2026 1575 2069 218.
1608 2025 1687 2068 231
1722 2024 1790 2067 VI
1801 2027 1925 2068 2104.
1952 2025 2078 2068 2108.

274 2093 357 2136 375
387 2092 587 2136 Alfenius
620 2092 811 2146 Senecio,
844 2091 1172 2148 subpraefectus
1201 2091 1349 2134 classis
1380 2093 1620 2148 praetoriae
1652 2092 1876 2134 Misenatis
1905 2091 1954 2133 X
1973 2094 2080 2133 3334

361 2162 568 2205 Misenus.
627 2161 771 2203 Potest
804 2160 913 2203 idem
953 2173 1038 2202 esse
1071 2160 1122 2205 L.
1154 2160 1337 2203 Alfenus
1368 2160 1548 2204 Senecio
1579 2167 1833 2216 procurator
1863 2159 1977 2215 Aug.
2008 2160 2082 2214 qui

359 2230 558 2284 sequitur.

273 2298 358 2342 376
388 2298 440 2343 L.
483 2297 666 2340 Alfenus
712 2297 912 2351 Senecio,
963 2303 1216 2353 procurator
1255 2297 1367 2353 Aug.
1415 2297 1728 2353 (Mauretaniae
1768 2294 2080 2349 Caesariensis)

361 2366 484 2410 VIII
504 2369 613 2409 9046
642 2365 878 2408 Auziensis.
936 2365 1002 2419 Cf.
1034 2365 1235 2420 Alfenius
1266 2366 1452 2409 Senecio.

275 2435 358 2478 377
389 2442 432 2478 L.
456 2440 705 2476 ALFENIVS
728 2440 955 2476 SENECIO.
994 2434 1263 2476 Memoratur
1282 2435 1328 2476 iii
1348 2434 1483 2477 titulis
1502 2434 1770 2476 Britannicis
1795 2433 1891 2476 VII
1902 2435 1987 2476 269
2007 2431 2080 2488 (1).

359 2507 446 2547 279
477 2502 552 2558 (2).
592 2505 674 2545 513
707 2505 878 2544 correct.
917 2502 1028 2556 Eph.
1067 2517 1128 2556 ep.
1155 2505 1183 2544 3
1212 2517 1260 2557 p.
1291 2506 1377 2546 132
1405 2502 1477 2557 (3).
1517 2505 1626 2545 1003
1655 2502 1713 2558 (4)
1753 2502 1815 2556 (in
1844 2496 2080 2555 fraymento

362 2575 557 2625 corrupto
588 2571 684 2613 VII
704 2574 802 2621 270,
843 2574 891 2612 ut
928 2570 1107 2626 videtur)
1117 2584 1131 2622 ;
1170 2572 1216 2613 in
1246 2571 1439 2625 Syriacis
1474 2570 1661 2626 gemellis
1688 2570 1777 2612 III
1800 2568 1846 2612 S.
1868 2571 1976 2611 6709
2007 2566 2080 2624 (5).

361 2643 468 2683 6710
498 2639 569 2695 (6).

446 2707 585 2750 Plena
610 2708 784 2750 nomina
810 2706 974 2749 exhibet
993 2709 1020 2751 t.
1042 2710 1085 2758 2,
1121 2707 1169 2752 L.
1193 2706 1231 2749 A
1251 2740 1259 2749 .
1277 2740 1286 2750 .
1305 2740 1314 2749 .
1334 2740 1343 2749 .
1376 2707 1555 2750 Senecio
1577 2710 1604 2751 t.
1626 2710 1664 2757 1,
1696 2705 1879 2748 Alfenus
1901 2704 2080 2748 Senecio

364 2780 391 2819 t.
418 2780 458 2819 3.
488 2780 527 2818 4.
556 2778 595 2818 5.
626 2775 706 2830 [6].
767 2774 1041 2817 Clarissimus
1072 2776 1140 2817 vir
1170 2779 1198 2818 t.
1217 2779 1257 2818 4.
1290 2800 1341 2806 —-
1374 2775 1564 2830 Legatus
1594 2773 1891 2829 Augustorum
1920 2787 1984 2829 pr.
2015 2787 2079 2828 pr.

364 2844 648 2898 (Britanniae)
680 2847 708 2885 t.
729 2847 762 2887 2
791 2843 1045 2898 (consula-ris
1077 2847 1104 2888 t.
1124 2847 1164 2888 3.
1191 2844 1249 2898 4).
1299 2844 1492 2898 Legatus
1521 2842 1663 2898 Augg.
1696 2857 1760 2899 pr.
1792 2857 1856 2898 pr.
1888 2839 2079 2897 (Syriae)

363 2916 391 2955 t.
413 2915 452 2957 5.
474 2912 553 2968 [6].
598 2913 829 2966 Leyatione
859 2915 898 2954 ct
926 2911 1185 2954 Britannica
1210 2915 1249 2954 et
1277 2912 1462 2967 Syriaca
1489 2912 1679 2965 sunctum
1709 2924 1794 2953 esse
1815 2910 2082 2953 Senecionem

364 2981 516 3024 Severo
546 2983 585 3023 et
609 2980 826 3022 Antonino
846 2980 1051 3035 Auyustis
1080 2980 1127 3022 id
1155 2984 1215 3023 est
1242 2981 1361 3023 intra
1390 2995 1429 3022 a.
1451 2979 1636 3023 19sl208
1666 2993 1715 3021 em
1745 2978 1878 3020 titulis
1906 2979 2080 3020 constat.

366 3049 455 3092 Ncc
485 3052 624 3091 tamen
654 3049 894 3090 accuratius
924 3051 1113 3102 tempora
1142 3048 1316 3103 definire
1345 3048 1450 3091 licet.
1499 3047 1615 3090 Nam
1635 3050 1675 3089 et
1694 3047 1740 3088 in
1761 3049 1788 3090 t.
1810 3049 1849 3088 5.
1871 3049 1897 3088 6
1916 3045 2083 3087 numeri

362 3117 497 3172 plane
526 3116 694 3170 confusi
718 3119 817 3158 sunt
845 3119 884 3158 et
912 3129 1020 3158 unus
1050 3131 1100 3158 esc
1125 3120 1153 3160 t.
1175 3116 1443 3158 Britannicis
1474 3119 1500 3158 t.
1526 3119 1553 3158 4
1582 3115 1655 3169 qui
1681 3127 1876 3156 numeros
1904 3112 2079 3162 exhibet,

365 3185 645 3228 dubitationes
679 3184 818 3226 movit.
878 3184 939 3225 At
972 3198 1057 3226 non
1090 3184 1306 3226 indicatur
1338 3185 1402 3226 ibi
1440 3196 1575 3226 annus
1614 3182 1832 3225 consulatu
1855 3180 2082 3235 ‘Auyusto-

363 3268 458 3295 rum
487 3253 757 3308 colleyarum,
792 3277 843 3281 -
875 3252 921 3294 id
948 3252 1059 3306 quod
1084 3252 1217 3295 Getae
1246 3253 1419 3295 nomina
1447 3250 1647 3305 refellunt
1681 3275 1729 3279 —
1760 3249 1834 3292 sed
1865 3242 2081 3303 utriusque

362 3322 602 3364 nominibus
642 3320 815 3363 additur
852 3335 1052 3364 numerus
1091 3321 1400 3370 consulatuum,
1439 3332 1540 3374 quos
1578 3331 1706 3371 usque
1746 3317 1804 3359 ad
1839 3316 1887 3358 id
1923 3319 2082 3370 tempus

361 3393 588 3444 gesserant.
648 3389 799 3442 Itaque
830 3391 856 3432 t.
880 3392 981 3443 post
1011 3404 1050 3431 a.
1080 3393 1165 3433 204
1194 3392 1234 3430 et
1264 3391 1361 3431 ante
1391 3402 1430 3431 a.
1456 3389 1543 3431 208
1566 3386 1733 3444 positus
1761 3384 1936 3431 videtur.

286 1027 338 1302 llll!
