2202 3730
328 307 571 342 CLAVDIVS
1178 298 1262 339 366
1881 304 2128 341 CLAVDIVS

410 437 468 478 eis
487 434 746 477 sacerdotum
767 433 905 475 Drusi
918 440 970 487 (v.
985 433 1135 486 infra).
1154 457 1204 461 —
1225 432 1401 474 Nummi
1420 447 1511 475 eum
1533 433 1672 486 eapite
1691 433 1779 475 eius
1798 436 1837 475 et
1855 434 2129 488 i'nseri'jotione

411 504 591 547 nominis
610 502 684 543 sub
707 502 957 555 imperatore
978 499 1155 542 Claudio
1177 501 1267 542 cusi
1284 500 1445 542 Eekhel
1465 500 1533 542 VI
1536 515 1585 554 p.
1603 504 1692 551 176,
1726 499 1863 543 Cohen
1882 501 1915 543 I
1920 502 1936 526 2
1956 516 2004 555 1).
2026 504 2128 546 220.

494 573 760 613 Praenomen
800 570 838 610 ei
879 568 977 610 olim
1018 567 1101 610 fuit
1139 568 1366 621 Decimus,
1408 582 1511 610 mox
1553 568 1666 610 Nero
1703 568 1872 611 Sueton.
1901 568 2057 611 Claud.
2087 573 2126 612 1.

409 639 654 682 Germanici
695 651 933 691 cognomen
974 637 1011 677 ei
1052 643 1148 692 post
1185 643 1368 677 mortem
1408 635 1630 678 decretum
1670 642 1735 678 est
1772 636 1858 679 ibd.
1900 637 1954 690 ef.
1994 637 2126 691 infra.

410 709 522 750 Nero
544 705 751 748 Claudius
771 705 941 746 Drusus
963 707 989 748 t.
1012 707 1055 748 2.
1076 707 1115 746 3.
1137 707 1175 746 4.
1196 707 1262 754 11,
1286 705 1456 746 Drusus
1477 707 1504 748 t.
1526 705 1564 754 5,
1588 704 1704 746 Nero
1727 703 1933 747 Claudius
1955 705 2127 747 Drusus

409 775 692 818 Germanicus
714 776 741 815 t.
760 772 841 828 [1.]
861 776 899 823 6,
932 773 1103 814 Drusus
1126 772 1411 815 Germanicus
1433 775 1460 815 t.
1483 775 1522 815 9.
1544 776 1608 822 10,
1631 772 1802 814 Drusus
1822 779 1944 828 pater
1966 776 1994 816 t.
2019 776 2055 817 7.
2076 776 2127 825 8,·

408 845 453 886 in
482 842 757 885 monumentis
775 841 991 883 Antoniae
1022 843 1060 882 et
1086 839 1265 883 Claudii
1284 840 1531 894 plerumque
1551 841 1734 883 Drusus.
1784 840 1898 882 Nero
1921 840 2127 884 Claudius

408 913 578 953 Drusus
610 910 892 953 Germanicus
924 910 1023 965 imp.
1057 909 1099 951 in
1129 909 1322 950 nummis.
1348 934 1398 938 —
1426 909 1480 951 In
1510 909 1752 951 consulatu:
1780 908 1895 950 Nero
1918 908 2127 952 Claudius

407 981 577 1021 Drusus
607 978 695 1020 Dio
725 977 811 1020 ind.
844 978 869 1019 l.
901 980 966 1028 55,
999 977 1067 1020 VI
1086 980 1179 1020 457.
1203 1002 1254 1007 -—
1282 977 1415 1031 Apud
1439 978 1687 1031 seruatores:
1717 976 1924 1020 Claudius
1954 977 2126 1019 Drusus

408 1048 521 1089 Nero
542 1047 630 1089 Dio
649 1049 715 1096 48,
736 1049 802 1096 44,
826 1046 1026 1088 Tiberius
1048 1046 1306 1102 Drususque
1328 1046 1520 1087 Nerones
1542 1045 1713 1088 Sueton.
1739 1045 1876 1087 Tiber.
1896 1048 1934 1095 4,
1955 1045 2125 1088 Drusus

407 1115 616 1158 Claudius
648 1114 747 1158 Vell.
775 1118 817 1164 2,
841 1117 905 1164 97,
927 1118 970 1165 2,
1003 1115 1176 1156 Drusus
1206 1114 1319 1156 Nero
1352 1113 1470 1158 Plin.
1493 1115 1610 1168 epist.
1630 1117 1670 1164 3,
1691 1116 1729 1164 5,
1754 1117 1793 1164 4,
1827 1114 1997 1155 Drusus
2020 1114 2126 1158 Ger-

405 1185 599 1226 manicus
631 1183 722 1225 Val.
746 1183 871 1224 Max.
892 1187 931 1233 4,
953 1186 991 1232 3,
1013 1186 1053 1232 3,
1086 1183 1247 1226 Seneca
1273 1196 1382 1225 cons.
1406 1183 1464 1224 ad
1483 1182 1629 1237 Polyb.
1652 1185 1716 1232 15,
1738 1182 1776 1232 5,
1809 1181 1955 1225 Strab.
1979 1185 2014 1232 7,
2036 1185 2075 1232 1,
2096 1185 2125 1224 3

402 1266 448 1305 p.
465 1255 562 1302 291,
592 1252 689 1293 Tae.
712 1251 751 1293 h.
772 1254 809 1301 5,
833 1254 898 1301 19,
929 1251 1070 1295 Germ.
1093 1253 1158 1301 34,
1192 1254 1371 1293 ceterum
1391 1249 1600 1292 Claudius
1625 1251 1795 1292 Drusus
1825 1251 1909 1292 sive
1939 1250 2123 1292 Drusus.

490 1319 626 1361 Filius
655 1320 721 1362 Ti.
754 1319 925 1362 Claudii
956 1320 1140 1362 Neronis
1171 1326 1214 1362 et
1243 1320 1396 1362 Liviae
1428 1318 1657 1371 Drusillae,
1699 1333 1825 1374 quem
1857 1324 1994 1360 mater
2024 1333 2122 1361 cum

406 1387 588 1441 gravida
618 1387 666 1430 C.
698 1387 874 1431 Caesari
913 1389 1150 1444 nupsisset,
1192 1389 1306 1430 intra
1334 1402 1521 1429 mensem
1554 1387 1726 1429 tertium
1768 1387 1934 1442 peperit
1972 1401 2008 1429 a.
2041 1387 2124 1429 716

404 1475 459 1490 Ξ
489 1456 555 1509 38,
588 1456 754 1512 fuitque
784 1457 969 1512 suspicio
1002 1472 1056 1498 ex
1087 1457 1236 1498 vitrico
1275 1471 1352 1512 per
1392 1455 1593 1497 adulterii
1633 1454 1988 1497 consuetudinem
2028 1469 2123 1511 pro-

402 1531 593 1566 creatum
624 1525 795 1568 Sueton.
824 1525 979 1567 Claud.
1000 1529 1039 1576 1,
1076 1526 1214 1568 Tiber.
1235 1529 1273 1575 4,
1311 1525 1408 1567 Tae.
1433 1539 1471 1568 a.
1493 1528 1532 1575 1,
1553 1527 1616 1575 10,
1646 1523 1734 1566 Dio
1761 1525 1828 1573 48,
1849 1526 1914 1573 44,
1947 1522 2125 1566 Velleius

400 1595 442 1642 2,
476 1595 541 1643 95,
573 1596 611 1635 1.
674 1595 803 1635 Pater
842 1593 970 1649 paulo
1008 1600 1105 1650 post
1145 1600 1338 1635 mortuus
1379 1591 1436 1645 (a.
1470 1592 1584 1636 721?
1615 1593 1669 1645 ef.
1703 1591 1873 1634 Sueton.
1911 1590 2048 1635 Tiber.
2079 1593 2122 1648 4)

404 1659 451 1702 C.
482 1660 710 1703 Caesarem
741 1668 927 1703 tutorem
958 1661 1132 1717 reliquit
1151 1661 1239 1704 Dio
1259 1661 1344 1705 ibd.
1395 1661 1447 1703 A.
1471 1661 1551 1703 735
1574 1680 1627 1694 Ξ
1648 1660 1699 1702 19
1720 1659 1920 1714 Augusto
1951 1665 2123 1716 petente

403 1736 574 1771 senatus
615 1729 827 1783 decrevit,
870 1736 917 1771 ut
956 1731 1249 1786 quinquennio
1290 1730 1498 1772 maturius
1529 1744 1656 1785 quam
1699 1743 1775 1784 per
1816 1727 1933 1782 leges
1973 1727 2122 1770 liceret

400 1797 676 1851 magistratus
708 1804 872 1853 peteret
891 1798 979 1840 Dio
998 1800 1063 1848 54,
1085 1802 1151 1849 10,
1189 1799 1287 1840 Tae.
1310 1812 1350 1840 a.
1377 1801 1415 1848 3,
1438 1801 1509 1842 29.
1566 1797 1771 1850 Quaestor
1799 1796 1930 1850 fuisse
1959 1795 2123 1839 videtur

401 1879 441 1906 a.
465 1869 542 1907 736
561 1885 616 1900 =
637 1868 703 1916 18,
734 1866 844 1909 male
874 1867 1043 1909 omnino
1073 1867 1247 1910 Sueton.
1277 1866 1432 1909 Claud.
1452 1869 1478 1908 1
1502 1867 1562 1907 ‘in
1593 1871 1849 1921 quaesturae
1879 1870 2123 1921 praeturae-

400 1947 483 1988 que
515 1932 676 1976 honore
709 1934 799 1976 dux
829 1934 1026 1976 Raetici’.
1087 1935 1212 1977 Iussu
1242 1934 1429 1989 Augusti
1461 1950 1498 1976 a.
1531 1934 1612 1976 738
1642 1953 1696 1968 -—-
1731 1934 1783 1975 16
1814 1947 1911 1975 cum
1942 1932 2116 1975 Tiberio

399 2001 530 2044 fratre
569 2017 723 2044 munus
761 2002 1064 2057 gladiatorium
1097 2002 1293 2046 exhibuit
1322 2003 1410 2045 Dio
1440 2006 1505 2053 54,
1538 2005 1603 2045 19.
1665 2001 1776 2044 Cum
1815 2000 1963 2043 eodem
2005 2014 2116 2042 anno

397 2069 596 2112 Tiberius
627 2070 762 2112 frater
792 2078 963 2127 praetor
983 2071 1227 2126 Augustum
1257 2072 1299 2113 in
1322 2070 1507 2114 Galliam
1539 2071 1826 2123 comitaretur,
1861 2069 2029 2110 Drusus
2060 2082 2115 2110 ex

398 2143 570 2180 senatus
601 2139 794 2182 consulto
820 2142 888 2196 τὴν
912 2141 1041 2196 ἀρχὴν
1065 2141 1183 2183 αὐτοῦ
1207 2144 1335 2183 πᾶσαν
1360 2142 1542 2197 διήγαγεν
1565 2139 1652 2181 Dio
1672 2138 1757 2181 ibd.
1806 2137 1859 2180 A.
1882 2137 1964 2179 739
1984 2156 2038 2171 =
2064 2138 2114 2179 15

399 2205 555 2248 Raetos
582 2207 627 2248 in
647 2206 834 2263 Alpibus
855 2208 1122 2250 Tridentinis
1153 2207 1316 2264 proelio
1346 2208 1457 2250 fudit
1487 2214 1529 2249 et
1559 2207 1613 2249 ob
1641 2207 1684 2248 id
1716 2211 1966 2249 ornamenta
1995 2219 2115 2261 prae-

397 2274 506 2315 toria
543 2276 719 2331 accepit,
761 2275 861 2317 dein
902 2282 1066 2318 montes
1105 2283 1398 2331 transgressus
1439 2291 1536 2318 cum
1566 2275 1742 2317 Tiberio
1785 2275 1917 2316 fratre
1957 2273 2114 2315 Raetos

395 2341 728 2399 Vindelicosque
759 2344 956 2386 contudit
985 2344 1077 2386 Liv.
1100 2345 1289 2398 perioeh.
1312 2347 1401 2395 138,
1432 2344 1597 2387 Florus
1619 2346 1658 2393 2,
1680 2347 1754 2393 22,
1788 2342 1947 2386 Strabo
1965 2345 2004 2392 4,
2027 2344 2064 2391 6,
2087 2344 2113 2384 9

392 2424 438 2463 10.
460 2414 558 2461 206,
592 2411 766 2454 Velleius
786 2416 829 2463 2,
853 2415 917 2463 95,
940 2417 983 2463 2,
1012 2413 1181 2456 Sueton.
1210 2413 1347 2456 Tiber.
1367 2416 1405 2463 9,
1435 2412 1588 2456 Claud.
1607 2416 1646 2463 1,
1678 2411 1764 2454 Dio
1783 2414 1848 2461 54,
1871 2413 1945 2454 22.
1984 2409 2112 2452 Viam

394 2477 619 2520 Claudiam
640 2480 895 2535 Augustam,
929 2496 1057 2537 quam
1078 2482 1249 2523 Drusus
1280 2487 1403 2538 pater
1429 2480 1612 2536 Alpibus
1643 2479 1753 2522 bello
1786 2478 2009 2535 patefactis
2041 2477 2110 2518 de-

394 2553 574 2601 rexerat,
609 2547 818 2591 Claudius
849 2556 996 2605 postea
1026 2551 1210 2591 munivit
1241 2553 1267 2593 t.
1291 2553 1328 2593 7.
1375 2549 1606 2592 Praeterea
1631 2548 1694 2594 ,ad
1718 2547 1869 2590 bellum
1886 2546 2112 2588 Raeticum

387 2615 603 2667 pertinent
619 2619 645 2657 t.
663 2620 705 2658 2.
725 2621 763 2658 3.
793 2617 989 2671 Augusto
1007 2624 1180 2660 auctore
1197 2618 1405 2660 Horatius
1419 2616 1690 2659 Vindelicam
1706 2616 1930 2658 victoriam
1945 2613 2110 2656 Tiberii

393 2681 611 2738 Drusique
633 2684 865 2727 celebravit
881 2686 1051 2730 Sueton.
1067 2687 1139 2728 vit.
1157 2686 1263 2729 Hor.
1273 2701 1320 2740 p.
1334 2689 1387 2728 46
1403 2678 1464 2728 ed.
1482 2684 1627 2736 Reiffi,
1652 2683 1917 2726 carminibus
1931 2686 1970 2733 4,
1986 2685 2023 2724 4.
2042 2684 2107 2726 14.

477 2749 584 2792 Cum
622 2751 846 2806 Augustus
887 2769 923 2796 a.
957 2755 1035 2796 741
1070 2774 1124 2788 =
1155 2755 1206 2797 13
1238 2769 1260 2796 e
1292 2753 1435 2798 Gallia
1464 2754 1644 2795 Romam
1674 2752 1874 2806 redisset,
1916 2751 2109 2792 Drusum

393 2816 546 2859 Galliis
582 2820 787 2874 praefecit
815 2821 904 2863 Dio
932 2824 995 2871 54,
1028 2825 1096 2874 25,
1137 2823 1212 2878 qui
1253 2836 1429 2864 censum
1469 2821 1529 2862 ibi
1570 2821 1658 2874 egit
1693 2820 1786 2862 Isiv.
1808 2818 1996 2874 perioch.
2026 2821 2109 2861 138

391 2885 444 2937 ef.
488 2887 718 2930 orationem
750 2888 929 2932 Claudii
966 2890 1131 2932 Allmer
1169 2894 1208 2933 et
1246 2889 1454 2940 Dissard,
1496 2889 1645 2931 Muse'e
1676 2888 1725 2930 de
1755 2889 1875 2943 Isyon
1904 2888 1938 2930 I
1959 2902 2007 2942 p.
2037 2890 2105 2929 80.

390 2951 444 2996 A.
477 2953 558 2996 742
586 2974 640 2988 Ξ
675 2957 725 2997 12
756 2956 842 3000 kal.
875 2957 1083 3012 Augustis
1115 2958 1348 3012 Luguduni
1379 2972 1497 2999 aram
1522 2957 1680 2999 Romae
1712 2963 1753 2998 et
1771 2955 1960 3010 Augusti
1988 2955 2107 2998 dedi-

391 3021 506 3062 cavit
536 3021 624 3064 Dio
643 3026 708 3073 54,
730 3028 800 3074 32,
834 3025 1003 3070 Sueton.
1033 3026 1188 3068 Claud.
1211 3030 1255 3076 2,
1287 3027 1379 3068 Liv.
1394 3025 1582 3080 perioeh.
1603 3028 1696 3067 139.
1741 3025 1827 3066 Res
1848 3023 1902 3066 ab
1921 3038 1970 3065 eo
1991 3038 2029 3065 a.
2052 3023 2105 3066 12

389 3094 536 3130 contra
568 3089 805 3133 Germanos
829 3100 975 3146 gestae
1001 3094 1087 3136 Dio
1119 3094 1145 3136 l.
1170 3094 1210 3145 l.,
1239 3093 1365 3136 Flor.
1386 3098 1429 3144 2,
1450 3097 1504 3136 30
1535 3094 1588 3147 cf.
1615 3093 1713 3137 Tae.
1735 3107 1775 3135 a.
1796 3096 1835 3142 4,
1857 3095 1926 3143 72,
1958 3092 2103 3135 Strab.

390 3158 427 3205 7,
460 3159 498 3206 1,
530 3160 557 3198 3
578 3172 625 3211 10.
649 3162 748 3201 290.
808 3161 962 3203 Hieme
997 3163 1370 3218 appropinquante
1401 3163 1580 3204 Romam
1610 3162 1729 3203 venit
1759 3169 1810 3215 et,
1844 3174 2104 3216 quamquam

388 3226 646 3267 ornamentis
692 3230 914 3282 praetoriis
957 3229 1190 3272 honoratus
1232 3236 1346 3284 erat,
1389 3237 1561 3286 praetor
1605 3230 1796 3271 urbanus
1835 3235 2003 3270 creatus
2040 3234 2104 3270 est

385 3290 471 3332 Dio
505 3292 530 3335 l.
556 3292 582 3334 l.
613 3294 689 3335 ubi
719 3295 904 3337 traditur
936 3298 1162 3353 ἀστυνόμος,
1194 3298 1313 3352 vulyo
1344 3298 1482 3340 editur
1512 3297 1757 3355 ἀγορανόμος
1786 3311 1836 3339 ex
1864 3297 2102 3339 coniectura

384 3358 581 3401 Reimari
607 3362 650 3403 in
676 3362 811 3405 iudice
831 3363 987 3407 Dionis
1004 3379 1037 3409 s,
1059 3379 1094 3409 v.
1118 3366 1344 3423 ἀστυνόμος,
1375 3367 1449 3421 qui
1477 3366 1691 3409 lectionem
1711 3365 1916 3408 traditam
1935 3367 2099 3407 mutan-
