2202 3730
254 281 582 318 AvevsTAst
1115 273 1197 317 186
1854 283 2055 319 Avrmvs

285 436 339 441 —
369 418 411 461 Q.
452 416 699 452 POMPEIVS
741 415 954 450 SENECIO
995 415 1200 451 ROSCIVS
1241 416 1455 452 MVRENA
1491 417 1702 454 COELIVS
1744 418 1851 455 SEX.
1892 407 2056 456 IVLIVS

340 484 622 520 FRONTINVS
655 483 812 519 SILIVS
844 483 1095 519 DECIANVS
1128 484 1169 520 C.
1201 485 1366 520 IVLIVS
1397 485 1658 522 EVRYCLES
1689 487 2056 524 HERGVLANEVS

340 554 383 589 L.
396 552 660 588 VIBVLLIVS
677 551 786 587 PIVS
799 551 1124 588 AVGVSTANVS
1140 552 1353 589 ALPINVS
1370 553 1632 589 BELLICIVS
1656 554 1876 591 SOLLERS
1892 556 2056 592 IVLIVS

340 621 472 656 APER
503 620 751 655 DVCENIVS
791 619 1046 655 PROCVLVS
1085 620 1388 656 RVTILIANVS
1424 621 1639 658 RVFINVS
1671 623 1830 659 SILIVS
1859 623 2056 660 VALENS

341 688 590 723 VALERIVS
621 687 777 723 NIGER
807 686 883 724 CL.
909 687 1094 724 FVSCVS
1127 688 1256 724 SAXA
1286 689 1613 726 AMYNTIANVS
1645 690 1811 727 SOSIVS
1842 691 2057 730 PRISCVS.

283 776 340 780 —
369 750 668 803 Augustianus
699 748 888 791 Bellicus
918 763 955 792 v.
986 749 1203 793 Bellicius.

262 819 370 860 1164
400 818 596 860 Avianus
618 816 818 870 Bellicus,
850 824 1104 873 procurator
1130 821 1387 861 memoratur
1406 820 1453 861 iu
1475 819 1596 861 titulo
1615 810 1808 863 Moesiae
1828 821 2058 874 inferioris,

341 901 459 940 quem
499 886 706 928 dedicavit
743 885 900 928 vilicus
937 886 1163 941 vectigalis
1202 886 1368 943 Illyrici
1409 903 1446 929 a.
1478 876 1561 930 ‘182
1600 888 1690 930 III
1717 891 1801 932 752
1838 889 1893 943 cf.
1923 888 2059 932 Addi-

343 958 529 997 tameuta
549 969 598 1009 p.
621 957 718 997 992.

260 1024 367 1065 1165
399 1028 600 1064 AVIDIVS
624 1028 824 1064 CASSIVS
845 1026 1102 1065 memoratur
1130 1023 1176 1064 iu
1207 1023 1342 1065 titulis
1367 1024 1533 1077 qraeois
1560 1026 1740 1079 repertis
1765 1026 1811 1067 iu
1830 1025 2061 1068 Batauaea

342 1095 381 1133 et
401 1091 698 1133 Trachonitide
712 1090 1177 1145 Lebas-Waddinqton
1191 1094 1307 1134 2525
1322 1091 1393 1146 (1).
1410 1095 1531 1135 2237
1540 1092 1614 1148 (2).
1637 1097 1751 1137 2438
1760 1093 1832 1150 (3).
1853 1096 1970 1138 2528
1986 1092 2060 1147 (4).

342 1163 454 1202 2331
475 1159 548 1215 (5).
581 1162 700 1202 2212
721 1159 803 1215 (6)‚·
832 1162 860 1202 t.
883 1163 908 1201 1
925 1160 1094 1214 positus
1121 1163 1180 1202 est
1199 1160 1353 1202 Marco
1373 1164 1412 1202 et
1433 1160 1537 1203 Vero
1554 1161 1760 1216 Auqustis
1782 1165 1878 1204 ante
1899 1176 1938 1206 a.
1960 1165 2062 1214 1693

342 1231 369 1270 t.
392 1232 434 1271 2.
455 1231 483 1269 3
512 1227 704 1270 iudicant
730 1242 885 1270 nouum
907 1227 1057 1269 Marci
1082 1241 1238 1270 amium
1268 1228 1340 1283 (of.
1372 1228 1657 1284 Waddiuqtou
1687 1230 1747 1272 ad
1775 1233 1802 1274 t.
1824 1229 1973 1285 2212),
2005 1230 2064 1272 ad

342 1296 514 1339 eundem
535 1297 750 1350 pertinere
778 1296 942 1338 videtur
971 1299 998 1338 t.
1029 1299 1080 1347 4;
1115 1299 1141 1339 t.
1171 1299 1198 1339 5
1228 1296 1444 1347 decimum,
1486 1300 1514 1339 t.
1544 1300 1570 1339 6
1598 1297 1861 1341 undecimum
1890 1311 2060 1340 armum.

343 1364 531 1408 Nomina
550 1364 701 1406 Avidii
719 1364 860 1406 leviter
881 1377 1004 1406 erasa
1029 1367 1138 1415 suut,
1170 1366 1234 1406 ita
1261 1367 1310 1406 ut
1336 1365 1465 1418 facile
1495 1365 1688 1420 leqautwr
1716 1367 1763 1409 iri
1793 1370 1821 1409 t.
1842 1370 1880 1409 1.
1901 1369 1941 1409 3.
1960 1369 2001 1410 5.
2022 1369 2061 1409 6.

345 1433 613 1476 Memoratur
632 1435 862 1487 praeterea
893 1433 937 1475 iu
971 1433 1071 1487 dipl.
1103 1433 1190 1475 mil.
1222 1433 1310 1475 III
1331 1436 1389 1475 47
1415 1431 1491 1488 (7).
1522 1459 1578 1463 -
1618 1434 1716 1477 Vita
1750 1435 1902 1477 Avidii
1926 1433 2066 1478 Cassii

348 1501 537 1543 Vuleaeii
559 1500 779 1544 Gallicani
796 1515 902 1554 quae
922 1501 1072 1554 fertur,
1094 1505 1271 1556 praeter
1291 1516 1352 1552 ea,
1376 1516 1482 1556 quae
1503 1516 1553 1544 ex
1572 1502 1712 1545 eodem
1733 1503 1850 1556 fonte
1870 1506 1992 1557 atque
2016 1504 2063 1546 iu

341 1569 582 1611 vitaMarei
610 1583 642 1611 e.
659 1573 729 1619 24,
747 1572 866 1612 5-26
893 1569 1047 1611 hausta
1075 1573 1184 1620 suut,
1215 1570 1364 1623 futilia
1383 1570 1564 1613 rhetoris
1584 1570 1803 1613 cuiusdam
1833 1574 2064 1614 commenta

343 1638 523 1679 eontinet
552 1651 680 1691 neque
709 1638 972 1692 respicienda
1000 1641 1110 1688 suut,
1138 1652 1244 1692 quae
1273 1639 1336 1680 ibi
1365 1638 1414 1681 de
1442 1639 1566 1681 rebus
1590 1639 1740 1681 Avidii
1764 1642 1860 1682 aute
1892 1639 2063 1694 leyatio-

340 1720 433 1748 rtem
475 1705 699 1760 Syriacam
734 1707 863 1760 ‚qestis
899 1706 1208 1760 mythistorious
1243 1706 1313 1749 ille
1352 1707 1597 1760 fabulatur,
1649 1708 1704 1762 ef.
1743 1722 1852 1761 quae
1889 1708 2064 1763 exposui

342 1774 614 1817 Rheiuiselies
642 1775 839 1817 Museum
868 1775 1042 1817 XLIII
1065 1776 1207 1830 (1888)
1230 1790 1278 1829 p.
1300 1778 1386 1818 321
1406 1789 1491 1829 sqq.

427 1842 612 1885 Avidius
644 1842 819 1886 Cassius
861 1846 888 1885 t.
919 1846 1019 1894 1-6,
1053 1842 1269 1898 [Aindius
1300 1843 1474 1886 Cassius
1514 1847 1542 1886 t.
1576 1847 1604 1886 7
1610 1857 1623 1895 ,·
1662 1843 1850 1886 Avidius
1890 1843 2066 1887 Cassius

343 1911 427 1953 sive
458 1910 631 1953 Cassius
663 1912 779 1966 apud
800 1912 1040 1966 scriptores,

430 1979 614 2021 Natione
645 1980 804 2036 Syme,
838 1995 893 2022 ex
923 1979 1093 2036 Cyrrho
1124 1980 1352 2034 oriundus,
1392 1979 1506 2022 filius
1538 1980 1605 2034 (C.
1635 1980 1805 2035 Avidii)
1836 1980 2062 2023 Heliodori

343 2047 432 2090 Dio
463 2051 527 2098 71,
549 2051 623 2098 22,
655 2049 726 2090 vit.
757 2048 906 2090 Marci
932 2050 1002 2098 25,
1024 2051 1094 2091 12.
1154 2048 1427 2104 Rescriptum
1464 2049 1735 2104 imperatoris
1764 2048 1975 2091 Antonini
2005 2048 2061 2101 ad

346 2130 442 2158 eum
471 2115 636 2171 Diqest.
657 2120 700 2166 2,
722 2120 786 2166 14,
811 2119 874 2167 60,
904 2116 1014 2158 uude
1044 2116 1119 2158 sub
1149 2116 1232 2158 Pio
1261 2116 1510 2170 praetorius
1540 2117 1789 2171 provinciae
1826 2117 1964 2160 nescio
1994 2117 2064 2159 cui

339 2185 583 2239 praefuisse
602 2184 777 2227 videtur.
824 2184 985 2227 Consul
1007 2183 1222 2236 (suffectus
1251 2185 1368 2227 iutra
1399 2199 1438 2226 a.
1461 2185 1652 2240 161s164)
1683 2185 1881 2239 diploma.
1931 2183 2060 2227 Anno

344 2252 433 2294 fere
466 2253 547 2295 164
576 2252 744 2307 legatus
776 2253 928 2308 Syriae
958 2252 1096 2295 factus
1126 2254 1197 2295 vit.
1229 2253 1381 2295 Avidii
1407 2256 1446 2297 5.
1479 2256 1504 2295 6
1514 2267 1527 2304 ,·
1564 2253 1730 2308 legatus
1770 2260 1869 2295 ante
1908 2267 1947 2296 a.
1979 2253 2061 2295 169

345 2324 372 2362 t.
405 2324 452 2374 1,
497 2322 611 2363 intra
654 2336 690 2365 a.
729 2320 908 2364 169l171
954 2324 980 2363 t.
1012 2324 1114 2364 2-5.
1176 2322 1259 2363 Res
1306 2321 1359 2364 ab
1404 2335 1452 2363 eo
1500 2328 1649 2364 contra
1688 2321 1871 2364 Parthos
1914 2327 2062 2376 gestae

345 2389 400 2442 (a.
434 2389 634 2442 164s165)
673 2390 744 2431 vit.
787 2389 885 2432 Veri
920 2393 957 2440 7,
1003 2389 1091 2432 Dio
1123 2393 1186 2438 71,
1214 2393 1246 2432 2
1286 2389 1501 2441 (Zonaras
1530 2393 1601 2440 12,
1631 2392 1690 2445 2).
1751 2390 1856 2432 Post
1897 2387 2062 2431 bellum

346 2456 597 2499 Parthicum
641 2457 883 2499 confectum
927 2457 991 2512 (id
1035 2457 1145 2511 quod
1187 2472 1237 2499 ex
1277 2456 1435 2500 Dionis
1479 2461 1671 2499 contextu
1717 2459 1823 2500 satis
1867 2457 2062 2512 appare&

346 2525 518 2567 Marcus
548 2530 617 2581 τῆς
647 2523 772 2572 Ἀσίας
801 2528 956 2583 ἁπάσης
986 2518 1250 2582 ἐπιτροπεύέιν
1281 2525 1488 2568 ἐκέλευσεν
1509 2525 1596 2567 Dio
1619 2528 1683 2576 71,
1702 2528 1742 2576 3,
1770 2525 2062 2568 Philostratus

345 2595 415 2637 vit.
447 2593 560 2647 soph.
592 2597 630 2644 1,
658 2597 711 2635 13
740 2596 759 2636 ὁ
790 2596 858 2650 τὴν
891 2592 996 2652 ἑῴαν
1029 2594 1310 2651 ἐπιτροπεύων,
1341 2594 1388 2635 id
1415 2596 1476 2635 est
1503 2594 1725 2648 imperium
1755 2594 1794 2636 ei
1821 2595 1960 2636 maius
1980 2607 2062 2648 per

348 2662 544 2704 orientem
565 2661 690 2711 dedit,
711 2662 834 2715 quale
854 2662 1083 2716 aliquando
1102 2662 1310 2704 habuerat
1333 2661 1549 2704 Domitius
1570 2661 1775 2713 Corbulo,·
1796 2662 1839 2703 in
1859 2660 2061 2718 Aegypto

346 2729 572 2772 Bucolicos
613 2732 824 2786 oppressit
861 2731 933 2772 vit.
966 2731 1115 2772 Marci
1141 2733 1217 2780 21,
1248 2733 1279 2773 2
1309 2750 1365 2765 =
1392 2730 1463 2772 vit.
1494 2729 1646 2772 Avidii
1673 2733 1710 2780 6,
1740 2733 1778 2780 7,
1809 2729 1897 2772 Dio
1929 2732 1992 2780 71,
2021 2733 2059 2774 4..

346 2797 515 2840 Bellum
536 2799 579 2839 in
602 2798 807 2840 Armenia
827 2799 897 2854 (ef.
919 2798 1007 2841 Dio
1029 2802 1093 2848 71,
1115 2801 1188 2855 25)
1221 2804 1262 2840 et
1292 2799 1335 2839 in
1357 2797 1522 2840 Arabia
1551 2798 1683 2852 gessit
1702 2798 1773 2841 vit.
1794 2797 1944 2840 Avidii
1961 2800 1999 2848 6,
2019 2801 2060 2840 5.

346 2865 473 2908 Anno
507 2867 586 2908 175
619 2881 715 2908 cum
741 2867 915 2908 Marcus
946 2867 990 2908 in
1020 2866 1194 2922 Illyrico
1223 2872 1379 2921 ageret,
1413 2866 1458 2906 in
1482 2865 1609 2921 Syria
1629 2864 1804 2908 Cassius
1833 2865 2062 2921 imperium

347 2936 528 2990 sumpsit
548 2941 590 2976 et
609 2934 884 2977 Alexandrea
915 2935 970 2977 ad
996 2950 1093 2976 eum
1119 2934 1278 2976 defecit
1301 2935 1370 2976 vit.
1395 2934 1544 2976 Marci
1561 2937 1722 2983 24-26,
1745 2933 1896 2976 Avidii
1916 2937 1944 2975 7
1959 2946 2059 2987 sqq„

348 3003 495 3057 (Viet.)
515 3002 711 3058 Epitome
735 3006 799 3053 16,
822 3007 886 3053 11,
917 3002 1005 3046 Dio
1036 3006 1098 3053 71,
1122 3006 1187 3047 17.
1209 3005 1376 3053 22-28,
1407 3001 1622 3045 Ammiau.
1655 3001 1797 3045 Mare.
1817 3005 1886 3052 21,
1907 3004 1973 3052 16,
1994 3004 2059 3043 11.

346 3071 549 3126 Aquitum
579 3084 664 3113 esse
694 3072 740 3112 iu
760 3071 948 3125 Aeqypto
970 3074 1149 3125 apparet
1169 3085 1218 3113 ex
1238 3071 1510 3124 inscript-ione
1537 3070 1694 3112 ostraei
1714 3069 1860 3124 (ἔτους)
1881 3068 1919 3112 α’
1940 3069 2060 3112 Γαίου

347 3138 546 3194 [Ἀουιδίου
579 3137 769 3192 Κ]ασσιόυ
803 3138 1002 3195 Καίσαρος
1030 3143 1098 3182 τοῦ
1129 3139 1294 3195 κ[υρίου]
1325 3138 1524 3188 chken,
1556 3137 1736 3181 Ostraca
1765 3151 1806 3180 rt.
1828 3140 1922 3180 939.
1975 3137 2061 3180 Per

348 3214 543 3249 senatum
572 3207 706 3248 hostis
737 3214 801 3248 est
831 3207 1043 3249 iudicatus
1074 3207 1273 3263 bonaque
1301 3207 1390 3248 eius
1413 3206 1652 3262 proscripta
1670 3206 1740 3248 vit.
1764 3204 1915 3247 Marci
1930 3207 2000 3255 24,
2021 3207 2060 3247 9.

348 3276 466 3318 Dum
505 3274 678 3316 Marcus
718 3275 864 3316 relicto
907 3275 1143 3318 Sarmatico
1174 3275 1578 3329 Marcomanicoque
1621 3272 1729 3315 bello
1769 3273 1812 3314 in
1853 3273 2062 3314 orientem

348 3342 635 3400 proficiscitur
645 3375 656 3398 ‚
703 3341 877 3385 Cassius
922 3344 966 3384 in
1004 3343 1132 3399 Syria
1171 3343 1336 3385 occisus
1376 3348 1591 3399 caputque
1635 3341 1726 3383 eius
1770 3340 1826 3383 ad
1866 3339 2062 3382 Marcum
