2202 3730
315 323 602 360 ANTIPATER
1184 312 1240 355 84
1853 318 2115 355 ANTISTIVS
2191 328 2193 330 ·

327 2180 386 2458 ΙΙΙίΙ

401 455 516 495 circa
547 452 597 496 a.
631 453 712 494 740
742 471 797 485 z
829 451 884 493 14
923 465 960 491 a.
993 448 1041 491 O.
1087 448 1143 490 ad
1186 447 1330 490 aulam
1375 450 1596 491 revocavit
1639 455 1682 492 et
1724 465 1837 492 anno
1876 450 2118 506 insequenti

401 521 472 575 (ef.
505 520 702 570 Scharer,
751 517 995 560 Gesehiehte
1035 516 1105 558 des
1145 515 1378 558 Ju'dz'sehen
1418 516 1565 559 Volkes
1587 531 1635 571 p.
1665 520 1746 560 303
1775 520 1878 574 sqq.)
1919 520 2119 561 comitem

399 588 458 631 M.
490 589 712 643 Agrippae
743 601 798 627 ex
838 586 1001 627 oriente
1031 585 1212 626 Romam
1251 585 1506 626 revertentis
1544 584 1601 626 ad
1630 584 1876 640 Augustum
1915 587 2032 628 misit
2059 586 2117 630 id.

401 659 486 698 ant.
509 659 572 710 16,
594 659 633 705 3,
653 659 692 705 3,
725 654 816 698 bell.
840 657 877 704 1,
898 656 967 703 23,
990 655 1095 695 1-2.
1147 651 1257 694 Cum
1285 652 1481 694 Herodes
1513 668 1550 695 a.
1575 653 1656 695 742
1677 673 1733 688 Ξ
1761 655 1813 697 12
1843 669 1881 696 a.
1905 654 1953 697 G.
1983 654 2120 711 Aqui-

401 723 509 765 leiae
537 723 724 778 Augusti
765 737 897 778 opera
933 736 1030 767 cum
1059 720 1310 763 Alexandro
1351 727 1394 763 et
1421 720 1671 763 Aristobulo
1707 720 1805 763 filiis
1844 722 2118 765 Mariammes

403 791 702 834 reconciliatus
734 790 908 832 domum
937 789 1118 844 rediret,
1150 789 1382 845 Antipater
1420 795 1463 831 et
1501 790 1593 846 ipse
1629 790 1672 831 in
1705 790 1911 833 Iudaeam
1941 792 2121 834 revertit

399 860 457 902 id.
490 863 577 902 ant.
608 862 673 910 16,
703 863 741 910 4,
770 861 809 902 5.
869 857 1067 913 Discidia
1105 858 1218 899 inter
1258 863 1423 914 patrem
1457 857 1654 914 filiosque
1684 858 1909 901 calumniis
1938 874 2121 902 summo-

398 942 500 983 pere
540 928 664 969 auxit
702 932 938 982 auctorque
976 926 1060 967 fuit
1098 925 1286 980 Herodi,
1327 932 1375 967 ut
1412 925 1711 968 Alexandrum
1751 933 1794 969 et
1822 926 2122 970 Aristobulum

401 995 662 1037 interficeret
681 995 738 1037 id.
762 998 848 1036 ant.
870 997 935 1044 16,
960 997 997 1044 7,
1019 997 1159 1047 2sqq.,
1184 993 1277 1036 bell.
1293 997 1331 1044 1,
1353 997 1424 1044 24,
1446 998 1580 1048 Isqq„
1606 995 1813 1037 Nicotaus
1827 995 2121 1039 Damaseenus

399 1064 454 1117 fr.
486 1066 512 1106 5
544 1063 610 1106 M.
639 1063 727 1105 III
740 1078 788 1117 p.
811 1065 903 1105 351.
962 1062 1067 1104 Post
1098 1067 1251 1104 necem.
1277 1077 1425 1105 eorum
1457 1062 1586 1115 (anno
1615 1063 1705 1117 fere
1736 1067 1816 1106 747
1844 1083 1899 1098 =
1931 1068 1958 1106 7
1985 1079 2025 1108 a.
2054 1063 2119 1118 O.)

400 1146 566 1174 summa
595 1132 787 1188 potentia
816 1132 860 1172 in
891 1130 993 1174 aula
1021 1137 1063 1173 et
1093 1145 1259 1173 summa
1288 1131 1422 1187 patris
1449 1132 1590 1185 gratia
1619 1146 1721 1174 usus
1751 1139 1916 1189 secreta
1942 1132 2121 1175 consilia

399 1200 453 1242 de
494 1201 764 1243 successione
804 1215 903 1242 cum
934 1199 1126 1242 Pherora
1168 1199 1301 1242 fratre
1329 1199 1516 1242 Herodis
1556 1200 1654 1242 iniit
1692 1200 1749 1243 id.
1787 1203 1872 1243 ant.
1904 1204 1970 1252 17,
2000 1204 2039 1253 1,
2070 1204 2122 1254 1;

401 1272 466 1319 17,
496 1272 540 1319 2,
571 1272 611 1319 4,
656 1268 748 1310 bell.
780 1272 817 1318 1,
849 1270 908 1311 28
918 1281 931 1319 ;
970 1271 1008 1318 1,
1039 1271 1110 1318 29,
1142 1271 1180 1311 1.
1251 1266 1421 1320 Quibus
1463 1267 1641 1310 detectis
1686 1269 1866 1310 Romam
1911 1272 2122 1313 concessit

400 1337 458 1379 id.
492 1340 577 1381 ant.
609 1340 675 1387 17,
705 1339 744 1387 3,
774 1340 816 1386 2,
861 1335 952 1378 bell.
984 1339 1022 1386 1,
1053 1339 1122 1386 29,
1154 1339 1195 1379 2.
1269 1335 1389 1377 Dum
1433 1335 1494 1378 ibi
1539 1342 1752 1391 moratur,
1799 1343 1896 1393 post
1938 1344 2118 1380 mortem

401 1405 619 1447 Pherorae
650 1405 820 1447 indiciis
851 1404 1102 1447 libertorum
1133 1419 1443 1460 servarumque
1477 1405 1569 1447 eius
1609 1405 1725 1460 apud
1758 1405 1977 1447 Herodem
2006 1405 2119 1448 dela-

399 1479 467 1515 tus
492 1480 557 1515 est
576 1473 755 1515 insidias
777 1473 889 1529 patri
910 1474 1118 1515 struxisse
1138 1472 1194 1514 id.
1216 1475 1303 1515 ant.
1324 1476 1389 1523 17,
1410 1476 1450 1523 3,
1470 1476 1610 1524 4—-4,
1632 1476 1671 1523 3,
1695 1473 1788 1517 bell.
1810 1477 1848 1524 1,
1866 1477 1919 1516 30
1939 1477 2062 1525 —31,
2079 1477 2118 1516 1.

400 1541 598 1583 Herodes
620 1542 684 1583 ira
705 1541 974 1584 dissimulata
995 1556 1072 1597 per
1090 1542 1275 1597 speciem
1302 1542 1516 1583 amicitiae
1548 1556 1644 1584 eum
1676 1543 1720 1583 in
1750 1543 1934 1598 patriam
1962 1543 2121 1584 reverti

400 1610 525 1652 iussit
563 1624 873 1666 reversumque
903 1610 1219 1666 Hierosolymis
1250 1610 1365 1667 apud
1396 1610 1643 1665 consilium,
1677 1611 1747 1652 cui
1777 1611 1826 1655 P.
1859 1611 2121 1665 Quinctilius

400 1678 545 1720 Varus
575 1678 742 1733 legatus
773 1678 927 1734 Syriae
959 1678 1173 1733 interfuit,
1207 1678 1289 1720 sibi
1320 1679 1497 1721 insidias
1527 1694 1702 1735 parasse
1733 1678 1998 1722 insimulavit
2026 1694 2121 1736 pro-

397 1747 626 1802 bavitque,
668 1747 769 1788 dein
799 1746 1075 1803 Antipatrum
1117 1747 1160 1788 in
1192 1746 1369 1789 vincula
1407 1748 1590 1789 coniecit
1627 1753 1669 1789 et
1698 1747 1752 1789 de
1782 1748 1912 1790 rebus
1943 1749 2035 1790 eius
2065 1747 2122 1790 ad

399 1814 646 1869 Augustum
667 1815 834 1857 rettulit
855 1814 912 1867 (a.
937 1818 1014 1857 749
1035 1835 1090 1850 Ξ
1110 1818 1136 1857 5
1158 1830 1197 1857 a.
1221 1814 1285 1871 G.)
1306 1815 1364 1857 id.
1388 1819 1474 1859 ant.
1491 1819 1558 1866 17,
1578 1818 1617 1866 5,
1641 1819 1739 1867 1-7,
1763 1816 1855 1858 bell.
1879 1820 1916 1867 1,
1932 1819 2003 1867 32,
2019 1818 2120 1868 3—5,

403 1882 611 1925 Nicotaus
639 1882 842 1926 Damase.
865 1898 914 1937 p.
935 1886 1032 1927 352.
1093 1883 1181 1936 Qui
1221 1898 1320 1926 cum
1350 1883 1531 1938 Herodi·
1556 1883 1740 1926 liberum
1770 1884 1995 1927 arbitrium
2027 1899 2121 1942 per-

401 1952 604 2006 misisset,
653 1951 885 2008 Antipater
937 1952 1085 2008 paucis
1130 1952 1281 1994 diebus
1325 1958 1424 1994 ante
1469 1967 1599 2008 quam
1642 1952 1838 1995 Herodes
1882 1959 2121 1996 moreretur

401 2020 459 2075 (a.
487 2023 567 2062 750
597 2040 653 2055 =
681 2024 708 2062 4
740 2035 780 2064 a.
809 2019 886 2076 0.),
916 2020 1166 2062 interfectus
1197 2026 1262 2062 est
1291 2021 1348 2062 id.
1380 2024 1467 2064 ant.
1490 2024 1556 2071 17,
1580 2024 1616 2071 7,
1651 2021 1743 2063 bell.
1771 2024 1809 2072 1,
1830 2024 1895 2072 33,
1919 2025 1958 2072 7,
1991 2022 2121 2070 Nico-

401 2087 496 2130 taus
524 2088 726 2131 Damaso.
750 2103 798 2143 p.
820 2091 912 2131 353.

429 2156 479 2198 T.
510 2156 660 2199 Aelius
689 2157 932 2213 Antipater.

429 2223 582 2268 Gallus
612 2223 853 2281 Antipater.

430 2299 693 2335 SEPTIMIVS
723 2299 1024 2337 ANTIPATER.

430 2367 696 2403 GARGILIVS
728 2368 991 2412 ANTIQVVS.

428 2436 472 2472 L.
503 2436 816 2472 PVLLAIENVS
849 2436 1115 2473 GARGILIVS
1145 2437 1409 2483 ANTIQVVS.

431 2497 571 2540 Nonia
602 2498 748 2541 Antist
765 2531 774 2541 .
794 2531 803 2540 .
822 2532 831 2541 .

429 2571 473 2607 T.
505 2572 787 2608 POMPONIVS
818 2567 1194 2622 AN[T1]ST1ANVS.

433 2640 474 2675 T.
488 2634 547 2688 (9)
580 2667 589 2676 .
609 2667 618 2675 .
638 2667 647 2676 .
664 2640 843 2676 PONIVS
875 2642 1194 2678 MAMILIANVS
1225 2642 1386 2678 RVFVS
1405 2642 1739 2679 ANTISTIANVS
1769 2643 1800 2678 F
1804 2643 2118 2680 VNISVLANVS

398 2708 767 2745 VETTONIANVS.

612 2770 715 2815 Quod
733 2771 883 2806 Hubner
901 2771 950 2806 ad
970 2771 1053 2806 ΟΠ)
1077 2771 1158 2806 VII
1172 2776 1240 2808 164
1265 2772 1499 2808 adnotaverat
1520 2784 1648 2809 nomen
1669 2772 1795 2817 guentae
1817 2773 1946 2808 misse
1967 2773 2010 2808 in
2032 2781 2118 2809 Pom

498 2827 551 2862 vel
568 2835 665 2870 RONI,
683 2827 725 2863 de
740 2835 825 2862 Pom
842 2828 915 2864 iam
932 2833 1081 2873 constat,
1104 2832 1296 2874 postquam
1312 2828 1358 2864 F.
1375 2829 1582 2875 Haverfield
1600 2829 1818 2865 Ooeoniensis
1841 2841 1866 2865 a
1891 2841 1944 2864 me
1970 2835 2118 2878 royatus

499 2883 653 2928 lapidem
670 2884 785 2920 denuo
800 2886 1019 2921 emaminavit
1035 2890 1066 2922 et
1081 2889 1242 2931 ectypum
1264 2897 1481 2932 yypsaeeum
1497 2887 1626 2931 optime
1649 2887 1844 2932 confectum
1866 2888 2027 2924 benevole
2049 2889 2119 2925 hue

497 2941 606 2975 misit.
643 2940 774 2976 Prima
799 2942 915 2977 littera
938 2943 1011 2987 fuit
1032 2943 1085 2977 vel
1108 2951 1140 2977 Τ.
1166 2943 1219 2977 vel
1242 2952 1286 2986 Ρ.,
1311 2933 1425 2979 altera
1447 2944 1528 2979 item
1551 2951 1574 2978 Τ
1597 2943 1650 2978 vel
1672 2951 1705 2986 P,
1729 2944 1834 2979 tertia
1853 2944 1966 2988 plane
1988 2945 2118 2982 detrita

498 3000 557 3040 est,
592 3000 741 3041 quartae
772 2999 903 3042 apices,
939 3000 1001 3043 qui
1027 2999 1300 3044 diynoscuntur,
1333 3011 1412 3035 cum
1443 3008 1472 3035 Μ
1503 3003 1584 3044 apte
1606 3001 1833 3036 conveniunt.
1881 3001 2009 3046 Itaque
2033 3013 2118 3046 pro-

498 3053 661 3088 babiliter
677 3054 857 3089 restituere
881 3055 970 3089 mihi
992 3055 1114 3092 ‘videor
1140 3056 1203 3102 [Τ.]
1229 3056 1419 3102 [ΡΟΜ]ΡΟΝΙ
1442 3064 1475 3091 Τ.
1491 3064 1524 3091 F.
1541 3064 1624 3091 ΕΔΒ.
1641 3064 1842 3092 ΜΑΜΠᾸΑΜ
1862 3061 1923 3092 etc.
1957 3058 2117 3094 Litteras

498 3121 571 3144 esse
595 3111 730 3145 saeculi
752 3111 803 3144 II
821 3112 981 3146 eoeeuntis
1007 3113 1247 3147 consentimus
1273 3113 1335 3157 qui
1358 3112 1515 3148 vidimus
1539 3124 1670 3148 omnes.

428 3167 718 3222 AVROELIVS)
749 3169 1056 3224 ANT1s[T1vs].

317 3237 399 3278 585
430 3235 645 3278 Antistius
658 3235 729 3290 (P),
763 3251 913 3279 servus
947 3238 1218 3294 imperatoris
1238 3238 1465 3281 Aureliani
1489 3244 1587 3295 post
1605 3245 1787 3282 mortem
1808 3240 1900 3282 eius
1921 3255 1947 3283 a
1964 3247 2116 3285 senatu

401 3304 686 3346 manumissus
714 3305 786 3346 vit.
817 3305 1049 3348 Aurelia-ni
1076 3309 1142 3357 50,
1163 3310 1203 3349 3.
1254 3306 1383 3350 Servo
1414 3306 1599 3349 Antistii
1622 3321 1772 3350 nomen
1799 3322 1884 3350 non
1914 3310 2114 3353 convenit.

316 3371 399 3414 586
431 3371 484 3424 Q.
515 3371 729 3414 Antistius
758 3373 1002 3416 nominatur
1038 3375 1085 3416 in
1116 3375 1354 3429 fraymento
1385 3374 1501 3417 tituli
1526 3376 1686 3418 urbani
1713 3375 1948 3419 Bullettino
1978 3391 2115 3421 eomu-

399 3439 497 3481 nale
527 3439 660 3482 XIII
683 3441 822 3496 (1885)
846 3456 893 3495 p.
916 3445 969 3484 96
997 3456 1037 3484 n.
1059 3446 1179 3484 1009.
