<?xml version="1.0" encoding="UTF-8"?>
<!DOCTYPE html PUBLIC "-//W3C//DTD XHTML 1.0 Transitional//EN"
    "http://www.w3.org/TR/xhtml1/DTD/xhtml1-transitional.dtd">
<html xmlns="http://www.w3.org/1999/xhtml" xml:lang="en" lang="en">
 <head>
  <title>
</title>
<meta http-equiv="Content-Type" content="text/html;charset=utf-8" />
  <meta name='ocr-system' content='tesseract 3.04.00' />
  <meta name='ocr-capabilities' content='ocr_page ocr_carea ocr_par ocr_line ocrx_word'/>
</head>
<body>
  <div class='ocr_page' id='page_1' title='image "./prosopographiaim01akaduoft/prosopographiaim01akaduoft_0489.png"; bbox 0 0 2202 3730; ppageno 0'>
   <div class='ocr_carea' id='block_1_1' title="bbox 158 292 1960 339">
    <p class='ocr_par' dir='ltr' id='par_1_1' title="bbox 158 292 1960 339">
     <span class='ocr_line' id='line_1_1' title="bbox 158 292 1960 339; baseline -0.002 0"><span class='ocrx_word' id='word_1_1' title='bbox 158 292 447 339; x_wconf 67' lang='lat' dir='ltr'><strong>oonmlom</strong></span> <span class='ocrx_word' id='word_1_2' title='bbox 1018 298 1101 339; x_wconf 85' lang='lat'><strong>473</strong></span> <span class='ocrx_word' id='word_1_3' title='bbox 1703 300 1960 336; x_wconf 79' lang='lat' dir='ltr'><strong>CORYLLvs</strong></span> 
     </span>
    </p>
   </div>
   <div class='ocr_carea' id='block_1_2' title="bbox 1794 365 1954 371">
    <p class='ocr_par' dir='ltr' id='par_1_2' title="bbox 1794 365 1954 371">
     <span class='ocr_line' id='line_1_2' title="bbox 1794 365 1954 371; baseline 0 0"><span class='ocrx_word' id='word_1_4' title='bbox 1794 365 1954 371; x_wconf 95' lang='lat' dir='ltr'><strong> </strong></span> 
     </span>
    </p>
   </div>
   <div class='ocr_carea' id='block_1_3' title="bbox 158 440 1963 628">
    <p class='ocr_par' dir='ltr' id='par_1_3' title="bbox 158 440 1963 628">
     <span class='ocr_line' id='line_1_3' title="bbox 184 440 824 480; baseline 0.003 -3"><span class='ocrx_word' id='word_1_5' title='bbox 184 459 243 465; x_wconf 85' lang='lat'><strong>--</strong></span> <span class='ocrx_word' id='word_1_6' title='bbox 270 440 491 477; x_wconf 83' lang='lat' dir='ltr'><strong>VOLTEIA</strong></span> <span class='ocrx_word' id='word_1_7' title='bbox 523 441 824 480; x_wconf 88' lang='lat' dir='ltr'><strong>CORNIFICIA.</strong></span> 
     </span>
     <span class='ocr_line' id='line_1_4' title="bbox 184 510 1050 548; baseline 0 -2"><span class='ocrx_word' id='word_1_8' title='bbox 184 529 242 534; x_wconf 93' lang='lat'><strong>—</strong></span> <span class='ocrx_word' id='word_1_9' title='bbox 268 510 433 546; x_wconf 84' lang='lat' dir='ltr'><strong>ANNIA</strong></span> <span class='ocrx_word' id='word_1_10' title='bbox 465 511 757 546; x_wconf 88' lang='lat' dir='ltr'><strong>GORNIFICIA</strong></span> <span class='ocrx_word' id='word_1_11' title='bbox 786 510 1050 548; x_wconf 84' lang='lat' dir='ltr'><strong>FAVSTINA.</strong></span> 
     </span>
     <span class='ocr_line' id='line_1_5' title="bbox 158 569 1963 628; baseline -0.002 -13"><span class='ocrx_word' id='word_1_12' title='bbox 158 574 268 615; x_wconf 84' lang='lat'>1232</span> <span class='ocrx_word' id='word_1_13' title='bbox 299 573 570 628; x_wconf 88' lang='lat' dir='ltr'><strong>(Cornificia)</strong></span> <span class='ocrx_word' id='word_1_14' title='bbox 601 573 815 616; x_wconf 87' lang='lat' dir='ltr'><strong>Faustilla</strong></span> <span class='ocrx_word' id='word_1_15' title='bbox 851 576 1110 616; x_wconf 81' lang='lat' dir='ltr'><strong>memoratur</strong></span> <span class='ocrx_word' id='word_1_16' title='bbox 1139 573 1185 614; x_wconf 78' lang='lat' dir='ltr'><strong>in</strong></span> <span class='ocrx_word' id='word_1_17' title='bbox 1214 576 1243 616; x_wconf 89' lang='lat' dir='ltr'><strong>t.</strong></span> <span class='ocrx_word' id='word_1_18' title='bbox 1276 572 1452 614; x_wconf 78' lang='lat' dir='ltr'><em>libertae</em></span> <span class='ocrx_word' id='word_1_19' title='bbox 1482 571 1551 614; x_wconf 91' lang='lat' dir='ltr'><strong>VI</strong></span> <span class='ocrx_word' id='word_1_20' title='bbox 1571 574 1717 614; x_wconf 81' lang='lat'><strong>16481.</strong></span> <span class='ocrx_word' id='word_1_21' title='bbox 1776 569 1963 612; x_wconf 73' lang='lat' dir='ltr'><strong>Femina</strong></span> 
     </span>
    </p>
   </div>
   <div class='ocr_carea' id='block_1_4' title="bbox 183 641 1963 752">
    <p class='ocr_par' dir='ltr' id='par_1_4' title="bbox 183 641 1963 752">
     <span class='ocr_line' id='line_1_6' title="bbox 243 641 1738 685; baseline -0.001 -1"><span class='ocrx_word' id='word_1_22' title='bbox 243 641 399 684; x_wconf 64' lang='lat' dir='ltr'><strong>nobilis</strong></span> <span class='ocrx_word' id='word_1_23' title='bbox 427 642 602 685; x_wconf 80' lang='lat' dir='ltr'><strong>videtur.</strong></span> <span class='ocrx_word' id='word_1_24' title='bbox 1733 667 1738 675; x_wconf 54' lang='grc' dir='ltr'><em>ι</em></span> 
     </span>
     <span class='ocr_line' id='line_1_7' title="bbox 183 713 1963 752; baseline -0.002 -1"><span class='ocrx_word' id='word_1_25' title='bbox 183 734 241 738; x_wconf 86' lang='grc'>-</span> <span class='ocrx_word' id='word_1_26' title='bbox 271 715 528 752; x_wconf 86' lang='lat' dir='ltr'><strong>SERVENIA</strong></span> <span class='ocrx_word' id='word_1_27' title='bbox 569 715 803 752; x_wconf 82' lang='lat' dir='ltr'><strong>CORNVTA</strong></span> <span class='ocrx_word' id='word_1_28' title='bbox 843 715 1099 752; x_wconf 85' lang='lat' dir='ltr'><strong>CORNELIA</strong></span> <span class='ocrx_word' id='word_1_29' title='bbox 1140 715 1426 751; x_wconf 79' lang='lat' dir='ltr'><strong>CALPVRNIA</strong></span> <span class='ocrx_word' id='word_1_30' title='bbox 1462 714 1688 752; x_wconf 90' lang='lat' dir='ltr'><strong>VALERIA</strong></span> <span class='ocrx_word' id='word_1_31' title='bbox 1730 713 1963 749; x_wconf 87' lang='lat' dir='ltr'>SECVNDA</span> 
     </span>
    </p>
   </div>
   <div class='ocr_carea' id='block_1_5' title="bbox 160 778 1964 1038">
    <p class='ocr_par' dir='ltr' id='par_1_5' title="bbox 243 778 1113 832">
     <span class='ocr_line' id='line_1_8' title="bbox 243 778 1113 832; baseline -0.001 -12"><span class='ocrx_word' id='word_1_32' title='bbox 243 778 461 832; x_wconf 78' lang='lat' dir='ltr'><strong>coT1A(‘?)</strong></span> <span class='ocrx_word' id='word_1_33' title='bbox 492 784 741 820; x_wconf 75' lang='lat' dir='ltr'><strong>PRocmLA</strong></span> <span class='ocrx_word' id='word_1_34' title='bbox 867 783 1113 820; x_wconf 85' lang='lat' dir='ltr'><strong>LVCVLLA.</strong></span> 
     </span>
    </p>

    <p class='ocr_par' dir='ltr' id='par_1_6' title="bbox 160 842 1964 1038">
     <span class='ocr_line' id='line_1_9' title="bbox 160 842 1963 901; baseline -0.002 -13"><span class='ocrx_word' id='word_1_35' title='bbox 160 846 269 889; x_wconf 85' lang='lat'><strong>1233</strong></span> <span class='ocrx_word' id='word_1_36' title='bbox 300 845 532 901; x_wconf 79' lang='lat' dir='ltr'><strong>Cornutus,</strong></span> <span class='ocrx_word' id='word_1_37' title='bbox 564 847 727 889; x_wconf 89' lang='lat' dir='ltr'><strong>amicus</strong></span> <span class='ocrx_word' id='word_1_38' title='bbox 749 845 925 899; x_wconf 88' lang='lat' dir='ltr'>Tibulli,</span> <span class='ocrx_word' id='word_1_39' title='bbox 956 846 1032 901; x_wconf 91' lang='lat' dir='ltr'><strong>qui</strong></span> <span class='ocrx_word' id='word_1_40' title='bbox 1052 847 1096 886; x_wconf 92' lang='lat' dir='ltr'><strong>in</strong></span> <span class='ocrx_word' id='word_1_41' title='bbox 1118 844 1231 887; x_wconf 86' lang='lat' dir='ltr'><strong>diem</strong></span> <span class='ocrx_word' id='word_1_42' title='bbox 1252 844 1439 887; x_wconf 86' lang='lat' dir='ltr'><strong>natalem</strong></span> <span class='ocrx_word' id='word_1_43' title='bbox 1459 846 1551 887; x_wconf 88' lang='lat' dir='ltr'><strong>eius</strong></span> <span class='ocrx_word' id='word_1_44' title='bbox 1578 845 1752 900; x_wconf 84' lang='lat' dir='ltr'><strong>scripsit</strong></span> <span class='ocrx_word' id='word_1_45' title='bbox 1781 842 1963 898; x_wconf 83' lang='lat' dir='ltr'>elegiam</span> 
     </span>
     <span class='ocr_line' id='line_1_10' title="bbox 240 911 1964 971; baseline -0.003 -12"><span class='ocrx_word' id='word_1_46' title='bbox 240 918 284 966; x_wconf 83' lang='lat'><strong>2,</strong></span> <span class='ocrx_word' id='word_1_47' title='bbox 315 919 358 966; x_wconf 91' lang='grc'><strong>2,</strong></span> <span class='ocrx_word' id='word_1_48' title='bbox 391 930 490 957; x_wconf 90' lang='lat' dir='ltr'><strong>eum</strong></span> <span class='ocrx_word' id='word_1_49' title='bbox 520 915 770 971; x_wconf 83' lang='lat' dir='ltr'><strong>adloquitur</strong></span> <span class='ocrx_word' id='word_1_50' title='bbox 802 917 844 969; x_wconf 87' lang='grc'><strong>2,</strong></span> <span class='ocrx_word' id='word_1_51' title='bbox 875 917 915 964; x_wconf 85' lang='grc'><strong>3,</strong></span> <span class='ocrx_word' id='word_1_52' title='bbox 945 917 982 956; x_wconf 92' lang='grc'><strong>1.</strong></span> <span class='ocrx_word' id='word_1_53' title='bbox 1043 913 1189 956; x_wconf 87' lang='lat' dir='ltr'><strong>Potest</strong></span> <span class='ocrx_word' id='word_1_54' title='bbox 1217 913 1327 956; x_wconf 80' lang='lat' dir='ltr'><strong>idem</strong></span> <span class='ocrx_word' id='word_1_55' title='bbox 1355 927 1441 956; x_wconf 87' lang='lat' dir='ltr'><strong>esse</strong></span> <span class='ocrx_word' id='word_1_56' title='bbox 1472 912 1725 967; x_wconf 85' lang='lat' dir='ltr'><strong>Cerinthus‚</strong></span> <span class='ocrx_word' id='word_1_57' title='bbox 1759 911 1817 954; x_wconf 82' lang='lat' dir='ltr'><strong>ad</strong></span> <span class='ocrx_word' id='word_1_58' title='bbox 1845 912 1964 954; x_wconf 76' lang='lat' dir='ltr'><strong>cuius</strong></span> 
     </span>
     <span class='ocr_line' id='line_1_11' title="bbox 241 981 1776 1038; baseline -0.001 -13"><span class='ocrx_word' id='word_1_59' title='bbox 241 997 404 1026; x_wconf 85' lang='lat' dir='ltr'><strong>amores</strong></span> <span class='ocrx_word' id='word_1_60' title='bbox 432 986 623 1038; x_wconf 75' lang='lat' dir='ltr'><strong>spectant</strong></span> <span class='ocrx_word' id='word_1_61' title='bbox 651 984 846 1025; x_wconf 79' lang='lat' dir='ltr'><strong>earmina</strong></span> <span class='ocrx_word' id='word_1_62' title='bbox 880 981 1042 1024; x_wconf 66' lang='lat' dir='ltr'><em>Tibulli</em></span> <span class='ocrx_word' id='word_1_63' title='bbox 1067 986 1107 1032; x_wconf 76' lang='lat'><strong>4,</strong></span> <span class='ocrx_word' id='word_1_64' title='bbox 1137 985 1230 1025; x_wconf 88' lang='grc'><strong>2-6</strong></span> <span class='ocrx_word' id='word_1_65' title='bbox 1258 985 1298 1024; x_wconf 89' lang='lat' dir='ltr'><strong>et</strong></span> <span class='ocrx_word' id='word_1_66' title='bbox 1327 981 1546 1036; x_wconf 72' lang='lat' dir='ltr'><strong>Sulpiciae</strong></span> <span class='ocrx_word' id='word_1_67' title='bbox 1573 985 1612 1032; x_wconf 79' lang='lat'><strong>4,</strong></span> <span class='ocrx_word' id='word_1_68' title='bbox 1646 984 1776 1024; x_wconf 82' lang='grc'><strong>7-12.</strong></span> 
     </span>
    </p>
   </div>
   <div class='ocr_carea' id='block_1_6' title="bbox 159 1057 1965 1258">
    <p class='ocr_par' dir='ltr' id='par_1_7' title="bbox 159 1057 1965 1258">
     <span class='ocr_line' id='line_1_12' title="bbox 159 1057 1962 1118; baseline -0.002 -13"><span class='ocrx_word' id='word_1_69' title='bbox 159 1064 269 1105; x_wconf 85' lang='grc'><strong>1234</strong></span> <span class='ocrx_word' id='word_1_70' title='bbox 299 1069 559 1106; x_wconf 85' lang='lat' dir='ltr'><strong>CORNVTVS</strong></span> <span class='ocrx_word' id='word_1_71' title='bbox 589 1070 799 1114; x_wconf 78' lang='lat' dir='ltr'><strong>AQVILA,</strong></span> <span class='ocrx_word' id='word_1_72' title='bbox 839 1062 1008 1117; x_wconf 86' lang='lat' dir='ltr'><strong>legatus</strong></span> <span class='ocrx_word' id='word_1_73' title='bbox 1038 1061 1225 1116; x_wconf 84' lang='lat' dir='ltr'><strong>Augusti</strong></span> <span class='ocrx_word' id='word_1_74' title='bbox 1262 1076 1340 1118; x_wconf 90' lang='lat' dir='ltr'><strong>pro</strong></span> <span class='ocrx_word' id='word_1_75' title='bbox 1371 1076 1436 1117; x_wconf 87' lang='lat' dir='ltr'><strong>pr.</strong></span> <span class='ocrx_word' id='word_1_76' title='bbox 1468 1061 1703 1114; x_wconf 81' lang='lat' dir='ltr'><strong>(Galatiae)</strong></span> <span class='ocrx_word' id='word_1_77' title='bbox 1735 1074 1848 1102; x_wconf 89' lang='lat' dir='ltr'><strong>anno</strong></span> <span class='ocrx_word' id='word_1_78' title='bbox 1880 1057 1962 1102; x_wconf 84' lang='lat'><strong>748</strong></span> 
     </span>
     <span class='ocr_line' id='line_1_13' title="bbox 239 1128 1965 1183; baseline -0.003 -8"><span class='ocrx_word' id='word_1_79' title='bbox 239 1151 296 1166; x_wconf 89' lang='lat'><strong><em>=</em></strong></span> <span class='ocrx_word' id='word_1_80' title='bbox 323 1133 350 1175; x_wconf 88' lang='grc'><strong>6</strong></span> <span class='ocrx_word' id='word_1_81' title='bbox 379 1147 419 1174; x_wconf 86' lang='lat' dir='ltr'><strong>a.</strong></span> <span class='ocrx_word' id='word_1_82' title='bbox 446 1131 496 1176; x_wconf 92' lang='lat' dir='ltr'><strong>C.</strong></span> <span class='ocrx_word' id='word_1_83' title='bbox 526 1132 617 1174; x_wconf 92' lang='lat' dir='ltr'><strong>III</strong></span> <span class='ocrx_word' id='word_1_84' title='bbox 640 1132 687 1175; x_wconf 82' lang='lat' dir='ltr'><strong>S.</strong></span> <span class='ocrx_word' id='word_1_85' title='bbox 718 1134 847 1181; x_wconf 78' lang='lat'><strong><em>6974,</em></strong></span> <span class='ocrx_word' id='word_1_86' title='bbox 886 1131 963 1173; x_wconf 77' lang='lat' dir='ltr'><strong>ubi</strong></span> <span class='ocrx_word' id='word_1_87' title='bbox 999 1130 1156 1172; x_wconf 78' lang='lat' dir='ltr'><strong>editam</strong></span> <span class='ocrx_word' id='word_1_88' title='bbox 1195 1134 1256 1172; x_wconf 84' lang='lat' dir='ltr'><strong>est</strong></span> <span class='ocrx_word' id='word_1_89' title='bbox 1293 1129 1558 1183; x_wconf 82' lang='lat' dir='ltr'><strong>Corn(elio)3</strong></span> <span class='ocrx_word' id='word_1_90' title='bbox 1598 1131 1645 1171; x_wconf 79' lang='lat' dir='ltr'><strong>in</strong></span> <span class='ocrx_word' id='word_1_91' title='bbox 1684 1129 1826 1183; x_wconf 74' lang='lat' dir='ltr'><strong>lapide</strong></span> <span class='ocrx_word' id='word_1_92' title='bbox 1865 1128 1965 1183; x_wconf 78' lang='lat' dir='ltr'><strong>leyit</strong></span> 
     </span>
     <span class='ocr_line' id='line_1_14' title="bbox 240 1196 1962 1258; baseline -0.002 -15"><span class='ocrx_word' id='word_1_93' title='bbox 240 1199 431 1244; x_wconf 86' lang='lat' dir='ltr'><strong>Cornuto</strong></span> <span class='ocrx_word' id='word_1_94' title='bbox 471 1200 646 1243; x_wconf 82' lang='lat' dir='ltr'><strong>Be&#39;rard</strong></span> <span class='ocrx_word' id='word_1_95' title='bbox 682 1199 874 1242; x_wconf 74' lang='lat' dir='ltr'><strong>Balletire.</strong></span> <span class='ocrx_word' id='word_1_96' title='bbox 913 1199 962 1242; x_wconf 85' lang='lat' dir='ltr'><strong>de</strong></span> <span class='ocrx_word' id='word_1_97' title='bbox 1002 1198 1358 1252; x_wconf 75' lang='lat' dir='ltr'><strong>correspondance</strong></span> <span class='ocrx_word' id='word_1_98' title='bbox 1387 1198 1637 1258; x_wconf 56' lang='lat' dir='ltr'><strong>Hellerqiqae</strong></span> <span class='ocrx_word' id='word_1_99' title='bbox 1665 1197 1791 1240; x_wconf 89' lang='lat' dir='ltr'><strong>XVI</strong></span> <span class='ocrx_word' id='word_1_100' title='bbox 1813 1196 1962 1252; x_wconf 87' lang='grc'><strong>(1892)</strong></span> 
     </span>
    </p>
   </div>
   <div class='ocr_carea' id='block_1_7' title="bbox 183 1269 854 1381">
    <p class='ocr_par' dir='ltr' id='par_1_8' title="bbox 183 1269 854 1381">
     <span class='ocr_line' id='line_1_15' title="bbox 237 1269 854 1323; baseline 0 -12"><span class='ocrx_word' id='word_1_101' title='bbox 237 1283 285 1323; x_wconf 75' lang='lat' dir='ltr'><strong>p.</strong></span> <span class='ocrx_word' id='word_1_102' title='bbox 306 1271 392 1312; x_wconf 80' lang='grc'><strong>420</strong></span> <span class='ocrx_word' id='word_1_103' title='bbox 423 1270 478 1323; x_wconf 81' lang='lat' dir='ltr'><strong>cf.</strong></span> <span class='ocrx_word' id='word_1_104' title='bbox 508 1269 598 1312; x_wconf 92' lang='lat' dir='ltr'><strong>III</strong></span> <span class='ocrx_word' id='word_1_105' title='bbox 620 1269 668 1312; x_wconf 81' lang='lat' dir='ltr'><strong>S.</strong></span> <span class='ocrx_word' id='word_1_106' title='bbox 698 1271 854 1312; x_wconf 85' lang='grc'><strong>12217.</strong></span> 
     </span>
     <span class='ocr_line' id='line_1_16' title="bbox 183 1337 821 1381; baseline -0.002 -1"><span class='ocrx_word' id='word_1_107' title='bbox 183 1362 241 1366; x_wconf 88' lang='grc'>-</span> <span class='ocrx_word' id='word_1_108' title='bbox 268 1337 320 1380; x_wconf 93' lang='lat' dir='ltr'><strong>L.</strong></span> <span class='ocrx_word' id='word_1_109' title='bbox 352 1337 559 1380; x_wconf 83' lang='lat' dir='ltr'><strong>Annaeus</strong></span> <span class='ocrx_word' id='word_1_110' title='bbox 589 1337 821 1381; x_wconf 84' lang='lat' dir='ltr'><strong>Cornutus.</strong></span> 
     </span>
    </p>
   </div>
   <div class='ocr_carea' id='block_1_8' title="bbox 158 1411 1994 1948">
    <p class='ocr_par' dir='ltr' id='par_1_9' title="bbox 182 1411 928 1448">
     <span class='ocr_line' id='line_1_17' title="bbox 182 1411 928 1448; baseline 0 0"><span class='ocrx_word' id='word_1_111' title='bbox 182 1430 240 1435; x_wconf 85' lang='grc'><strong>--</strong></span> <span class='ocrx_word' id='word_1_112' title='bbox 267 1412 320 1448; x_wconf 89' lang='grc' dir='ltr'><strong>Μ.</strong></span> <span class='ocrx_word' id='word_1_113' title='bbox 354 1412 618 1448; x_wconf 84' lang='lat' dir='ltr'><strong>CAECILIVS</strong></span> <span class='ocrx_word' id='word_1_114' title='bbox 651 1411 928 1448; x_wconf 78' lang='lat' dir='ltr'><strong>CORNVTVS.</strong></span> 
     </span>
    </p>

    <p class='ocr_par' dir='ltr' id='par_1_10' title="bbox 181 1481 803 1517">
     <span class='ocr_line' id='line_1_18' title="bbox 181 1481 803 1517; baseline 0.003 -2"><span class='ocrx_word' id='word_1_115' title='bbox 181 1498 240 1504; x_wconf 94' lang='lat'><strong>—-</strong></span> <span class='ocrx_word' id='word_1_116' title='bbox 268 1481 495 1517; x_wconf 84' lang='lat' dir='ltr'><strong>FVFICIVS</strong></span> <span class='ocrx_word' id='word_1_117' title='bbox 529 1481 803 1517; x_wconf 86' lang='lat' dir='ltr'><strong>CORNVTVS.</strong></span> 
     </span>
    </p>

    <p class='ocr_par' dir='ltr' id='par_1_11' title="bbox 182 1548 1278 1655">
     <span class='ocr_line' id='line_1_19' title="bbox 182 1548 1278 1586; baseline -0.001 -1"><span class='ocrx_word' id='word_1_118' title='bbox 182 1567 239 1572; x_wconf 89' lang='lat'><strong>·—</strong></span> <span class='ocrx_word' id='word_1_119' title='bbox 268 1549 310 1585; x_wconf 85' lang='lat' dir='ltr'><strong>C.</strong></span> <span class='ocrx_word' id='word_1_120' title='bbox 341 1550 506 1586; x_wconf 88' lang='lat' dir='ltr'><strong>IVLIVS</strong></span> <span class='ocrx_word' id='word_1_121' title='bbox 535 1550 779 1586; x_wconf 86' lang='lat' dir='ltr'><strong>PLANCIVS</strong></span> <span class='ocrx_word' id='word_1_122' title='bbox 809 1549 972 1585; x_wconf 90' lang='lat' dir='ltr'><strong>VARVS</strong></span> <span class='ocrx_word' id='word_1_123' title='bbox 1004 1548 1278 1585; x_wconf 86' lang='lat' dir='ltr'><strong>CORNVTVS.</strong></span> 
     </span>
     <span class='ocr_line' id='line_1_20' title="bbox 182 1617 1141 1655; baseline -0.001 -1"><span class='ocrx_word' id='word_1_124' title='bbox 182 1636 240 1641; x_wconf 92' lang='lat'><strong>—</strong></span> <span class='ocrx_word' id='word_1_125' title='bbox 270 1618 311 1654; x_wconf 90' lang='lat' dir='ltr'><strong>C.</strong></span> <span class='ocrx_word' id='word_1_126' title='bbox 341 1619 507 1654; x_wconf 87' lang='lat' dir='ltr'><strong>IVLIVS</strong></span> <span class='ocrx_word' id='word_1_127' title='bbox 540 1618 798 1655; x_wconf 87' lang='lat' dir='ltr'><strong>CORNVTVS</strong></span> <span class='ocrx_word' id='word_1_128' title='bbox 830 1617 1141 1654; x_wconf 88' lang='lat' dir='ltr'><strong>TERTVLLVS.</strong></span> 
     </span>
    </p>

    <p class='ocr_par' dir='ltr' id='par_1_12' title="bbox 182 1679 1153 1731">
     <span class='ocr_line' id='line_1_21' title="bbox 182 1679 1153 1731; baseline -0.002 -7"><span class='ocrx_word' id='word_1_129' title='bbox 182 1705 239 1711; x_wconf 89' lang='lat'><strong>—</strong></span> <span class='ocrx_word' id='word_1_130' title='bbox 269 1680 318 1724; x_wconf 91' lang='lat' dir='ltr'><strong>C.</strong></span> <span class='ocrx_word' id='word_1_131' title='bbox 349 1681 544 1723; x_wconf 86' lang='lat' dir='ltr'><strong>Licinius</strong></span> <span class='ocrx_word' id='word_1_132' title='bbox 575 1680 793 1724; x_wconf 85' lang='lat' dir='ltr'><strong>Cornutus</strong></span> <span class='ocrx_word' id='word_1_133' title='bbox 825 1679 1113 1725; x_wconf 84' lang='lat' dir='ltr'><strong>Gabinianus.</strong></span> <span class='ocrx_word' id='word_1_134' title='bbox 1150 1728 1153 1731; x_wconf 40' lang='grc'><strong>,</strong></span> 
     </span>
    </p>

    <p class='ocr_par' dir='ltr' id='par_1_13' title="bbox 180 1755 815 1792">
     <span class='ocr_line' id='line_1_22' title="bbox 180 1755 815 1792; baseline 0 -1"><span class='ocrx_word' id='word_1_135' title='bbox 180 1774 239 1779; x_wconf 87' lang='grc'><strong>-</strong></span> <span class='ocrx_word' id='word_1_136' title='bbox 267 1756 509 1791; x_wconf 87' lang='lat' dir='ltr'><strong>MANILIVS</strong></span> <span class='ocrx_word' id='word_1_137' title='bbox 542 1755 815 1792; x_wconf 85' lang='lat' dir='ltr'><strong>CORNVTVS.</strong></span> 
     </span>
    </p>

    <p class='ocr_par' dir='ltr' id='par_1_14' title="bbox 158 1823 1994 1948">
     <span class='ocr_line' id='line_1_23' title="bbox 181 1823 1994 1879; baseline 0.001 -20"><span class='ocrx_word' id='word_1_138' title='bbox 181 1843 238 1847; x_wconf 96' lang='lat'><strong>—</strong></span> <span class='ocrx_word' id='word_1_139' title='bbox 267 1824 311 1862; x_wconf 89' lang='lat' dir='ltr'><strong>L.</strong></span> <span class='ocrx_word' id='word_1_140' title='bbox 343 1824 624 1861; x_wconf 85' lang='lat' dir='ltr'><strong>SERVENIVS</strong></span> <span class='ocrx_word' id='word_1_141' title='bbox 656 1823 929 1861; x_wconf 86' lang='lat' dir='ltr'><strong>CORNVTVS.</strong></span> <span class='ocrx_word' id='word_1_142' title='bbox 1987 1871 1994 1879; x_wconf 42' lang='grc' dir='ltr'>Ι</span> 
     </span>
     <span class='ocr_line' id='line_1_24' title="bbox 158 1888 1962 1948; baseline -0.002 -13"><span class='ocrx_word' id='word_1_143' title='bbox 158 1893 341 1935; x_wconf 75' lang='grc'><strong>1235136</strong></span> <span class='ocrx_word' id='word_1_144' title='bbox 377 1892 619 1947; x_wconf 85' lang='lat' dir='ltr'><strong>Corocotta,</strong></span> <span class='ocrx_word' id='word_1_145' title='bbox 651 1892 762 1935; x_wconf 87' lang='lat' dir='ltr'><strong>latro</strong></span> <span class='ocrx_word' id='word_1_146' title='bbox 779 1894 837 1941; x_wconf 72' lang='lat' dir='ltr'><strong>,in</strong></span> <span class='ocrx_word' id='word_1_147' title='bbox 867 1893 1078 1948; x_wconf 83' lang='lat' dir='ltr'><strong>Hispania</strong></span> <span class='ocrx_word' id='word_1_148' title='bbox 1105 1890 1263 1933; x_wconf 90' lang='lat' dir='ltr'><strong>nobilis</strong></span> <span class='ocrx_word' id='word_1_149' title='bbox 1292 1897 1433 1933; x_wconf 88' lang='lat' dir='ltr'><strong>aetate</strong></span> <span class='ocrx_word' id='word_1_150' title='bbox 1461 1890 1651 1945; x_wconf 86' lang='lat' dir='ltr'><strong>Augusti</strong></span> <span class='ocrx_word' id='word_1_151' title='bbox 1680 1888 1769 1931; x_wconf 71' lang='lat' dir='ltr'><strong>Dio</strong></span> <span class='ocrx_word' id='word_1_152' title='bbox 1798 1891 1864 1939; x_wconf 89' lang='grc'><strong>56,</strong></span> <span class='ocrx_word' id='word_1_153' title='bbox 1895 1892 1962 1930; x_wconf 74' lang='grc'><strong>43.</strong></span> 
     </span>
    </p>
   </div>
   <div class='ocr_carea' id='block_1_9' title="bbox 128 1964 1963 2163">
    <p class='ocr_par' dir='ltr' id='par_1_15' title="bbox 128 1964 1963 2163">
     <span class='ocr_line' id='line_1_25' title="bbox 128 1964 1960 2026; baseline -0.002 -18"><span class='ocrx_word' id='word_1_154' title='bbox 128 1967 266 2026; x_wconf 44' lang='grc' dir='ltr'><strong>ἶ1237</strong></span> <span class='ocrx_word' id='word_1_155' title='bbox 298 1966 563 2022; x_wconf 85' lang='lat' dir='ltr'><strong>(Corvinius)</strong></span> <span class='ocrx_word' id='word_1_156' title='bbox 608 1967 899 2020; x_wconf 83' lang='lat' dir='ltr'><strong>Aemilianus,</strong></span> <span class='ocrx_word' id='word_1_157' title='bbox 947 1972 1202 2022; x_wconf 86' lang='lat' dir='ltr'><strong>procurator</strong></span> <span class='ocrx_word' id='word_1_158' title='bbox 1243 1965 1543 2020; x_wconf 86' lang='lat' dir='ltr'><strong>Augustorum</strong></span> <span class='ocrx_word' id='word_1_159' title='bbox 1588 1964 1858 2019; x_wconf 81' lang='lat' dir='ltr'><strong>(Pannoniae</strong></span> <span class='ocrx_word' id='word_1_160' title='bbox 1902 1964 1960 2004; x_wconf 90' lang='lat' dir='ltr'><strong>in—</strong></span> 
     </span>
     <span class='ocr_line' id='line_1_26' title="bbox 240 2034 1749 2092; baseline 0 -16"><span class='ocrx_word' id='word_1_161' title='bbox 240 2035 442 2090; x_wconf 86' lang='lat' dir='ltr'><strong>ferioris),</strong></span> <span class='ocrx_word' id='word_1_162' title='bbox 473 2042 596 2092; x_wconf 87' lang='lat' dir='ltr'><strong>pater</strong></span> <span class='ocrx_word' id='word_1_163' title='bbox 623 2036 676 2089; x_wconf 78' lang='lat' dir='ltr'><strong>Q.</strong></span> <span class='ocrx_word' id='word_1_164' title='bbox 709 2035 891 2079; x_wconf 88' lang='lat' dir='ltr'><strong>Corvini</strong></span> <span class='ocrx_word' id='word_1_165' title='bbox 923 2035 1149 2078; x_wconf 86' lang='lat' dir='ltr'><strong>Severiani</strong></span> <span class='ocrx_word' id='word_1_166' title='bbox 1176 2035 1266 2077; x_wconf 91' lang='lat' dir='ltr'><strong>III</strong></span> <span class='ocrx_word' id='word_1_167' title='bbox 1284 2037 1400 2078; x_wconf 83' lang='grc'><strong>3281</strong></span> <span class='ocrx_word' id='word_1_168' title='bbox 1431 2038 1460 2076; x_wconf 90' lang='lat' dir='ltr'><strong>t.</strong></span> <span class='ocrx_word' id='word_1_169' title='bbox 1494 2034 1749 2076; x_wconf 78' lang='lat' dir='ltr'><strong>Mursensis.</strong></span> 
     </span>
     <span class='ocr_line' id='line_1_27' title="bbox 157 2107 1963 2163; baseline -0.002 -12"><span class='ocrx_word' id='word_1_170' title='bbox 157 2110 267 2152; x_wconf 85' lang='lat'>1238</span> <span class='ocrx_word' id='word_1_171' title='bbox 296 2109 350 2163; x_wconf 79' lang='lat' dir='ltr'><strong>Q.</strong></span> <span class='ocrx_word' id='word_1_172' title='bbox 381 2109 613 2153; x_wconf 87' lang='lat' dir='ltr'><strong>Corvinius</strong></span> <span class='ocrx_word' id='word_1_173' title='bbox 654 2110 939 2163; x_wconf 86' lang='lat' dir='ltr'><strong>Severianus,</strong></span> <span class='ocrx_word' id='word_1_174' title='bbox 982 2108 1214 2163; x_wconf 85' lang='lat' dir='ltr'><strong>(Corvinii)</strong></span> <span class='ocrx_word' id='word_1_175' title='bbox 1249 2108 1484 2151; x_wconf 88' lang='lat' dir='ltr'><strong>Aemiliani</strong></span> <span class='ocrx_word' id='word_1_176' title='bbox 1521 2107 1637 2150; x_wconf 87' lang='lat' dir='ltr'><strong>filius</strong></span> <span class='ocrx_word' id='word_1_177' title='bbox 1667 2107 1756 2150; x_wconf 91' lang='lat' dir='ltr'><strong>III</strong></span> <span class='ocrx_word' id='word_1_178' title='bbox 1778 2109 1894 2150; x_wconf 85' lang='grc'><strong>3281</strong></span> <span class='ocrx_word' id='word_1_179' title='bbox 1936 2109 1963 2147; x_wconf 90' lang='lat' dir='ltr'><strong>t.</strong></span> 
     </span>
    </p>
   </div>
   <div class='ocr_carea' id='block_1_10' title="bbox 156 2178 1965 2302">
    <p class='ocr_par' dir='ltr' id='par_1_16' title="bbox 156 2178 1965 2302">
     <span class='ocr_line' id='line_1_28' title="bbox 242 2178 495 2220; baseline 0.004 -1"><span class='ocrx_word' id='word_1_180' title='bbox 242 2178 495 2220; x_wconf 77' lang='lat' dir='ltr'><strong>Mursensis.</strong></span> 
     </span>
     <span class='ocr_line' id='line_1_29' title="bbox 156 2244 1965 2302; baseline -0.002 -14"><span class='ocrx_word' id='word_1_181' title='bbox 156 2246 267 2289; x_wconf 82' lang='lat'>1239</span> <span class='ocrx_word' id='word_1_182' title='bbox 297 2245 527 2301; x_wconf 84' lang='lat' dir='ltr'><strong>Corvinus,</strong></span> <span class='ocrx_word' id='word_1_183' title='bbox 560 2247 723 2288; x_wconf 90' lang='lat' dir='ltr'><strong>amicus</strong></span> <span class='ocrx_word' id='word_1_184' title='bbox 748 2246 980 2301; x_wconf 87' lang='lat' dir='ltr'><strong>Iuvenalis,</strong></span> <span class='ocrx_word' id='word_1_185' title='bbox 1003 2246 1059 2288; x_wconf 89' lang='lat' dir='ltr'><strong>ad</strong></span> <span class='ocrx_word' id='word_1_186' title='bbox 1080 2260 1209 2302; x_wconf 91' lang='lat' dir='ltr'><strong>quem</strong></span> <span class='ocrx_word' id='word_1_187' title='bbox 1231 2246 1404 2301; x_wconf 85' lang='lat' dir='ltr'><strong>scripsit</strong></span> <span class='ocrx_word' id='word_1_188' title='bbox 1429 2248 1510 2288; x_wconf 88' lang='lat' dir='ltr'><strong>sat.</strong></span> <span class='ocrx_word' id='word_1_189' title='bbox 1531 2247 1590 2288; x_wconf 94' lang='grc'><strong>12</strong></span> <span class='ocrx_word' id='word_1_190' title='bbox 1609 2245 1774 2300; x_wconf 70' lang='lat' dir='ltr'><strong>(nomen</strong></span> <span class='ocrx_word' id='word_1_191' title='bbox 1784 2244 1965 2298; x_wconf 67' lang='lat' dir='ltr'><strong>ponitur</strong></span> 
     </span>
    </p>
   </div>
   <div class='ocr_carea' id='block_1_11' title="bbox 158 2314 1964 2438">
    <p class='ocr_par' dir='ltr' id='par_1_17' title="bbox 158 2314 1964 2438">
     <span class='ocr_line' id='line_1_30' title="bbox 239 2328 456 2357; baseline 0.009 -2"><span class='ocrx_word' id='word_1_192' title='bbox 239 2328 276 2355; x_wconf 83' lang='lat' dir='ltr'><strong>v.</strong></span> <span class='ocrx_word' id='word_1_193' title='bbox 334 2347 343 2356; x_wconf 90' lang='lat'><strong>.</strong></span> <span class='ocrx_word' id='word_1_194' title='bbox 447 2348 456 2357; x_wconf 91' lang='lat'><strong>.</strong></span> 
     </span>
     <span class='ocr_line' id='line_1_31' title="bbox 158 2314 1964 2438; baseline -0.003 -13"><span class='ocrx_word' id='word_1_195' title='bbox 158 2383 268 2425; x_wconf 82' lang='lat'>1240</span> <span class='ocrx_word' id='word_1_196' title='bbox 299 2314 514 2425; x_wconf 45' lang='lat' dir='ltr'><strong>gofgnus</strong></span> <span class='ocrx_word' id='word_1_197' title='bbox 560 2390 822 2425; x_wconf 89' lang='lat' dir='ltr'><strong>memoratur</strong></span> <span class='ocrx_word' id='word_1_198' title='bbox 871 2389 920 2425; x_wconf 87' lang='lat' dir='ltr'><strong>ut</strong></span> <span class='ocrx_word' id='word_1_199' title='bbox 967 2382 1094 2425; x_wconf 92' lang='lat' dir='ltr'><strong>homo</strong></span> <span class='ocrx_word' id='word_1_200' title='bbox 1140 2381 1300 2425; x_wconf 87' lang='lat' dir='ltr'><strong>nobilis</strong></span> <span class='ocrx_word' id='word_1_201' title='bbox 1343 2383 1571 2438; x_wconf 83' lang='lat' dir='ltr'><strong>prosapiae</strong></span> <span class='ocrx_word' id='word_1_202' title='bbox 1615 2395 1781 2437; x_wconf 89' lang='lat' dir='ltr'><strong>pauper</strong></span> <span class='ocrx_word' id='word_1_203' title='bbox 1824 2379 1964 2421; x_wconf 89' lang='lat' dir='ltr'><strong>factus</strong></span> 
     </span>
    </p>
   </div>
   <div class='ocr_carea' id='block_1_12' title="bbox 159 2450 1962 2785">
    <p class='ocr_par' dir='ltr' id='par_1_18' title="bbox 182 2450 1962 2636">
     <span class='ocr_line' id='line_1_32' title="bbox 238 2450 1876 2505; baseline -0.002 -12"><span class='ocrx_word' id='word_1_204' title='bbox 238 2451 428 2495; x_wconf 76' lang='lat' dir='ltr'><strong>Juvenal.</strong></span> <span class='ocrx_word' id='word_1_205' title='bbox 460 2455 498 2502; x_wconf 86' lang='lat'><strong>1,</strong></span> <span class='ocrx_word' id='word_1_206' title='bbox 530 2454 634 2503; x_wconf 88' lang='grc'><strong>108;</strong></span> <span class='ocrx_word' id='word_1_207' title='bbox 661 2451 827 2494; x_wconf 77' lang='lat' dir='ltr'><strong>videtur</strong></span> <span class='ocrx_word' id='word_1_208' title='bbox 855 2452 988 2505; x_wconf 81' lang='lat' dir='ltr'><strong>faisse</strong></span> <span class='ocrx_word' id='word_1_209' title='bbox 1018 2466 1039 2493; x_wconf 88' lang='lat' dir='ltr'><strong>e</strong></span> <span class='ocrx_word' id='word_1_210' title='bbox 1064 2454 1186 2505; x_wconf 76' lang='lat' dir='ltr'><strong>yente</strong></span> <span class='ocrx_word' id='word_1_211' title='bbox 1215 2450 1391 2493; x_wconf 84' lang='lat' dir='ltr'><strong>Valeria</strong></span> <span class='ocrx_word' id='word_1_212' title='bbox 1420 2451 1476 2504; x_wconf 84' lang='lat' dir='ltr'><strong>ef.</strong></span> <span class='ocrx_word' id='word_1_213' title='bbox 1513 2450 1610 2492; x_wconf 85' lang='lat' dir='ltr'><strong>Tae.</strong></span> <span class='ocrx_word' id='word_1_214' title='bbox 1643 2464 1683 2492; x_wconf 89' lang='lat' dir='ltr'><strong>a.</strong></span> <span class='ocrx_word' id='word_1_215' title='bbox 1713 2452 1779 2499; x_wconf 85' lang='lat'><strong>13,</strong></span> <span class='ocrx_word' id='word_1_216' title='bbox 1809 2451 1876 2490; x_wconf 81' lang='lat'><strong>34.</strong></span> 
     </span>
     <span class='ocr_line' id='line_1_33' title="bbox 182 2529 1962 2572; baseline -0.002 -5"><span class='ocrx_word' id='word_1_217' title='bbox 182 2550 240 2554; x_wconf 95' lang='lat'><strong>—</strong></span> <span class='ocrx_word' id='word_1_218' title='bbox 268 2532 465 2568; x_wconf 87' lang='lat' dir='ltr'><strong>TAVRVS</strong></span> <span class='ocrx_word' id='word_1_219' title='bbox 492 2532 751 2572; x_wconf 87' lang='lat' dir='ltr'><strong>STATILIVS</strong></span> <span class='ocrx_word' id='word_1_220' title='bbox 774 2532 1038 2568; x_wconf 89' lang='lat' dir='ltr'><strong>CORVINIVS</strong></span> <span class='ocrx_word' id='word_1_221' title='bbox 1059 2546 1115 2560; x_wconf 71' lang='grc' dir='ltr'>Ξ</span> <span class='ocrx_word' id='word_1_222' title='bbox 1134 2532 1178 2567; x_wconf 89' lang='grc' dir='ltr'><strong>Τ.</strong></span> <span class='ocrx_word' id='word_1_223' title='bbox 1201 2531 1459 2567; x_wconf 90' lang='lat' dir='ltr'><strong>STATILIVS</strong></span> <span class='ocrx_word' id='word_1_224' title='bbox 1482 2530 1727 2567; x_wconf 87' lang='lat' dir='ltr'><strong>CORVINVS</strong></span> <span class='ocrx_word' id='word_1_225' title='bbox 1752 2529 1962 2565; x_wconf 88' lang='lat' dir='ltr'><strong>TAVRVS·</strong></span> 
     </span>
     <span class='ocr_line' id='line_1_34' title="bbox 182 2600 1187 2636; baseline 0 0"><span class='ocrx_word' id='word_1_226' title='bbox 182 2619 241 2624; x_wconf 91' lang='lat'><strong>—</strong></span> <span class='ocrx_word' id='word_1_227' title='bbox 268 2601 320 2636; x_wconf 90' lang='lat' dir='ltr'><strong>M.</strong></span> <span class='ocrx_word' id='word_1_228' title='bbox 351 2601 604 2636; x_wconf 85' lang='lat' dir='ltr'><strong>VALERIVS</strong></span> <span class='ocrx_word' id='word_1_229' title='bbox 632 2601 896 2636; x_wconf 86' lang='lat' dir='ltr'><strong>MESSALLA</strong></span> <span class='ocrx_word' id='word_1_230' title='bbox 927 2600 1187 2636; x_wconf 85' lang='lat' dir='ltr'><strong>CORVINVS.</strong></span> 
     </span>
    </p>

    <p class='ocr_par' dir='ltr' id='par_1_19' title="bbox 159 2660 1962 2720">
     <span class='ocr_line' id='line_1_35' title="bbox 159 2660 1962 2720; baseline -0.001 -16"><span class='ocrx_word' id='word_1_231' title='bbox 159 2663 263 2704; x_wconf 83' lang='lat'>1241</span> <span class='ocrx_word' id='word_1_232' title='bbox 299 2662 513 2705; x_wconf 87' lang='lat' dir='ltr'><strong>Corvinus</strong></span> <span class='ocrx_word' id='word_1_233' title='bbox 544 2663 681 2717; x_wconf 87' lang='lat' dir='ltr'><strong>Celer,</strong></span> <span class='ocrx_word' id='word_1_234' title='bbox 713 2670 917 2720; x_wconf 85' lang='lat' dir='ltr'><strong>quaestor</strong></span> <span class='ocrx_word' id='word_1_235' title='bbox 938 2663 1119 2705; x_wconf 90' lang='lat' dir='ltr'><strong>Oeensis</strong></span> <span class='ocrx_word' id='word_1_236' title='bbox 1138 2663 1347 2717; x_wconf 76' lang='lat' dir='ltr'><strong>Apuleias</strong></span> <span class='ocrx_word' id='word_1_237' title='bbox 1378 2662 1489 2716; x_wconf 76' lang='lat' dir='ltr'><strong>apol.</strong></span> <span class='ocrx_word' id='word_1_238' title='bbox 1514 2666 1597 2705; x_wconf 89' lang='grc'><strong>101</strong></span> <span class='ocrx_word' id='word_1_239' title='bbox 1615 2677 1666 2716; x_wconf 78' lang='lat' dir='ltr'><strong>p.</strong></span> <span class='ocrx_word' id='word_1_240' title='bbox 1687 2666 1778 2712; x_wconf 86' lang='lat'><strong><em>111,</em></strong></span> <span class='ocrx_word' id='word_1_241' title='bbox 1810 2664 1872 2704; x_wconf 87' lang='grc'><strong>27</strong></span> <span class='ocrx_word' id='word_1_242' title='bbox 1900 2660 1962 2702; x_wconf 78' lang='lat' dir='ltr'><strong>ed.</strong></span> 
     </span>
    </p>

    <p class='ocr_par' dir='ltr' id='par_1_20' title="bbox 242 2731 1579 2785">
     <span class='ocr_line' id='line_1_36' title="bbox 242 2731 1579 2785; baseline 0.001 -13"><span class='ocrx_word' id='word_1_243' title='bbox 242 2731 439 2785; x_wconf 71' lang='lat' dir='ltr'><strong>Krayer;</strong></span> <span class='ocrx_word' id='word_1_244' title='bbox 471 2731 687 2774; x_wconf 87' lang='lat' dir='ltr'><strong>Corvinus</strong></span> <span class='ocrx_word' id='word_1_245' title='bbox 719 2731 917 2774; x_wconf 89' lang='lat' dir='ltr'><strong>Clemens</strong></span> <span class='ocrx_word' id='word_1_246' title='bbox 948 2731 1036 2774; x_wconf 83' lang='lat' dir='ltr'><strong>loco</strong></span> <span class='ocrx_word' id='word_1_247' title='bbox 1066 2731 1322 2784; x_wconf 75' lang='lat' dir='ltr'><strong>interpolato</strong></span> <span class='ocrx_word' id='word_1_248' title='bbox 1344 2745 1390 2784; x_wconf 77' lang='lat' dir='ltr'><strong>p.</strong></span> <span class='ocrx_word' id='word_1_249' title='bbox 1413 2734 1510 2781; x_wconf 90' lang='grc'><strong>112,</strong></span> <span class='ocrx_word' id='word_1_250' title='bbox 1540 2733 1579 2774; x_wconf 85' lang='grc'><strong>5.</strong></span> 
     </span>
    </p>
   </div>
   <div class='ocr_carea' id='block_1_13' title="bbox 159 2809 1963 3071">
    <p class='ocr_par' dir='ltr' id='par_1_21' title="bbox 159 2809 1963 3071">
     <span class='ocr_line' id='line_1_37' title="bbox 159 2809 1963 2869; baseline 0.001 -18"><span class='ocrx_word' id='word_1_251' title='bbox 159 2811 268 2853; x_wconf 89' lang='grc'><strong>1242</strong></span> <span class='ocrx_word' id='word_1_252' title='bbox 300 2809 376 2852; x_wconf 85' lang='grc' dir='ltr'><strong>*Ρ.</strong></span> <span class='ocrx_word' id='word_1_253' title='bbox 407 2816 616 2853; x_wconf 87' lang='lat' dir='ltr'><strong>CORVIVS</strong></span> <span class='ocrx_word' id='word_1_254' title='bbox 645 2818 895 2866; x_wconf 86' lang='lat' dir='ltr'><strong>RVSTICVS,</strong></span> <span class='ocrx_word' id='word_1_255' title='bbox 929 2811 1078 2853; x_wconf 91' lang='lat' dir='ltr'><strong>consul</strong></span> <span class='ocrx_word' id='word_1_256' title='bbox 1109 2810 1340 2869; x_wconf 75' lang='lat' dir='ltr'><strong>(suffectus)</strong></span> <span class='ocrx_word' id='word_1_257' title='bbox 1370 2811 1483 2854; x_wconf 92' lang='lat' dir='ltr'><strong>XVI</strong></span> <span class='ocrx_word' id='word_1_258' title='bbox 1511 2811 1557 2852; x_wconf 83' lang='lat' dir='ltr'><strong>k.</strong></span> <span class='ocrx_word' id='word_1_259' title='bbox 1589 2811 1706 2868; x_wconf 86' lang='lat' dir='ltr'><strong>Sept.</strong></span> <span class='ocrx_word' id='word_1_260' title='bbox 1739 2810 1867 2865; x_wconf 78' lang='lat' dir='ltr'><strong>(armo</strong></span> <span class='ocrx_word' id='word_1_261' title='bbox 1898 2812 1963 2853; x_wconf 78' lang='lat' dir='ltr'><strong>in-</strong></span> 
     </span>
     <span class='ocr_line' id='line_1_38' title="bbox 241 2878 1963 2934; baseline -0.001 -14"><span class='ocrx_word' id='word_1_262' title='bbox 241 2882 352 2921; x_wconf 85' lang='lat' dir='ltr'><strong>certo</strong></span> <span class='ocrx_word' id='word_1_263' title='bbox 372 2882 469 2921; x_wconf 76' lang='lat' dir='ltr'><strong>ante</strong></span> <span class='ocrx_word' id='word_1_264' title='bbox 490 2894 646 2922; x_wconf 81' lang='lat' dir='ltr'><strong>armwm</strong></span> <span class='ocrx_word' id='word_1_265' title='bbox 665 2880 749 2934; x_wconf 84' lang='lat'><strong>79).</strong></span> <span class='ocrx_word' id='word_1_266' title='bbox 783 2880 856 2923; x_wconf 76' lang='lat' dir='ltr'><strong>Sic</strong></span> <span class='ocrx_word' id='word_1_267' title='bbox 875 2881 1050 2923; x_wconf 75' lang='lat' dir='ltr'><strong>nomina</strong></span> <span class='ocrx_word' id='word_1_268' title='bbox 1064 2879 1275 2934; x_wconf 72' lang='lat' dir='ltr'><strong>Boryhesz&#39;</strong></span> <span class='ocrx_word' id='word_1_269' title='bbox 1293 2880 1339 2921; x_wconf 76' lang='lat' dir='ltr'><strong>in</strong></span> <span class='ocrx_word' id='word_1_270' title='bbox 1360 2879 1481 2922; x_wconf 81' lang='lat' dir='ltr'><strong>titulo</strong></span> <span class='ocrx_word' id='word_1_271' title='bbox 1500 2879 1761 2934; x_wconf 74' lang='lat' dir='ltr'><strong>Pompeiano</strong></span> <span class='ocrx_word' id='word_1_272' title='bbox 1779 2878 1963 2933; x_wconf 71' lang='lat' dir='ltr'><strong>yraphio</strong></span> 
     </span>
     <span class='ocr_line' id='line_1_39' title="bbox 241 2947 1960 3003; baseline 0.001 -15"><span class='ocrx_word' id='word_1_273' title='bbox 241 2950 419 2989; x_wconf 77' lang='lat' dir='ltr'><strong>exarato</strong></span> <span class='ocrx_word' id='word_1_274' title='bbox 437 2948 517 2990; x_wconf 89' lang='lat' dir='ltr'><strong>IV</strong></span> <span class='ocrx_word' id='word_1_275' title='bbox 529 2950 636 2991; x_wconf 78' lang='lat'><strong><em>1554</em></strong></span> <span class='ocrx_word' id='word_1_276' title='bbox 657 2949 874 3003; x_wconf 63' lang='lat' dir='ltr'><strong>agnovisse</strong></span> <span class='ocrx_word' id='word_1_277' title='bbox 898 2949 983 2991; x_wconf 77' lang='lat' dir='ltr'><strong>sibi</strong></span> <span class='ocrx_word' id='word_1_278' title='bbox 1010 2949 1123 2990; x_wconf 79' lang='lat' dir='ltr'><strong>visas</strong></span> <span class='ocrx_word' id='word_1_279' title='bbox 1154 2951 1237 2999; x_wconf 88' lang='lat' dir='ltr'><strong>est;</strong></span> <span class='ocrx_word' id='word_1_280' title='bbox 1265 2948 1340 2990; x_wconf 86' lang='lat' dir='ltr'><strong>sed</strong></span> <span class='ocrx_word' id='word_1_281' title='bbox 1358 2948 1524 2991; x_wconf 81' lang='lat' dir='ltr'><strong>litterae</strong></span> <span class='ocrx_word' id='word_1_282' title='bbox 1544 2949 1758 3003; x_wconf 72' lang='lat' dir='ltr'><strong>pessimae</strong></span> <span class='ocrx_word' id='word_1_283' title='bbox 1778 2948 1849 3003; x_wconf 80' lang='lat' dir='ltr'><strong>(ef.</strong></span> <span class='ocrx_word' id='word_1_284' title='bbox 1874 2947 1960 2989; x_wconf 85' lang='lat' dir='ltr'><strong>tab.</strong></span> 
     </span>
     <span class='ocr_line' id='line_1_40' title="bbox 241 3015 1822 3071; baseline 0.001 -13"><span class='ocrx_word' id='word_1_285' title='bbox 241 3015 340 3058; x_wconf 89' lang='lat' dir='ltr'><strong>XV</strong></span> <span class='ocrx_word' id='word_1_286' title='bbox 356 3015 397 3070; x_wconf 85' lang='lat'><strong>1)</strong></span> <span class='ocrx_word' id='word_1_287' title='bbox 426 3017 602 3058; x_wconf 76' lang='lat' dir='ltr'><strong>nomina</strong></span> <span class='ocrx_word' id='word_1_288' title='bbox 631 3017 846 3059; x_wconf 74' lang='lat' dir='ltr'><strong>consulum</strong></span> <span class='ocrx_word' id='word_1_289' title='bbox 875 3031 926 3059; x_wconf 78' lang='lat' dir='ltr'><strong>ne</strong></span> <span class='ocrx_word' id='word_1_290' title='bbox 948 3017 1234 3071; x_wconf 59' lang='lat' dir='ltr'><strong>probabiliter</strong></span> <span class='ocrx_word' id='word_1_291' title='bbox 1263 3017 1428 3070; x_wconf 70' lang='lat' dir='ltr'><strong>quidem</strong></span> <span class='ocrx_word' id='word_1_292' title='bbox 1455 3021 1640 3060; x_wconf 79' lang='lat' dir='ltr'><strong>statuere</strong></span> <span class='ocrx_word' id='word_1_293' title='bbox 1666 3018 1822 3060; x_wconf 73' lang='lat' dir='ltr'><strong>sinant.</strong></span> 
     </span>
    </p>
   </div>
   <div class='ocr_carea' id='block_1_14' title="bbox 160 3095 1608 3151">
    <p class='ocr_par' dir='ltr' id='par_1_22' title="bbox 160 3095 1608 3151">
     <span class='ocr_line' id='line_1_41' title="bbox 160 3095 1608 3151; baseline 0.002 -14"><span class='ocrx_word' id='word_1_294' title='bbox 160 3096 269 3138; x_wconf 87' lang='lat'>1243</span> <span class='ocrx_word' id='word_1_295' title='bbox 301 3095 482 3151; x_wconf 88' lang='lat' dir='ltr'><strong>Corvus,</strong></span> <span class='ocrx_word' id='word_1_296' title='bbox 514 3095 660 3138; x_wconf 89' lang='lat' dir='ltr'><strong>rhetor</strong></span> <span class='ocrx_word' id='word_1_297' title='bbox 688 3103 828 3139; x_wconf 85' lang='lat' dir='ltr'><strong>aetate</strong></span> <span class='ocrx_word' id='word_1_298' title='bbox 859 3097 1049 3151; x_wconf 84' lang='lat' dir='ltr'><strong>Augusti</strong></span> <span class='ocrx_word' id='word_1_299' title='bbox 1079 3096 1241 3140; x_wconf 77' lang='lat' dir='ltr'><strong>Seneca</strong></span> <span class='ocrx_word' id='word_1_300' title='bbox 1269 3110 1432 3141; x_wconf 78' lang='lat' dir='ltr'><strong>suasor.</strong></span> <span class='ocrx_word' id='word_1_301' title='bbox 1461 3101 1505 3148; x_wconf 90' lang='grc'><strong>2,</strong></span> <span class='ocrx_word' id='word_1_302' title='bbox 1535 3100 1608 3141; x_wconf 90' lang='grc'><strong>21.</strong></span> 
     </span>
    </p>
   </div>
   <div class='ocr_carea' id='block_1_15' title="bbox 159 3175 1964 3424">
    <p class='ocr_par' dir='ltr' id='par_1_23' title="bbox 159 3175 1964 3424">
     <span class='ocr_line' id='line_1_42' title="bbox 159 3175 1964 3233; baseline 0 -16"><span class='ocrx_word' id='word_1_303' title='bbox 159 3176 270 3217; x_wconf 89' lang='grc'><strong>1244</strong></span> <span class='ocrx_word' id='word_1_304' title='bbox 301 3175 515 3231; x_wconf 83' lang='lat' dir='ltr'><strong>Coryllus,</strong></span> <span class='ocrx_word' id='word_1_305' title='bbox 548 3191 627 3218; x_wconf 82' lang='lat' dir='ltr'><strong>rex</strong></span> <span class='ocrx_word' id='word_1_306' title='bbox 648 3176 892 3221; x_wconf 83' lang='lat' dir='ltr'><strong>Gothorum</strong></span> <span class='ocrx_word' id='word_1_307' title='bbox 920 3184 1018 3233; x_wconf 88' lang='lat' dir='ltr'><strong>post</strong></span> <span class='ocrx_word' id='word_1_308' title='bbox 1043 3176 1315 3219; x_wconf 87' lang='lat' dir='ltr'><strong>Comosicum</strong></span> <span class='ocrx_word' id='word_1_309' title='bbox 1343 3179 1390 3219; x_wconf 89' lang='lat' dir='ltr'><strong>in</strong></span> <span class='ocrx_word' id='word_1_310' title='bbox 1409 3178 1549 3220; x_wconf 81' lang='lat' dir='ltr'><strong>Dacia</strong></span> <span class='ocrx_word' id='word_1_311' title='bbox 1574 3192 1653 3233; x_wconf 89' lang='lat' dir='ltr'><strong>per</strong></span> <span class='ocrx_word' id='word_1_312' title='bbox 1674 3176 1964 3233; x_wconf 87' lang='lat' dir='ltr'><strong>quadraginta</strong></span> 
     </span>
     <span class='ocr_line' id='line_1_43' title="bbox 242 3244 1962 3301; baseline 0 -15"><span class='ocrx_word' id='word_1_313' title='bbox 242 3258 378 3286; x_wconf 86' lang='lat' dir='ltr'><strong>annos</strong></span> <span class='ocrx_word' id='word_1_314' title='bbox 409 3245 499 3285; x_wconf 85' lang='lat' dir='ltr'><strong>suis</strong></span> <span class='ocrx_word' id='word_1_315' title='bbox 528 3245 730 3299; x_wconf 86' lang='lat' dir='ltr'><strong>gentibus</strong></span> <span class='ocrx_word' id='word_1_316' title='bbox 760 3246 991 3300; x_wconf 87' lang='lat' dir='ltr'><strong>imperavit</strong></span> <span class='ocrx_word' id='word_1_317' title='bbox 1019 3245 1195 3289; x_wconf 78' lang='lat' dir='ltr'><strong>Iordan.</strong></span> <span class='ocrx_word' id='word_1_318' title='bbox 1225 3245 1319 3288; x_wconf 78' lang='lat' dir='ltr'><strong>Get.</strong></span> <span class='ocrx_word' id='word_1_319' title='bbox 1338 3248 1408 3296; x_wconf 92' lang='grc'><strong>12,</strong></span> <span class='ocrx_word' id='word_1_320' title='bbox 1431 3249 1485 3288; x_wconf 82' lang='lat'><strong>73</strong></span> <span class='ocrx_word' id='word_1_321' title='bbox 1494 3260 1508 3297; x_wconf 90' lang='grc'><strong>,·</strong></span> <span class='ocrx_word' id='word_1_322' title='bbox 1547 3244 1768 3301; x_wconf 81' lang='lat' dir='ltr'><strong>Scoryllus</strong></span> <span class='ocrx_word' id='word_1_323' title='bbox 1799 3244 1962 3299; x_wconf 76' lang='lat' dir='ltr'><strong>proba-</strong></span> 
     </span>
     <span class='ocr_line' id='line_1_44' title="bbox 241 3312 1961 3370; baseline 0 -16"><span class='ocrx_word' id='word_1_324' title='bbox 241 3312 382 3355; x_wconf 77' lang='lat' dir='ltr'><strong>biliter</strong></span> <span class='ocrx_word' id='word_1_325' title='bbox 402 3313 576 3355; x_wconf 74' lang='lat' dir='ltr'><strong>coniecit</strong></span> <span class='ocrx_word' id='word_1_326' title='bbox 589 3313 645 3355; x_wconf 90' lang='lat' dir='ltr'><strong>A.</strong></span> <span class='ocrx_word' id='word_1_327' title='bbox 666 3327 747 3356; x_wconf 78' lang='lat' dir='ltr'><strong>von</strong></span> <span class='ocrx_word' id='word_1_328' title='bbox 764 3312 1015 3356; x_wconf 71' lang='lat' dir='ltr'><strong>Gutschmz‘d</strong></span> <span class='ocrx_word' id='word_1_329' title='bbox 1032 3313 1184 3356; x_wconf 79' lang='lat' dir='ltr'><strong>collato</strong></span> <span class='ocrx_word' id='word_1_330' title='bbox 1204 3313 1416 3357; x_wconf 78' lang='lat' dir='ltr'><strong>Frontino</strong></span> <span class='ocrx_word' id='word_1_331' title='bbox 1440 3317 1565 3357; x_wconf 85' lang='lat' dir='ltr'><strong>strat.</strong></span> <span class='ocrx_word' id='word_1_332' title='bbox 1581 3317 1620 3365; x_wconf 86' lang='lat'><strong>1,</strong></span> <span class='ocrx_word' id='word_1_333' title='bbox 1636 3318 1704 3365; x_wconf 86' lang='lat'><strong>10,</strong></span> <span class='ocrx_word' id='word_1_334' title='bbox 1719 3317 1747 3356; x_wconf 79' lang='lat'><strong><em>4</em></strong></span> <span class='ocrx_word' id='word_1_335' title='bbox 1765 3312 1961 3370; x_wconf 87' lang='lat' dir='ltr'><strong>‘Scorylo</strong></span> 
     </span>
     <span class='ocr_line' id='line_1_45' title="bbox 243 3380 618 3424; baseline 0 -1"><span class='ocrx_word' id='word_1_336' title='bbox 243 3380 335 3423; x_wconf 85' lang='lat' dir='ltr'><strong>dux</strong></span> <span class='ocrx_word' id='word_1_337' title='bbox 364 3381 618 3424; x_wconf 84' lang='lat' dir='ltr'><strong>Dacorum².</strong></span> 
     </span>
    </p>
   </div>
  </div>
 </body>
</html>
