2202 3730
125 276 363 313 COCCEIVS
986 274 1070 316 429
1683 282 1922 319 COCCEIVS

289 406 440 450 Omnis
471 408 607 450 divini
638 409 903 466 humanique
932 411 1038 452 iuris
1069 412 1207 454 sciens
1233 412 1332 454 Tac.
1359 426 1398 454 a.
1430 415 1468 463 6,
1499 415 1558 456 26
1567 426 1581 464 ,·
1608 413 1788 456 scientia
1817 415 1924 456 iuris

203 475 381 518 illustris
420 476 622 522 Frontin.
662 478 688 520 l.
721 478 747 520 l.
814 478 938 521 Ateio
981 479 1180 535 Capitoni
1221 480 1438 522 Masurius
1478 480 1666 524 Sabinus
1705 483 1922 536 successit,

202 544 395 587 Labeoni
435 545 603 600 Nerva,
643 547 718 602 qui
756 546 899 588 adhuc
938 562 1009 589 eas
1048 547 1336 590 dissensiones
1366 555 1586 592 auxerunt
1615 548 1790 602 (scilieet
1819 565 1926 604 quae

200 613 372 666 fuerant
395 615 506 656 inter
527 613 771 668 Capitonem
791 618 831 657 et
849 616 1103 671 Labeonem)
1124 616 1384 671 Pomponius
1414 618 1441 660 l.
1473 618 1500 660 l.
1557 618 1728 661 Gitatur
1757 634 1785 661 a
1812 618 1926 662 Gaio

200 682 297 724 inst.
324 685 369 732 2,
400 684 465 724 15.
496 685 576 724 195
583 696 596 733 ;
633 686 672 733 3,
703 686 783 725 133
811 687 852 726 et
880 685 1044 737 passim
1074 685 1120 727 in
1148 684 1336 739 Digestis
1366 687 1420 740 ef.
1453 687 1593 737 Lenel,
1625 686 1926 742 Palinqenesia

203 750 234 791 Ι
250 764 298 803 p.
322 752 414 793 789.
443 775 501 779 —
530 750 635 791 Divi
665 750 838 793 Nervae
868 767 975 794 avus
1003 752 1203 795 Frontin.
1235 753 1260 795 l.
1294 753 1320 795 l.

115 817 198 859 973
233 819 302 870 (Μ.
329 820 586 872 COCCEIVS)
607 824 791 873 NERVA,
823 820 918 862 iure
938 820 1170 876 consultus,
1203 828 1326 877 pater
1355 822 1638 878 imperatoris.
1684 823 1818 878 Apud
1833 825 1927 875 iure

203 886 412 928 consultos
439 900 600 940 semper
630 886 787 929 dieitur
815 888 962 930 Nerva
989 888 1118 943 filius,
1149 889 1310 932 scilieet
1337 890 1454 944 filius
1483 891 1572 933 eius
1599 892 1674 944 qui
1692 892 1926 946 praeeedit.

200 954 372 996 Nervae
392 954 550 1009 (patri)
572 957 777 997 successit
797 956 1020 1012 Proculus,
1052 956 1136 999 fuit
1165 957 1316 1000 eodem
1347 964 1539 1015 tempore
1569 965 1612 1001 et
1638 959 1783 1002 Nerva
1810 959 1926 1002 filius

203 1023 463 1077 Pomponius
492 1023 655 1078 Diyest.
684 1027 716 1075 1,
738 1028 780 1075 2,
803 1029 847 1077 2,
867 1027 938 1070 52.
984 1025 1140 1068 Aetate
1169 1041 1380 1069 annorum
1407 1027 1554 1069 decem
1586 1034 1628 1070 et
1658 1035 1822 1084 septem
1852 1044 1929 1081 aut

203 1091 331 1148 paulo
371 1093 535 1134 maiore
576 1092 714 1134 fertur
752 1093 902 1136 Nerva
939 1093 1054 1136 filius
1094 1101 1136 1137 et
1175 1094 1351 1151 publice
1391 1095 1445 1137 de
1483 1096 1576 1138 iure
1616 1098 1927 1153 responsitasse

207 1160 419 1215 leianus
447 1160 611 1215 Diyest.
643 1165 684 1211 3,
714 1165 752 1214 1,
778 1165 817 1212 1,
843 1166 882 1204 3.
934 1163 1068 1205 Liber
1097 1164 1188 1205 eius
1218 1163 1273 1206 de
1303 1164 1639 1220 usucapionibus
1668 1171 1929 1206 memoratur

205 1244 233 1271 a
262 1229 507 1283 Papiniano
538 1229 701 1284 Diyest.
728 1234 794 1282 41,
815 1235 858 1281 2,
878 1235 944 1275 47.
1004 1231 1175 1274 Citatur
1203 1233 1374 1286 saep-ius
1402 1234 1449 1275 in
1477 1233 1668 1288 Diyestis
1698 1234 1752 1286 ef.
1784 1233 1927 1284 Lenel,

205 1298 507 1352 Palinyenesia
535 1298 570 1340 I
589 1313 631 1352 p.
651 1301 745 1345 791.

297 1366 418 1420 Quod
435 1365 622 1421 Prosper
637 1370 739 1421 post
758 1367 946 1410 consules
966 1369 1071 1410 anni
1089 1370 1145 1410 38
1166 1366 1296 1419 affert
1315 1367 1542 1410 Publicola
1563 1375 1606 1411 et
1624 1369 1784 1423 Nerva,
1806 1369 1931 1411 multi

207 1448 276 1478 eos
305 1434 492 1477 consules
519 1433 715 1486 suffectos
745 1449 784 1480 a.
807 1439 861 1478 40
887 1439 926 1478 et
948 1435 1135 1478 Nervam
1163 1436 1273 1478 hune
1302 1437 1435 1489 fuisse
1457 1440 1629 1491 patrem
1660 1438 1929 1491 imperatoris

59 1549 69 1557 ,
121 1542 126 1547 .
207 1506 479 1558 putaverunt.
538 1503 601 1545 At
634 1503 820 1558 Prosper
852 1519 993 1548 errore
1026 1505 1165 1547 nescio
1192 1505 1302 1547 unde
1333 1508 1424 1547 orto
1456 1505 1643 1548 consules
1672 1520 1711 1547 a.
1744 1508 1828 1547 718
1857 1507 1928 1560 (ef.

206 1586 248 1617 n.
272 1572 372 1626 971)
401 1572 604 1626 repetivit.

123 1642 208 1684 974
236 1648 288 1684 Μ.
321 1646 560 1682 GOCGEIVS
591 1646 764 1683 NERVA
784 1661 840 1676 Ξ
860 1648 961 1684 ΙΜΡ.
983 1648 1163 1696 NERVA·
1187 1648 1384 1684 CAESAR
1412 1648 1682 1684 AVGVSTVS.
1729 1642 1931 1685 Privatus

205 1710 354 1765 posuit
382 1712 411 1751 t.
443 1709 612 1753 Sentini
630 1710 711 1752 XI
720 1713 852 1753 5743:
880 1710 939 1754 M.
963 1710 1170 1753 Cocceius
1203 1710 1276 1765 [M.
1303 1711 1333 1754 f.
1364 1710 1538 1765 Nerva]‚
1571 1725 1723 1766 augur,
1757 1711 1930 1766 sodal[is

210 1778 425 1834 August.]‚
459 1778 656 1835 [praetor,
689 1779 907 1835 quaestor]
940 1778 1046 1834 urb„
1068 1779 1204 1822 VIvir
1225 1779 1407 1834 turma[e
1430 1794 1496 1836 eq.
1518 1779 1584 1834 R.]
1618 1813 1627 1822 .
1646 1813 1654 1821 .
1671 1813 1680 1822 .
1699 1813 1736 1834 .,
1769 1779 1930 1835 [salius]

210 1847 363 1902 Palat„
395 1846 748 1903 triumphalib[us
779 1848 1056 1903 ornamentis]
1086 1847 1333 1901 honoratus,
1367 1848 1605 1904 patron[us]
1637 1881 1760 1891 .....

294 1916 350 1958 In
371 1915 591 1958 consulatu
612 1916 756 1970 primo
778 1916 866 1958 tria
883 1917 1057 1959 nomina
1078 1917 1225 1971 posita
1246 1920 1343 1958 sunt
1363 1916 1431 1959 VI
1443 1919 1565 1967 1984,
1595 1917 1645 1959 Χ
1659 1920 1781 1959 4734.
1811 1920 1929 1968 5405,

141 1996 153 1999 ’
211 1986 256 2026 in
277 1985 408 2027 altero
434 1983 503 2026 VI
515 1987 611 2027 621.
659 1984 788 2026 Alias
809 1988 987 2039 praeter
1015 1985 1183 2027 titulum
1205 1999 1465 2039 praenomen
1494 1999 1578 2027 non
1604 1986 1792 2039 ponitur,
1825 1985 1932 2028 Coc-

211 2053 330 2094 ceius
359 2053 506 2095 Nerva
534 2054 619 2095 sive
648 2054 795 2095 Nerva
825 2054 941 2108 apud
967 2055 1206 2108 scriptores.

295 2121 440 2163 Filius
467 2122 556 2164 sine
587 2121 712 2164 dubio
734 2122 801 2164 M.
824 2122 989 2165 Coeeeii
1010 2122 1177 2165 Nervae
1205 2137 1246 2167 n.
1269 2126 1368 2174 973;
1396 2129 1533 2165 mater
1554 2122 1707 2177 Sergia
1728 2122 1933 2164 Laenatis

210 2191 239 2234 f.
270 2189 473 2233 Plautilla
501 2189 692 2240 Bessan,
724 2191 860 2233 Inser.
891 2190 964 2233 sel.
985 2193 1084 2234 281.
1136 2190 1385 2233 Nobilitatis
1420 2191 1588 2233 mediae
1616 2191 1798 2245 Eutrop.
1824 2193 1864 2241 8,
1893 2194 1929 2244 1,

211 2259 464 2310 Narniensis
496 2258 636 2300 Victor
662 2256 778 2302 Caes,
808 2262 878 2309 12,
909 2259 1109 2312 Epitome
1138 2262 1207 2302 12.
1264 2258 1402 2300 Natus
1434 2265 1498 2301 est
1528 2258 1597 2300 die
1626 2259 1652 2301 8
1683 2274 1817 2301 mens.
1845 2258 1932 2300 No·
1999 2278 2002 2281 ·

213 2327 402 2370 vembris
427 2328 534 2381 fasti
553 2326 771 2369 Philoeali
794 2330 834 2369 et
855 2326 987 2369 Siluii
1005 2328 1039 2369 Ι
1043 2327 1059 2351 2
1082 2342 1131 2382 p.
1152 2331 1248 2371 276.
1279 2331 1377 2377 277,
1411 2341 1522 2369 anno
1551 2327 1641 2381 fere
1659 2330 1713 2370 35
1741 2342 1778 2372 v.
1800 2327 1932 2380 infra.

213 2397 348 2440 VIvir
384 2396 577 2452 equitum
606 2395 671 2449 R„
705 2402 908 2451 quaestor
941 2394 1133 2438 urbanus
1173 2396 1237 2437 tit.
1298 2397 1477 2438 Praetor
1507 2395 1757 2451 designatus
1785 2411 1823 2438 a.
1855 2396 1933 2448 653

213 2465 508 2508 coniuratione
529 2464 761 2506 Pisoniana
782 2463 951 2506 detecta
972 2471 1014 2506 et
1032 2465 1185 2520 punita
1199 2464 1315 2506 Nero
1338 2478 1435 2505 eum
1456 2463 1789 2520 triumphalibus
1811 2479 1933 2506 orna-

212 2535 368 2577 mentis
400 2533 628 2575 honoravit
655 2533 718 2574 ita
747 2532 971 2583 extollens,
1003 2540 1050 2574 ut
1076 2547 1206 2589 super
1225 2532 1506 2588 triumphales
1532 2534 1578 2574 in
1607 2533 1699 2574 foro
1727 2533 1935 2587 imagines

214 2602 330 2659 apud
362 2601 576 2644 Palatium
612 2600 799 2656 effigiem
839 2602 930 2643 eius
971 2602 1140 2643 sisteret
1175 2602 1273 2644 Tae.
1307 2616 1347 2645 a.
1378 2604 1444 2651 15,
1478 2604 1536 2644 72
1565 2602 1620 2655 ef.
1649 2601 1711 2645 tit.
1770 2600 1934 2642 Neroni

219 2672 477 2714 coniunctus
499 2677 592 2712 erat
615 2670 770 2712 studiis
790 2671 993 2726 poeticis3
1013 2670 1128 2712 Nero
1156 2671 1201 2711 in
1221 2669 1482 2711 carminibus
1505 2684 1604 2712 eum
1626 2668 1848 2712 Tibullum
1868 2670 1935 2711 sui

215 2740 418 2796 temporis
438 2740 737 2781 nominaverat
754 2739 955 2781 Martial.
975 2742 1015 2789 8,
1040 2742 1116 2790 70,·
1136 2742 1175 2789 9,
1196 2742 1255 2782 26
1276 2739 1329 2792 ef.
1347 2738 1467 2781 Plin.
1489 2739 1607 2793 epist.
1626 2741 1666 2789 5,
1687 2741 1726 2788 3,
1750 2737 1790 2781 5.
1820 2737 1936 2780 Ante

213 2807 483 2851 consulatum
513 2821 665 2862 augur,
698 2807 856 2850 sodalis
886 2807 1155 2862 Augustalis,
1187 2806 1317 2849 salius
1348 2806 1572 2849 Palatinus
1603 2807 1666 2849 tit.
1725 2806 1886 2849 Consul
1915 2807 1938 2848 I

216 2892 316 2919 cum
346 2877 604 2932 imperatore
623 2876 891 2932 Vespasiano
921 2876 989 2918 III
1018 2891 1055 2920 a.
1079 2876 1144 2930 71,
1178 2874 1328 2917 consul
1349 2876 1395 2918 Π
1424 2891 1462 2918 a.
1483 2875 1539 2918 90
1561 2890 1661 2917 cum
1681 2875 1939 2930 imperatore

215 2946 466 2988 Domitiano
496 2944 584 2986 XV
613 2944 730 2998 fasti.
792 2943 883 2987 Sub
920 2944 1170 2986 Domitiano
1212 2943 1578 2986 calumniantibus
1609 2943 1936 2996 mathematicis,

219 3013 333 3070 quod
362 3013 604 3068 genituram
634 3013 952 3068 imperatoriam
988 3012 1191 3066 haberet,
1234 3012 1278 3052 in
1313 3025 1530 3053 summum
1558 3011 1789 3054 discrimen
1818 3011 1941 3053 venit

218 3082 306 3125 Dio
327 3085 392 3135 67,
415 3084 481 3124 15.
526 3081 566 3123 A
588 3081 837 3123 Domitiano
859 3081 1097 3123 Tarentum
1118 3079 1332 3133 relegatus
1353 3079 1607 3123 Philostrat.
1628 3079 1699 3121 vit.
1719 3078 1942 3133 Apollonii

218 3154 256 3201 7,
289 3153 329 3200 8,
361 3153 388 3192 1
418 3150 472 3204 ef.
506 3152 546 3200 8,
579 3152 617 3200 7,
648 3152 701 3191 34
727 3163 826 3203 sqq„
860 3150 929 3191 eui
955 3150 1027 3191 vix
1052 3148 1156 3203 fides
1185 3147 1378 3190 habenda
1408 3151 1481 3191 est.
1541 3148 1728 3190 Prorsus
1759 3147 1940 3189 absurde

226 3219 368 3262 Victor
398 3217 514 3260 Caes.
548 3220 606 3260 12
632 3218 766 3271 refert
800 3232 896 3259 eum
932 3218 1171 3259 Domitiani
1210 3223 1327 3259 metu
1355 3216 1412 3259 ad
1443 3217 1667 3273 Sequanos
1697 3215 1941 3270 confugisse

220 3287 368 3344 ibique
398 3287 626 3342 imperium
657 3285 836 3328 arbitrio
866 3286 1085 3341 legionum
1116 3286 1360 3341 sumpsisse.

306 3356 538 3411 Postquam
570 3355 845 3397 Domitianus
877 3354 916 3396 d.
952 3355 1003 3396 18
1038 3355 1197 3396 mensis
1227 3353 1492 3410 Septembris
1523 3369 1560 3395 a.
1592 3354 1647 3395 96
1679 3354 1843 3395 occisus
1875 3358 1940 3393 est
