2202 3730
304 299 476 336 CATIVS
1153 287 1237 328 322
1950 291 2098 328 CATIA

470 428 526 470 Iu
563 425 802 468 consulatu:
837 423 969 478 plena
1005 423 1179 465 nomina
1216 425 1361 464 extant
1400 421 1468 464 VI
1489 423 1619 472 1984,
1661 420 1791 464 Silius
1821 421 2020 464 Frontiu.
2052 420 2101 463 de

383 497 504 550 aquis
533 497 628 544 102,
672 492 804 535 Silius
834 491 1009 533 Italicus
1039 491 1238 545 Prosper,
1272 493 1450 532 ceterum
1484 489 1659 531 Italicus
1690 490 1807 543 fasti.
1837 513 1894 520 —
1922 487 2100 531 Italicus

386 565 429 605 in
460 561 663 612 nummis,·
703 559 835 602 Silius
864 559 1039 601 Italicus
1071 559 1188 612 apud
1221 558 1424 608 Tacitum,
1457 557 1651 600 Plinium
1680 561 1719 600 et
1746 558 1793 600 in
1822 556 2007 599 codicum
2035 557 2100 599 in-

384 630 682 684 scriptionibus
713 627 996 677 Punicorum:
1028 626 1158 669 Silius
1190 626 1306 681 apud
1335 626 1598 676 Martialem,
1630 629 1808 668 ceterum
1833 626 2022 670 Italicus.

470 696 630 740 Consul
662 710 773 737 anno
805 696 858 738 68
899 695 1006 749 fasti
1039 695 1093 748 ef.
1124 695 1236 737 Pan.
1268 695 1386 748 epist.
1417 697 1456 745 3,
1489 697 1526 745 7,
1558 697 1597 736 9.
1627 697 1694 744 10,
1736 694 1936 736 Martial.
1969 695 2098 748 epiyr.

385 770 423 817 7,
456 769 520 815 63,
554 768 603 816 9,·
629 767 668 815 8,
698 767 762 806 66.
824 763 914 806 Sub
952 763 1124 804 Nerone
1164 762 1423 805 credebatur
1461 768 1613 818 sponte
1652 775 1896 817 accusasse,
1942 761 2016 804 sed
2055 763 2100 803 in

385 833 549 876 Vitellii
590 832 776 874 amicitia
818 832 1034 887 sapienter
1074 845 1118 872 se
1159 836 1202 872 et
1241 831 1419 872 comiter
1454 836 1646 884 gesserat
1673 829 1793 874 Ptin.
1823 830 1851 872 l.
1883 830 1909 872 l.
1937 830 1969 885 ἕ
1997 833 2047 881 3,·
2075 845 2103 872 a

383 900 558 944 Vitellio
600 914 747 942 11161186
788 899 1021 941 Decembri
1062 914 1100 941 a.
1132 899 1186 941 69
1226 898 1281 940 ad
1322 898 1535 954 colloquia
1573 897 1627 940 de
1667 913 1773 953 pace
1813 913 1911 940 cum
1948 897 2101 940 Flavio

384 969 543 1012 Sabino
584 967 801 1010 adhibitus
845 968 943 1009 Tae.
984 967 1024 1011 h.
1066 970 1106 1018 3,
1147 969 1213 1009 65.
1280 965 1518 1009 Proconsul
1556 965 1689 1008 Asiae
1727 965 1807 1008 sub
1836 966 2102 1023 Vespasiano

380 1037 554 1090 mummi,
588 1050 643 1077 ex
674 1035 981 1091 proconsulatu
1012 1035 1144 1077 Asiae
1173 1034 1355 1090 gloriam
1386 1035 1625 1091 reportavit
1650 1033 1769 1076 Plz'n.
1791 1034 1823 1088 §¹
1841 1037 1881 1076 3.
1930 1034 2101 1076 Deinde

334 1108 336 1110 ’
385 1106 545 1147 01108118
573 1103 727 1145 litteris
758 1118 932 1160 operam
963 1102 1106 1158 dabat⁷
1139 1117 1235 1145 cum
1266 1109 1379 1145 esset
1407 1103 1520 1144 inter
1550 1103 1767 1158 principes
1792 1102 1979 1144 civitatis
2010 1103 2102 1144 sine

383 1173 596 1230 potentia,
649 1172 741 1213 sine
793 1171 978 1225 invidia3
1029 1172 1263 1213 novissime
1310 1172 1371 1213 ita
1409 1170 1690 1213 suadentibus
1732 1171 1856 1212 annis
1902 1169 1956 1212 ab
1994 1170 2102 1213 urbe

385 1241 560 1283 secessit
604 1254 736 1296 seque
781 1240 825 1281 in
872 1239 1111 1296 Campania
1156 1240 1317 1293 tenuit3
1362 1239 1421 1281 ibi
1466 1240 1510 1280 in
1552 1237 1835 1295 Neapolitano
1881 1253 1956 1280 suo
2005 1253 2102 1281 cum

384 1323 543 1351 annum
573 1308 772 1364 quintum
803 1314 845 1350 et
874 1308 1267 1363 septuagensimum
1297 1306 1562 1360 excessisset,
1598 1320 1710 1348 anno
1740 1306 1831 1348 fere
1853 1306 1931 1349 101
1961 1306 2103 1350 inedia

382 1379 517 1419 vitam
545 1376 687 1417 finivit
716 1375 834 1419 Plin.
863 1375 891 1418 l.
923 1375 949 1419 l.
1354 1390 1356 1393 ⁴

389 1479 391 1481 .
473 1443 632 1487 Orator
663 1450 705 1485 et
734 1450 882 1500 poeta:
917 1442 1065 1486 ‘Silius
1097 1443 1290 1485 Ausonio
1321 1458 1407 1485 non
1439 1442 1569 1485 semel
1600 1457 1673 1484 ore
1702 1448 1867 1498 potens’
1903 1441 2102 1486 Martial.

383 1517 420 1563 9,
451 1516 518 1563 86,
550 1516 593 1562 ,2,
628 1511 759 1553 ‘hunc
798 1513 980 1553 miratur
1020 1511 1163 1553 adhuc
1203 1518 1375 1554 centum
1415 1512 1561 1565 gravis
1594 1510 1716 1552 hasta
1742 1511 1956 1563 virorum,
1989 1510 2104 1553 hunc

383 1581 577 1637 loquitur
605 1586 730 1634 grata
759 1579 968 1636 plurimus
999 1594 1073 1622 ore
1104 1580 1251 1621 cliens’
1283 1579 1341 1622 id.
1363 1583 1401 1631 7,
1423 1583 1489 1630 63,
1514 1582 1602 1622 7-8
1630 1580 1684 1633 cf.
1715 1582 1780 1630 11,
1801 1581 1868 1629 48,
1890 1581 1928 1622 4.
1989 1578 2102 1621 Scri-

299 1681 301 1683 >
383 1649 512 1691 bebat
541 1648 732 1690 carmina
760 1649 923 1689 maiore
953 1662 1059 1690 cura
1079 1663 1209 1704 quam
1239 1649 1411 1703 ingenio
1435 1647 1555 1690 Ptin.
1578 1647 1602 1690 l.
1627 1648 1654 1690 l.
1675 1647 1707 1702 5
1726 1650 1766 1698 5,
1797 1648 1842 1688 111
1866 1646 1918 1688 118
1939 1646 2106 1688 Punica

310 1717 313 1719 ’
385 1717 584 1760 Martial.
606 1720 644 1766 4,
666 1719 731 1766 14,
764 1730 874 1772 quae
905 1722 1056 1758 extant
1086 1717 1155 1770 (cf.
1194 1714 1590 1767 Teuffel-Schwabe,
1621 1715 1865 1758 Gesohichte
1885 1714 1960 1756 der
1977 1715 2104 1756 romi-

382 1785 506 1828 seheu
526 1785 748 1826 Literatur
766 1784 798 1838 §
819 1787 907 1827 320
919 1785 967 1840 ⁵),
1001 1784 1080 1826 sub
1111 1784 1360 1826 Domitiano
1392 1784 1472 1827 Sil.
1495 1783 1664 1826 Punica
1691 1786 1730 1834 3,
1755 1786 1838 1826 594
1857 1796 1942 1836 sqq.
1993 1781 2103 1825 Cum

384 1869 409 1895 a
443 1852 671 1895 scribendo
711 1858 906 1906 vacaret,
949 1851 1208 1894 doctissimis
1249 1852 1516 1894 sermonibus
1557 1851 1648 1893 dies
1689 1851 1953 1905 transigebat
1982 1849 2102 1893 Plin.

385 1922 410 1965 l.
436 1922 462 1963 l.
483 1921 515 1976 §
535 1924 573 1970 4,
605 1935 703 1962 cum
724 1921 918 1976 Epicteto
940 1919 1264 1976 philosophatus
1287 1926 1351 1962 est
1370 1920 1550 1974 Epictet.
1574 1920 1672 1962 diss.
1691 1923 1731 1970 3,
1751 1922 1792 1970 8,
1815 1922 1853 1961 7.
1888 1919 2102 1961 Patronus

384 1988 594 2030 Martialis
625 1994 777 2043 poetae
800 1989 875 2044 qui
906 1988 958 2029 ad
993 2003 1088 2030 eum
1121 1988 1294 2044 scripsit
1314 1989 1444 2042 epigr.
1465 1991 1504 2037 4,
1525 1990 1579 2029 14
1589 2000 1602 2038 ,·
1633 1990 1670 2037 7,
1694 1989 1768 2038 63,·
1796 1989 1836 2037 8,
1859 1989 1911 2028 66
1920 1999 1934 2038 ,·
1965 1989 2003 2038 9,
2024 1989 2080 2028 86
2089 1999 2103 2038 ,⁶

386 2060 451 2107 11,
478 2059 545 2099 48.
576 2059 641 2110 49,
675 2062 899 2111 praeterea
940 2071 1035 2100 eum
1077 2056 1225 2098 laudat
1254 2059 1291 2107 6,
1325 2059 1387 2106 64,
1419 2059 1486 2097 10.
1545 2055 1752 2098 Annaeus
1781 2054 1998 2098 Cornutus
2028 2052 2101 2108 (cf.

382 2124 425 2165 A
445 2123 541 2178 450)
563 2124 618 2166 ad
639 2124 834 2166 Italicum
859 2124 912 2165 de
934 2124 1129 2179 Vergilio
1159 2124 1269 2166 libro
1293 2125 1337 2166 X
1360 2122 1530 2167 Charis.
1553 2122 1744 2167 Gramm.
1766 2123 1866 2165 Lat.
1887 2123 1922 2165 I
1935 2136 1982 2177 p.
2005 2124 2101 2166 125.

371 2193 373 2195 ’
471 2191 653 2234 Liberos
684 2191 791 2233 duos
823 2191 984 2241 habuit,
1019 2207 1074 2233 ex
1105 2192 1261 2248 quibus
1284 2193 1493 2234 minorem
1518 2191 1728 2234 Severum
1758 2192 1931 2233 nomine
1960 2191 2103 2233 amisit

382 2261 502 2302 Pliu.
536 2260 562 2304 Z.
595 2260 620 2302 Z.
651 2260 683 2314 ἕ
710 2263 753 2314 ,2,
796 2260 840 2301 111
880 2261 1000 2302 6111118
1029 2266 1211 2302 mortem
1242 2259 1455 2302 Martialis
1486 2260 1657 2316 scripsit
1683 2260 1812 2314 epiyr.
1843 2262 1882 2309 9,
1912 2261 1968 2301 86
1977 2272 1990 2310 ;
2027 2258 2101 2300 sed

381 2330 587 2371 maiorem
616 2328 922 2384 melioremque
952 2328 1174 2370 florentem
1196 2335 1325 2385 atque
1348 2329 1476 2370 etiam
1497 2327 1765 2370 consularem
1786 2327 1961 2383 reliquit
1981 2326 2100 2371 Ptin.

384 2397 410 2439 l.
442 2396 483 2447 l„
516 2397 712 2438 in'cuius
743 2395 1011 2438 consulatum
1041 2396 1252 2439 Martialis
1283 2397 1454 2453 scripsit
1484 2398 1613 2451 θρέψ’.
1634 2399 1674 2447 8,
1697 2399 1760 2438 66.
1791 2421 1845 2426 -
1872 2395 2026 2438 Plures
2057 2396 2101 2437 in

384 2465 518 2507 isdem
548 2464 652 2506 locis
683 2463 807 2506 villas
838 2464 1085 2520 possidebat
1114 2465 1233 2507 Ptin.
1265 2464 1291 2507 l.
1323 2465 1350 2507 l.
1380 2465 1412 2519 ἕ
1435 2467 1463 2506 8
1493 2466 1584 2520 (ubi
1621 2464 1670 2507 de
1699 2463 1958 2518 Campaniae
1998 2463 2099 2506 locis

378 2534 417 2574 si
445 2535 583 2575 miuus
602 2532 736 2574 solum
762 2535 807 2574 at
828 2534 1095 2586 potissimum
1121 2532 1387 2587 eoyitaudum
1406 2546 1493 2575 esse
1513 2547 1563 2575 ex
1583 2536 1775 2575 contextu
1797 2535 1986 2587 apparet,
2009 2545 2101 2574 cum

382 2600 556 2642 Plinius
586 2600 635 2642 de
664 2614 822 2642 secessu
844 2599 1059 2655 Campano
1079 2601 1180 2644 Silii
1201 2601 1335 2655 ayat.)
1380 2600 1634 2643 Possidebat
1655 2605 1974 2642 monumentum
1995 2599 2102 2642 Ver·
2131 2589 2134 2592 ⁴

381 2667 474 2721 gilii
508 2667 841 2723 Neapolitanum
882 2675 923 2710 et
961 2668 1143 2711 fundum
1183 2669 1256 2725 qui
1297 2668 1517 2725 quondam
1547 2668 1769 2712 Ciceronis
1810 2668 1951 2710 fuerat
1979 2666 2100 2709 Ptin.

381 2735 406 2778 l.
431 2735 456 2779 l.
477 2735 509 2789 ἕ
530 2738 568 2785 8,
600 2735 798 2778 Martial.
826 2739 890 2787 11,
911 2739 979 2779 48.
1000 2740 1066 2781 49.
1117 2737 1174 2779 Id
1191 2738 1322 2791 fuisse
1348 2736 1633 2779 Tusculanum
1652 2736 1702 2778 de
1720 2736 1849 2778 Rossi
1867 2735 2102 2778 Bullettino

383 2803 597 2846 eomuuale
626 2806 740 2847 1882
772 2819 820 2859 10.
851 2808 931 2847 141
960 2806 1049 2847 sine
1078 2805 1231 2847 idonea
1261 2819 1391 2847 eausa
1420 2805 1506 2847 sibi
1524 2806 1754 2859 persuasit,
1786 2803 1898 2858 quod
1931 2802 2104 2846 Tusculi

383 2875 411 2914 t.
441 2871 615 2914 mutilus
633 2871 759 2915 XIV
769 2875 882 2915 2653
908 2876 1098 2926 repertus
1128 2876 1188 2915 est
1207 2873 1263 2915 D.
1286 2873 1345 2914 M.
1368 2872 1588 2915 Crescenti
1611 2872 1689 2916 Sili
1709 2871 1851 2914 Italici
1872 2870 2101 2926 collegium

385 2939 613 2981 salutarem
646 2971 656 2981 .
675 2972 685 2982 .
704 2972 741 2995 .,
773 2942 846 2993 qui
874 2944 901 2983 t.
932 2954 1034 2983 saue
1065 2940 1123 2983 ad
1140 2943 1313 2994 poetam
1341 2940 1407 2982 vel
1431 2940 1490 2983 ad
1517 2940 1653 2995 filium
1681 2943 1870 2994 spectare
1890 2941 2042 2994 potest.

301 3008 385 3050 475
416 3007 551 3062 Catia,
588 3014 822 3050 ‘matronae
852 3015 1023 3064 praeter
1053 3009 1205 3051 faciem
1235 3009 1297 3050 nil
1326 3023 1503 3050 cernere
1533 3009 1682 3064 possis,
1715 3014 1869 3062 cetera,
1901 3007 1946 3049 ni
1977 3005 2101 3049 Catia

385 3081 460 3129 est,
500 3075 684 3117 demissa
713 3083 831 3119 veste
863 3078 1061 3131 tegentis'
1086 3077 1237 3120 Horat.
1265 3080 1345 3120 sat.
1377 3080 1416 3128 1,
1446 3080 1490 3127 2,
1519 3078 1572 3118 95
1590 3090 1648 3130 sq.
1704 3075 1830 3118 Catia
1859 3074 1914 3118 ob
1943 3073 2099 3130 pulcri-

386 3142 577 3185 tudinem
615 3159 789 3185 crurum
829 3145 994 3200 pudore
1033 3145 1229 3199 neglecto
1267 3144 1355 3187 alta
1383 3150 1503 3187 veste
1545 3144 1770 3198 utebatur3
1811 3142 1918 3185 haec
1957 3148 2101 3185 autem

388 3210 495 3252 adeo
526 3210 626 3251 vilis
658 3211 751 3265 fuit,
783 3219 832 3253 ut
861 3213 904 3253 111
929 3212 1036 3254 aede
1055 3213 1239 3255 Veneris
1265 3212 1421 3254 theatri
1443 3212 1694 3268 Pompeiani
1714 3210 1974 3253 adulterium
2003 3223 2101 3252 cum

384 3278 557 3321 Valerio
590 3279 735 3322 Siculo
766 3280 940 3323 tribuno
971 3281 1110 3338 plebis
1142 3281 1363 3324 admiserit
1392 3280 1630 3335 Porphyrio
1661 3279 1719 3322 ad
1748 3279 1775 3321 l.
1807 3278 1834 3321 l.
1857 3292 1905 3333 p.
1926 3280 2008 3320 196
2037 3277 2099 3320 ed.

382 3347 544 3401 Meyer.
