2202 3730
272 271 578 308 CALPVRNIVS
1125 261 1207 302 280
1758 267 2067 305 CALPVRNIVS

356 401 545 454 callidus,
579 406 626 441 ut
661 399 715 440 ad
746 413 843 440 eum
875 397 1095 439 ludentem
1125 403 1453 439 concurreretur
1484 422 1534 427 —
1569 422 1620 427 ——
1651 398 2070 453 magnificentissime

355 471 469 510 vixit
498 469 670 510 meritos
701 466 929 508 sublevare
959 466 1108 520 inopes
1145 479 1200 506 ex
1230 471 1414 521 utroque
1452 466 1602 508 ordine
1641 466 1813 521 solitus,
1851 467 1905 508 de
1943 466 2069 524 plebe

355 551 456 578 vero
489 542 624 577 certos
653 540 866 590 quotquot
896 534 1018 574 annis
1047 532 1100 574 ad
1128 539 1371 589 equestrem
1400 548 1574 576 censum
1605 534 1943 591 dignitatemque
1971 550 2068 591 pro-

355 605 511 646 vehere
541 603 666 645 schol.
700 602 845 644 Vallae
873 601 930 643 aa
959 602 1050 642 Ino.
1084 601 1108 644 l.
1141 600 1166 642 l.
1226 601 1282 643 In
1310 602 1548 644 universnm
1569 602 1851 656 praedicatur
1884 603 2070 645 carmine

354 672 463 725 quod
486 671 732 713 inscribitur
749 670 1034 724 paneyyrieas
1064 670 1215 711 incerti
1242 669 1288 711 in
1317 669 1527 712 Pisonem.
1582 690 1586 695 ·

441 740 488 782 C.
512 739 672 781 Caesar
692 739 862 780 Liviam
886 736 1133 779 Orestillam
1155 736 1202 780 C.
1225 737 1372 779 Pisoni
1395 738 1638 793 nubentem,
1666 753 1765 780 eum
1796 739 1852 780 ad
1881 739 2068 781 officium

356 815 398 850 et
427 810 517 864 ipse
549 808 749 861 venisset,
791 806 845 848 ad
877 821 922 847 se
951 805 1110 847 deduci
1141 806 1375 862 imperavit
1404 807 1604 863 intraque
1634 821 1794 863 paucos
1825 807 1915 849 dies
1946 822 2069 864 repu-

354 877 514 918 diatam
556 875 728 917 biennio
769 881 866 931 post
905 873 1138 928 relegavit,
1179 874 1294 930 quod
1334 876 1538 931 repetisse
1574 889 1698 917 usum
1740 876 1893 931 prioris
1928 876 2071 918 mariti

360 951 551 1000 tempore
580 943 721 985 medio
747 942 975 984 videbatur
996 942 1167 984 Sucton.
1197 941 1332 996 Caliy.
1353 943 1423 987 25.
1474 942 1674 985 Cornelia
1695 943 1896 986 Orestina
1916 956 2072 1000 sponsa

355 1014 392 1054 ei
422 1028 446 1054 a
477 1012 587 1054 Graio
625 1011 811 1053 abducta
841 1016 926 1060 est,
969 1012 1054 1066 πρὶν
1087 1011 1130 1051 δὲ
1163 1010 1230 1052 δύο
1254 1014 1380 1066 μῆνας
1410 1011 1486 1066 (sic
1517 1014 1556 1053 et
1586 1011 1782 1054 Zonaras
1811 1015 1875 1063 11,
1897 1014 1940 1067 1)
1969 1012 2094 1059 ἐξελ»
2169 1011 2172 1014 ’

353 1083 436 1123 θεῖν
469 1079 717 1136 ἀμφοτέρους
748 1083 852 1135 σφᾶς
883 1081 937 1124 ὡς
972 1080 1036 1120 καὶ
1068 1078 1393 1135 συγγιγνομένους
1423 1081 1611 1133 ἀλλήλοις
1641 1080 1800 1136 ἐξώρισε
1831 1079 1918 1122 Dio
1945 1082 2012 1131 59,
2043 1082 2072 1122 8

353 1149 428 1190 sab
470 1162 579 1190 anno
613 1151 680 1189 37.
741 1147 780 1189 A
813 1146 860 1190 C.
894 1146 1079 1189 Caesare
1119 1152 1295 1202 repente
1333 1146 1548 1201 relegatus
1579 1154 1655 1203 est,
1700 1147 1816 1204 quod
1846 1154 2070 1191 eonsuetu-

354 1217 499 1258 dinem
518 1217 726 1273 pristinae
747 1217 896 1257 uxoris
918 1214 1129 1257 abductae
1150 1215 1231 1257 sibi
1252 1214 1306 1256 ab
1328 1216 1434 1271 ipso,
1452 1215 1608 1258 deinde
1627 1217 1832 1258 remissae
1851 1216 2072 1272 repetiisse

354 1284 682 1326 existimabatur
720 1284 846 1326 schol.
878 1282 1068 1325 Juvenal.
1109 1282 1135 1324 l.
1170 1283 1196 1327 l.
1266 1283 1353 1326 Sed
1384 1283 1433 1328 C.
1466 1283 1725 1341 Calpurnius
1765 1285 1877 1327 inter
1917 1284 2071 1327 fratres

355 1352 538 1395 Arvales
570 1359 794 1408 cooptatus
825 1358 888 1393 est
926 1366 1074 1393 mense
1104 1351 1218 1393 Maio
1254 1367 1292 1393 a.
1324 1352 1390 1407 38,
1423 1351 1562 1395 adfuit
1591 1354 1635 1394 in
1665 1351 1846 1407 collegio
1877 1368 1914 1395 a.
1945 1353 1999 1396 38
2031 1358 2074 1394 et

353 1423 408 1464 40
442 1422 507 1464 VI
527 1424 660 1464 2028.
690 1424 803 1464 2030
834 1421 887 1474 cf.
919 1419 1096 1474 Ephcni.
1129 1420 1258 1474 epiyr.
1281 1422 1309 1461 8
1328 1435 1377 1475 p.
1397 1423 1495 1464 324..
1560 1419 1674 1463 Vnde
1695 1424 1873 1476 apparet
1891 1420 2073 1463 Dionem

357 1489 406 1531 cle
423 1493 604 1544 ternpore
619 1489 887 1543 releyationis
902 1501 1077 1530 errasse.
1106 1487 1211 1530 Cani
1222 1489 1450 1542 probabile
1465 1489 1523 1531 sit
1537 1488 1720 1545 (collatis
1732 1490 1868 1532 verbis
1881 1489 2075 1533 Suetonii

355 1562 395 1599 et
431 1556 698 1611 scholiastae)
740 1557 934 1610 coniuyes
973 1556 1112 1598 eodeni
1150 1557 1239 1610 fere
1280 1560 1460 1611 tempore
1489 1560 1668 1611 propter
1702 1570 1824 1599 asam
1852 1557 2073 1611 repetitam

352 1626 558 1680 releyatos
588 1639 685 1676 esse,
715 1624 981 1667 statuendum
1011 1628 1071 1666 cst
1100 1639 1140 1667 a.
1169 1628 1225 1666 38
1252 1626 1426 1679 nuptias
1454 1625 1597 1679 fnisse,
1631 1639 1671 1667 a.
1701 1628 1756 1667 40
1786 1623 1858 1679 (ef.
1882 1625 2076 1668 Suetonii

354 1693 498 1748 verba)
531 1694 726 1736 Pisonem¹
757 1697 795 1735 et
824 1693 1067 1736 Orestillam
1096 1693 1142 1734 in
1172 1682 1342 1735 exilium
1374 1697 1502 1737 actos.

447 1761 538 1804 Sub
580 1761 761 1804 Claudio
800 1762 1020 1803 restitutus
1061 1767 1103 1802 et
1140 1767 1238 1817 post
1282 1761 1552 1804 Consulatum
1596 1766 1792 1803 materna
1836 1760 2074 1804 hereditate

357 1829 540 1871 donatus
571 1836 636 1871 est
663 1829 789 1871 schol.
812 1829 1001 1872 Juvenal.
1031 1828 1186 1871 Consul
1211 1827 1411 1880 suffectus
1432 1843 1543 1871 anno
1573 1829 1731 1871 incerto
1761 1829 1837 1871 sab
1865 1829 2076 1880 Claudio,-

357 1898 436 1939 sub
471 1897 620 1939 eodem
652 1897 909 1939 Dalmatiam
950 1896 1118 1951 legatus
1159 1897 1293 1952 rexit,
1325 1900 1373 1939 ut
1402 1901 1512 1939 recte
1541 1897 1689 1952 cippus
1718 1897 1988 1940 Dalmatica-s
2018 1897 2076 1940 acl

357 1980 448 2008 euni
485 1967 711 2019 referatur.
777 1966 938 2007 Romae
978 1965 1060 2006 fuit
1103 1971 1217 2007 certe
1258 1965 1358 2007 inde
1397 1965 1452 2007 ab
1491 1981 1530 2008 a.
1561 1966 1629 2016 57,
1672 1964 1850 2020 collegio
1891 1966 2075 2008 fratrum

355 2034 580 2076 Arvalium
611 2034 750 2076 adfuit
779 2050 816 2076 a.
839 2035 906 2077 57.
931 2035 998 2076 58.
1021 2035 1088 2078 59.
1111 2035 1178 2076 60.
1207 2035 1261 2076 63
1293 2035 1361 2077 VI
1378 2038 1652 2078 2039-2043.
1683 2037 1810 2079 2048.
1860 2034 1987 2078 Anno
2019 2037 2073 2078 62

356 2104 573 2144 Romanus
614 2101 811 2154 (libertus
849 2102 1023 2156 quidam
1067 2105 1114 2143 ut
1151 2102 1330 2157 videtur)
1376 2104 1551 2145 secretis
1596 2103 1968 2145 criminationibus
2013 2096 2074 2145 in-

358 2177 586 2212 cusaverat
627 2170 834 2213 Senecam
877 2177 923 2212 ut
964 2170 1012 2213 C.
1044 2171 1213 2213 Pisonis
1254 2172 1460 2227 amicum,
1502 2171 1576 2214 sed
1618 2169 1805 2213 validius
1845 2186 1872 2214 a
1911 2170 2076 2214 Seneca

357 2239 507 2280 eodem
537 2239 716 2280 crimine
747 2238 968 2295 perculsus
1000 2245 1085 2293 est3
1126 2238 1241 2280 unde
1272 2239 1420 2281 Pisoni
1461 2240 1588 2282 timor
1618 2245 1660 2281 et
1699 2245 1792 2282 orta
1821 2235 2073 2282 insidiarum

355 2308 400 2348 in
439 2307 653 2348 Neronem
691 2320 849 2361 magna
886 2306 1018 2348 moles
1061 2314 1103 2348 et
1133 2308 1398 2363 improspera
1435 2308 1532 2350 Tac.
1565 2322 1606 2350 a.
1636 2311 1707 2358 14,
1739 2309 1803 2351 65.
1863 2307 1990 2350 Anno
2020 2309 2075 2351 65

358 2381 510 2431 coepta
547 2374 673 2417 simul
715 2381 757 2416 et
797 2381 925 2417 aucta
964 2376 1203 2418 coniuratio
1235 2391 1321 2432 qua
1350 2376 1466 2418 Nero
1497 2375 1740 2430 tolleretur,
1783 2376 1883 2418 Piso
1913 2375 1969 2419 ad
1999 2377 2075 2419 im·

359 2445 526 2499 perium
547 2443 812 2498 eveheretur,
845 2444 891 2485 in
913 2458 1041 2499 quam
1064 2445 1260 2486 certatim
1279 2446 1455 2487 nomina
1475 2444 1685 2487 dederant
1704 2450 1922 2487 senatores
1944 2458 2075 2501 eques

356 2510 477 2552 miles
508 2511 692 2553 feminae
723 2513 851 2553 etiam
882 2527 979 2554 cum
1011 2512 1107 2553 odio
1133 2512 1318 2554 Neronis
1341 2519 1433 2555 tum
1454 2512 1602 2555 favore
1623 2514 1667 2554 in
1690 2513 1890 2554 Pisonem
1917 2513 2015 2556 Tac.
2033 2527 2074 2556 a.

358 2583 421 2630 15,
453 2582 607 2630 48-58,
640 2580 727 2622 Dio
759 2584 827 2631 62,
861 2585 932 2624 24.
993 2580 1302 2624 Coniuratione
1342 2582 1513 2638 prodita
1543 2583 1642 2624 Piso
1683 2582 1799 2623 domi
1829 2595 1962 2623 venas
2002 2595 2075 2623 ex-

358 2647 506 2700 solvitg
557 2654 858 2690 testamentum
903 2648 1038 2691 foedis
1078 2649 1284 2691 adversus
1321 2650 1535 2692 Neronem
1576 2648 1900 2692 adulationibus
1939 2650 2075 2691 amori

358 2715 507 2757 Atriae
539 2715 690 2759 Gallae
721 2717 868 2758 uxoris
900 2717 1029 2772 dedit,
1076 2732 1205 2773 quam
1236 2717 1494 2772 degenerem
1525 2724 1567 2759 et
1597 2717 1687 2760 sola
1716 2719 1907 2774 corporis
1937 2717 2076 2759 forma

359 2783 699 2825 commendatam
741 2785 924 2826 Domitii
956 2784 1116 2827 Silonis
1159 2786 1286 2827 amici
1323 2787 1593 2829 matrimonio
1633 2785 1870 2828 abstulerat
1904 2785 2002 2830 Tac.
2034 2799 2074 2828 a.

360 2854 424 2902 15,
446 2854 511 2895 59.
543 2876 597 2881 —-
630 2851 891 2908 Calpurnius
923 2852 1180 2896 Galerianus
1212 2853 1328 2896 filius
1363 2854 1460 2898 Tac.
1491 2854 1531 2896 h.
1555 2857 1593 2904 4,
1617 2857 1681 2896 11.

445 2919 693 2961 Coniuratio
716 2920 948 2962 Pisoniana
968 2922 1125 2975 paucis
1148 2922 1371 2976 attinyitnr
1392 2922 1564 2966 Sueton.
1589 2921 1706 2964 Nero
1723 2924 1790 2972 36,
1815 2921 1887 2963 vit.
1908 2921 2078 2963 Lucani

361 2986 553 3029 Suetonii
571 2987 775 3040 reliquiae
796 2989 856 3030 ecl.
874 2988 1182 3040 Reifferscheid
1193 3004 1240 3043 p.
1256 2992 1323 3034 78.
1364 2990 1450 3032 Hic
1471 2989 1578 3032 mihi
1595 2979 1894 3044 intelleyendns
1911 2988 2078 3031 videtur

358 3056 429 3096 rit.
451 3054 656 3097 Pescenni
678 3056 810 3110 Niyri
838 3061 876 3107 9,
898 3061 930 3100 2
953 3057 1069 3100 ‘inde
1100 3058 1216 3114 quod
1245 3057 1350 3100 latet
1371 3058 1558 3113 Vindex,
1591 3057 1705 3115 quod
1736 3058 1836 3100 Piso
1867 3058 2071 3100 nescitur'
2135 3110 2139 3113 .

358 3137 458 3164 nam
488 3122 589 3164 haec
617 3124 771 3177 referri
798 3139 882 3166 non
904 3139 1030 3178 posse
1052 3126 1109 3167 acl
1129 3125 1336 3177 Pisonem,
1369 3127 1442 3179 qai
1470 3127 1523 3168 ab
1548 3140 1632 3168 uno
1659 3125 1865 3168 Trebellio
1885 3125 2076 3168 Pollione

361 3190 515 3231 (licitur
553 3191 720 3232 rebellis
760 3196 906 3233 contra
943 3193 1186 3236 Gallienam
1226 3195 1430 3244 eoetitisse,
1473 3194 1619 3236 docent
1656 3194 1784 3235 verba
1821 3193 1894 3234 vit.
1931 3191 2079 3235 Clodii

359 3257 512 3299 Albini
541 3262 610 3308 12,
644 3262 697 3300 10
730 3266 829 3301 ‘non
862 3275 954 3302 eam
995 3263 1176 3315 gratiam
1219 3262 1323 3304 mihi
1359 3261 1538 3304 redditis
1569 3276 1700 3318 quam
1729 3261 1914 3303 maiores
1943 3261 2074 3302 vestri

361 3332 509 3367 contra
539 3327 812 3368 Pisonianam
842 3328 1091 3384 factionem,
1126 3345 1254 3386 quam
1286 3331 1386 3372 item
1413 3345 1490 3387 pro
1522 3331 1732 3384 Traiano,
1765 3343 1894 3386 quam
1937 3342 2076 3384 nuper

362 3400 510 3434 contra
542 3393 746 3436 Avidium
778 3396 973 3437 Cassium
1005 3399 1341 3452 praestiterunt‘.
