2202 3730
156 301 437 337 CORNELIVS
1014 293 1098 336 459
1677 295 1956 333 CORNELIVS

242 432 379 482 fectus
401 431 587 486 fabrum,
619 437 791 473 curator
821 432 882 472 rei
914 430 1112 487 publicae
1132 429 1432 482 Otesinorum3
1462 428 1623 470 IIIIvir
1641 428 1736 469 iure
1756 426 1956 480 dicundo,

242 500 449 556 pontifex,
472 500 627 542 flamen
648 500 738 541 divi
761 499 933 542 Claudii
954 499 1155 553 Bergomi
1168 514 1179 551 τ,
1210 498 1362 540 flamen
1395 497 1485 538 divi
1513 497 1688 538 Traiani
1710 494 1959 536 Mediolani.

161 570 268 612 1152
299 575 352 610 M.
385 574 664 610 CORNELIVS
697 573 935 609 NIGRINVS
968 572 1231 607 CVRIATIVS
1261 571 1549 606 MATERNVS.
1613 563 1815 606 Eiusdem
1848 562 1963 604 tituli

244 637 325 678 duo
356 636 546 690 exempla
576 639 732 686 eoetant,
763 649 894 677 unum
914 635 1064 677 Liriae
1083 635 1145 676 II
1159 634 1205 677 S.
1228 637 1335 676 6013
1356 633 1427 688 (1),
1459 632 1568 674 unde
1593 633 1822 686 corriyitar
1842 630 1961 673 lectio

245 705 421 747 alterius
449 705 495 746 in
525 718 629 758 ayro
661 703 882 745 Valentino
911 704 1069 757 reperti
1095 702 1156 744 II
1177 704 1287 744 3783
1315 702 1392 756 (2).

331 773 388 816 M.
419 772 501 827 fil.,
534 773 653 815 tribu
684 771 880 826 Galeria,
913 771 1085 826 consul,
1119 770 1285 826 legatus
1315 770 1504 823 Augusti
1535 783 1612 825 pro
1642 775 1840 824 praetore
1870 782 1964 824 pro-

244 843 414 882 vinciae
445 841 654 894 Moesiae,
684 841 935 896 provinciae
967 839 1122 895 Syriae
1151 842 1180 880 t.
1211 843 1250 880 1.
1282 842 1325 880 2.
1364 863 1414 866 -
1449 837 1565 879 Nam
1602 836 1710 878 idem
1748 837 1805 877 sit
1842 839 1966 890 atque

245 910 467 951 Maternus
498 908 647 950 consul
679 908 958 962 (ordinarius)
989 923 1027 949 a.
1062 907 1155 962 185,
1177 907 1312 962 plane
1340 906 1543 947 incertam
1575 907 1648 946 est.

164 979 271 1020 1153
293 977 350 1019 Μ.
364 977 591 1020 Cornelius
603 976 881 1019 Octavianus.
905 975 1038 1018 Tituli
1045 989 1058 1017 :
1063 974 1236 1030 publice
1251 975 1291 1016 ei
1294 975 1464 1028 positas
1480 976 1541 1014 est
1561 972 1683 1014 VIII
1693 972 1739 1016 S.
1753 975 1896 1015 12296
1907 971 1966 1026 (1)

245 1045 490 1095 Bisieensis‚
522 1046 611 1099 ipse
641 1044 849 1086 dedicavit
878 1043 1001 1086 VIII
1021 1046 1130 1086 8435
1159 1043 1222 1098 (2)
1255 1042 1501 1095 Sitifensem
1530 1040 1736 1082 mutilam.

337 1113 442 1156 Tria
468 1114 642 1155 nomina
673 1112 838 1154 exhibet
865 1115 1036 1165 aterque
1066 1112 1129 1153 tit.
1153 1135 1205 1140 —
1230 1111 1310 1152 Vir
1340 1109 1688 1166 perfectissimuS,
1725 1107 1969 1164 praefectus

247 1182 396 1224 classis
438 1182 678 1238 praetoriae
712 1180 991 1234 Misenensis,
1032 1180 1124 1221 dux
1163 1194 1242 1235 per
1271 1178 1465 1220 Africam
1507 1177 1757 1219 Numidiam
1798 1176 1968 1218 Maure-

247 1252 493 1306 taniamque
517 1250 618 1305 (non
639 1253 735 1292 ante
754 1249 969 1291 saeculam
989 1248 1078 1290 III
1069 1247 1108 1302 )‚
1139 1254 1346 1303 patronus
1377 1246 1586 1301 municipi
1612 1245 1844 1286 Bisicensis
1872 1247 1900 1288 t.
1923 1248 1966 1287 2.

163 1320 273 1362 1154
306 1325 412 1360 SER.
436 1324 716 1360 CORNELIVS
740 1323 963 1370 ORFITVS,
991 1315 1139 1357 consul
1160 1330 1273 1357 anno
1295 1317 1343 1356 51
1369 1314 1463 1356 ride
1482 1314 1601 1367 infra
1624 1313 1715 1355 Ser.
1739 1311 1966 1354 Cornelius

248 1386 429 1443 (Scipio)
461 1385 737 1429 Salvidienus
767 1386 945 1428 Orfitus.

167 1457 273 1498 1155
304 1463 349 1497 A.
381 1461 663 1497 CORNELIVS
704 1461 898 1509 PALMA,
939 1452 1088 1494 consul
1118 1453 1140 1494 I
1170 1468 1207 1494 a.
1240 1452 1294 1492 99
1337 1466 1437 1493 cum
1477 1451 1532 1503 Q.
1564 1450 1687 1493 Sosio
1717 1451 1967 1502 Senecione,

249 1523 398 1566 consul
428 1524 473 1565 II
503 1539 540 1566 a.
567 1524 647 1565 109
669 1538 766 1564 cum
787 1522 929 1564 Tullo.
953 1547 1002 1551 —--
1032 1521 1186 1563 Tituli.-
1214 1523 1472 1562 memoratar
1501 1521 1547 1561 in
1578 1523 1606 1561 t.
1634 1532 1785 1573 yraeoe
1813 1519 1970 1572 scripto

248 1594 294 1635 in
323 1592 553 1634 Batanaea
590 1595 755 1645 reperto
796 1589 1259 1643 Lebas—Waddinyton
1288 1591 1407 1632 2296
1436 1587 1518 1640 (1);
1549 1588 1722 1629 nomina
1753 1588 1840 1628 eius
1868 1600 1971 1640 pro-

250 1661 449 1702 babiliter
476 1661 661 1702 restituit
690 1659 975 1713 Waddinyton
1000 1659 1046 1699 in
1071 1661 1099 1701 t.
1121 1657 1275 1698 ibidem
1294 1659 1460 1710 reperto
1481 1658 1593 1698 2305
1613 1655 1690 1710 (2),
1724 1655 1780 1696 ad
1799 1654 1971 1696 eundem

248 1728 413 1771 rettulit
438 1728 648 1782 Borqhesi
677 1742 770 1782 opp.
804 1727 846 1769 V
859 1742 906 1782 p.
926 1730 979 1769 31
1010 1729 1038 1769 t.
1070 1725 1316 1779 acephalum
1348 1724 1416 1766 VI
1436 1726 1548 1766 1386
1576 1724 1647 1779 (3).

334 1798 391 1840 In
421 1797 729 1839 consulatibus:
759 1796 812 1839 A.
835 1794 1064 1838 Cornelius
1090 1793 1241 1836 Palma
1261 1793 1305 1835 II
1338 1793 1405 1835 VI
1426 1795 1551 1842 2186,
1584 1796 1763 1834 ceterum
1785 1791 1972 1845 plemn-

249 1880 327 1920 que
358 1865 509 1908 Palma
538 1866 658 1919 fasti.
681 1890 736 1894 —
762 1865 815 1907 A.
849 1864 1093 1919 [Cornelius
1123 1863 1287 1917 Palma]
1320 1866 1346 1904 t.
1368 1865 1411 1912 2,
1444 1862 1671 1904 Cornelius
1703 1861 1853 1903 Palma
1884 1863 1911 1901 t.
1934 1863 1972 1909 1,

251 1933 402 1976 Palma
433 1934 550 1988 apud
574 1935 812 1988 scriptores,

339 2002 503 2045 Consul
534 2003 556 2044 I
585 2017 698 2044 anno
728 2002 783 2044 99
810 2002 928 2055 fasti.
989 2001 1179 2055 Legatus
1211 2000 1450 2056 Hispaniae
1479 1999 1691 2040 citerioris
1721 2012 1760 2039 a.
1794 1998 1967 2039 100s101

256 2070 456 2112 Martial.
479 2074 549 2120 12,
573 2074 610 2113 9.
668 2070 860 2124 Legatus
893 2069 1046 2125 Syriae
1078 2068 1177 2110 inde
1208 2068 1264 2110 ab
1291 2083 1330 2110 a.
1361 2067 1452 2108 fere
1484 2067 1666 2108 104s'105
1698 2069 1725 2109 t.
1746 2069 1785 2107 1.
1813 2069 1856 2114 2,
1887 2063 1977 2106 Dio

254 2142 319 2189 68,
342 2142 396 2181 14
424 2139 634 2181 Arabiam
656 2140 878 2181 Petraeam
901 2153 938 2181 a.
965 2138 1145 2180 1051'106
1168 2136 1350 2177 subiecit
1372 2142 1414 2177 et
1438 2135 1481 2176 in
1514 2135 1765 2190 provinciae
1794 2133 1976 2175 formam

255 2207 424 2262 redegit
453 2206 542 2249 Dio
574 2207 601 2249 l.
630 2207 656 2248 l.
690 2207 743 2260 cf.
774 2219 964 2248 nummos
993 2205 1159 2247 Arabia
1188 2204 1408 2260 adquisita
1427 2202 1588 2245 Eckhel
1618 2202 1686 2245 VI
1698 2216 1747 2257 p.
1768 2205 1878 2252 420,·
1905 2200 1979 2247 sed

255 2276 329 2318 hos
357 2289 547 2318 nummos
574 2289 659 2317 non
690 2289 801 2316 anno
832 2277 924 2324 105,
965 2274 1038 2315 sed
1066 2287 1178 2315 anno
1207 2275 1289 2314 106
1317 2271 1560 2313 tribuendos
1599 2284 1684 2312 esse
1722 2270 1909 2323 sequitur
1938 2272 1978 2311 et

257 2359 308 2386 ex
337 2344 587 2386 narratione
616 2342 773 2385 Dionis
813 2346 853 2384 et
891 2356 940 2384 ex
980 2341 1137 2396 epocha
1177 2354 1302 2382 aerae
1339 2339 1582 2382 Bostranae
1613 2339 1665 2392 ef.
1702 2337 1975 2392 Marquardt,

259 2411 666 2466 Staatsverwaltuny
686 2411 721 2453 I
725 2411 741 2435 2
765 2425 812 2465 p.
835 2414 931 2452 431.
978 2408 1142 2452 Consul
1161 2409 1206 2450 II
1233 2424 1272 2450 a.
1298 2408 1378 2450 109
1399 2409 1517 2461 fasti.
1563 2407 1603 2449 A
1623 2403 1811 2448 Traiano
1826 2413 1980 2448 statua

259 2481 493 2523 honoratus
530 2479 618 2522 Dio
649 2482 715 2530 68,
746 2482 800 2521 16
807 2493 822 2531 ,·
867 2478 1155 2532 inscriptionis
1193 2478 1281 2518 eius
1319 2477 1602 2530 fraymentum
1643 2478 1758 2517 extat
1797 2475 1839 2516 in
1881 2477 1908 2516 t.
1939 2477 1978 2517 3.

261 2549 351 2593 Sub
382 2550 511 2591 finem
544 2549 713 2605 imperii
743 2547 921 2591 Traiani
959 2548 1002 2588 in
1033 2547 1321 2602 suspicionem
1352 2545 1530 2586 affectae
1561 2543 1804 2599 tyrannidis
1834 2543 1980 2598 lapsus

259 2620 331 2660 vit.
357 2617 573 2661 Hadrian.
598 2621 638 2667 4,
668 2620 697 2658 3
705 2630 718 2667 ;
749 2631 861 2658 anno
894 2616 975 2657 118
1006 2615 1314 2656 coniurationis
1342 2628 1442 2654 reus
1473 2614 1591 2654 iussu
1622 2619 1796 2653 senatus
1826 2611 1981 2653 Tarra-

261 2687 368 2728 cinis
399 2687 565 2728 occisus
597 2692 662 2727 est
690 2685 777 2727 ibd.
809 2688 848 2734 7,
878 2687 922 2727 2.

177 2756 287 2798 1156
318 2753 547 2798 Cornelius
569 2755 717 2807 Pinus,
749 2754 888 2809 pictor
909 2752 1072 2794 Romae
1092 2758 1231 2793 aetate
1254 2750 1510 2806 Vespasiani
1532 2748 1651 2793 Plin.
1672 2763 1714 2792 n.
1735 2748 1775 2791 h.
1794 2750 1860 2798 35,
1882 2751 1980 2791 120.

180 2824 286 2866 1157
317 2828 598 2864 CORNELIVS
615 2827 906 2875 PLOTIANVS‚
929 2820 1096 2874 legatus
1113 2818 1313 2873 (legionis
1333 2818 1379 2860 II
1399 2817 1658 2871 Adiutricis)
1679 2817 1768 2859 III
1782 2816 1828 2860 S.
1845 2819 1984 2859 10507

262 2895 291 2933 t.
322 2891 616 2945 Aquineensis.

205 2984 261 2989 ——
293 2966 334 3002 C.
366 2965 651 3000 IAVOLENVS
694 2963 940 2999 CALVINVS
982 2962 1224 2997 GEMINIVS
1267 2960 1443 2996 CAPITO
1482 2960 1761 2996 CORNELIVS
1802 2958 1979 2994 POLLIO

265 3033 476 3078 SQVILLA
507 3031 858 3077 Q.VVLCAC1VS
890 3029 1173 3066 SCVPPIDIVS
1204 3029 1381 3064 VERVS.

207 3121 264 3126 ——
293 3103 341 3139 D.
365 3101 540 3138 CVTIVS
571 3100 818 3135 BALBINVS
845 3100 896 3134 M.
922 3098 1200 3134 CORNELIVS
1231 3097 1438 3133 POTITVS
1469 3097 1513 3132 L.
1534 3096 1714 3131 ATTIVS
1746 3096 1983 3131 IVNIANVS

266 3170 515 3206 ROMVLVS.

184 3234 291 3276 1158
323 3230 551 3274 Cornelius
582 3231 768 3281 Primus,
800 3228 934 3270 cliens
964 3229 1223 3284 Vespasiani
1248 3228 1345 3270 Tae.
1366 3227 1405 3272 h.
1427 3231 1467 3278 3,
1492 3231 1555 3270 74.
1603 3244 1606 3247 ·

183 3302 293 3345 1159
325 3299 551 3343 Cornelius
582 3299 850 3351 Priscianus,
887 3297 1122 3339 advocatus
1153 3311 1265 3338 anno
1298 3298 1380 3339 166
1410 3311 1502 3338 rem
1532 3296 1728 3350 legatarii
1760 3293 1983 3336 cuiusdam

269 3368 384 3426 apud
402 3370 703 3424 imperatorem
719 3366 777 3409 M.
790 3365 1061 3408 Antoninum
1079 3366 1166 3420 egit
1176 3371 1194 3421 (
1202 3364 1372 3419 leius)
1386 3364 1622 3407 Marcellus
1635 3363 1799 3417 Diyest.
1809 3366 1880 3413 28,
1893 3366 1933 3412 4,
1944 3365 1983 3405 3.
