2176 3750
126 281 342 317 ALBINVS
1009 273 1063 315 45
1647 276 1931 311 ALBVCILLA

122 412 209 455 345
233 410 448 464 Albinus,
490 411 512 452 ὁ
552 409 829 461 Πλατωνικός,
875 410 998 451 cuius
1041 409 1184 463 gratia
1219 407 1412 452 Galenus
1452 400 1682 462 Smyrnam
1729 397 1934 460 migravit

207 479 358 524 Galen.
379 479 507 522 XIX
525 482 578 521 96
600 479 658 522 K.
690 479 967 521 Adscribitur
987 479 1027 520 ei
1049 479 1248 534 εἰσαγωγὴ
1270 479 1326 523 εἰς
1354 477 1444 523 τοὺς
1469 476 1683 522 Πλάτωνος
1715 475 1932 530 διαλόγους.

124 549 207 592 346
237 548 422 591 Albinus
454 562 598 589 rerum
628 548 920 589 Romanarum
947 547 1099 602 primo,
1125 549 1257 600 poeta
1285 546 1470 587 incertae
1501 544 1654 587 aetatis
1683 543 1934 585 Priscianus

209 617 244 659 I
263 620 357 667 304,
389 619 447 660 ,20
475 619 560 658 tres
588 627 730 658 versus
761 614 958 667 afferens.

123 685 206 727 347
231 684 436 739 Albinus,
467 683 747 740 philosophus
778 683 1064 739 (Platonicus)
1095 683 1254 725 citatur
1287 681 1460 724 Tertull.
1493 681 1542 724 de
1573 680 1719 723 anima
1748 683 1819 723 28.

139 777 197 783 ——
241 759 283 797 ο.
313 746 522 796 ΑῙ..’....
551 757 781 794 ALBINVS.

137 845 195 850 —-
239 827 473 864 CEIONIVS
503 826 734 862 ALBINVS.

237 896 340 934 IMP.
369 895 565 932 CAESAR
594 895 642 933 D.
674 894 887 931 CLODIVS
919 894 1182 931 SEPTIMJVS
1213 893 1430 929 ALBINVS
1458 892 1573 930 AVG.

238 958 452 1001 Lucceius
479 957 679 1000 Albinus.

238 1033 468 1069 NVMMIVS
499 1032 730 1071 ALBINVS.

238 1102 292 1138 M.
323 1101 556 1137 NVMMIVS
589 1100 822 1137 CEIONIVS
852 1101 1040 1137 ANNIVS
1070 1099 1301 1136 ALBINVS.

237 1170 291 1207 Μ.
320 1169 551 1206 NVMMIVS
582 1169 804 1205 VMBRIVS
832 1169 1017 1205 PRIMVS
1050 1167 1264 1205 SENECIO
1292 1167 1522 1203 ALBINVS.

238 1238 549 1274 PESCENNIVS
578 1237 810 1274 ALBINVS.

140 982 192 988 1

238 1300 290 1343 Τ.
321 1300 553 1357 Pompeius
581 1299 780 1342 Albinus.

140 1393 193 1398 —
236 1375 291 1411 M.
323 1374 564 1411 STLACCIV
567 1374 591 1410 S
620 1373 837 1410 ALBINVS
868 1373 1183 1409 TREBELLIVS
1213 1372 1516 1409 SALLVSTIVS
1548 1372 1722 1408 RVFVS.

123 1438 207 1480 348
236 1436 392 1480 Albius
424 1443 586 1494 ‘stupet
626 1443 740 1479 aere‘
785 1436 940 1479 Horat.
970 1439 1052 1479 sat.
1084 1440 1123 1487 1,
1155 1439 1195 1486 4,
1225 1438 1308 1487 28,-
1344 1436 1550 1478 incertum
1589 1438 1650 1478 est
1687 1448 1788 1477 nuni
1826 1433 1936 1475 idem

207 1506 470 1561 siqnificetur
497 1506 583 1548 ibd.
613 1519 650 1549 v.
680 1508 762 1548 109
795 1504 914 1547 ‘Albi
943 1511 993 1547 ut
1023 1504 1135 1547 male
1164 1505 1286 1547 vivat
1315 1503 1462 1547 filius'.

136 1599 194 1605 —
237 1580 278 1619 G.
308 1580 546 1616 MEMMIVS
576 1580 724 1616 FIDVS
755 1580 921 1616 IVLIVS
954 1579 1148 1617 ALBIVS.

122 1643 206 1686 349
234 1649 414 1686 ALBIVS
446 1648 660 1696 CRISPVS,
703 1648 878 1685 curator
912 1657 1125 1699 aquarum
1155 1640 1257 1684 inde
1297 1640 1353 1684 ab
1384 1656 1422 1684 a.
1452 1641 1507 1684 68
1547 1654 1685 1697 usque
1725 1639 1782 1682 ad
1811 1655 1847 1682 a.
1881 1639 1931 1682 71

204 1711 407 1754 Frontin.
439 1711 489 1754 cle
520 1725 586 1765 aq.
616 1713 714 1754 102.

120 1781 205 1823 350
234 1785 413 1822 ALBIVS
452 1785 766 1821 PVLLAIENVS
807 1784 1008 1833 POLLIO,
1051 1793 1137 1821 eos.
1180 1778 1314 1832 (suff.)
1356 1793 1394 1823 a.
1435 1777 1477 1820 d.
1516 1777 1582 1820 VI
1619 1776 1665 1820 k.
1700 1775 1934 1819 Novembr.

206 1862 318 1890 anno
349 1849 404 1890 90
434 1862 533 1890 cum
563 1847 644 1892 Cn.
675 1847 882 1904 Pompeio
910 1847 1110 1902 Longino
1141 1846 1244 1901 dipl.
1275 1846 1377 1897 mil„
1409 1845 1523 1900 Eph.
1555 1860 1617 1900 ep.
1639 1847 1666 1888 5
1687 1859 1735 1899 p.
1758 1847 1849 1888 653.

122 1918 216 1973 351-
236 1915 391 1958 Albius
421 1915 635 1958 Tibullus.
686 1914 821 1958 ‘Albi‘
855 1929 947 1958 eum
987 1915 1232 1969 adloquitur
1261 1915 1496 1965 Horatius,
1537 1913 1693 1956 Albius
1734 1911 1934 1955 Tibullus

205 1984 322 2027 Acro
362 1988 402 2027 et
440 1984 680 2039 Porphyrio
716 1983 775 2026 acl
801 1984 957 2027 Horat.
997 1987 1036 2026 et
1075 1983 1236 2026 codices
1271 1983 1432 2026 Tibulli
1466 1983 1723 2032 carminum,
1757 1974 1935 2023 ceterum

205 2052 420 2097 Tibullus,
465 2054 554 2106 Quo
573 2054 742 2095 nornine
763 2056 802 2095 et
822 2053 910 2107 ipse
928 2052 1065 2094 utitur
1085 2055 1122 2102 1,
1143 2055 1183 2102 3,
1204 2054 1280 2103 55;
1310 2055 1347 2102 1,
1372 2055 1411 2102 9,
1433 2054 1509 2103 83;
1537 2055 1575 2101 4,
1598 2053 1664 2100 13,
1686 2053 1754 2092 13.
1786 2050 1932 2105 Eques

207 2123 427 2165 Romanus
454 2120 629 2176 (regalis
652 2121 770 2176 libri)
802 2121 984 2175 insignis
1015 2120 1154 2162 forma
1183 2127 1283 2162 ante
1304 2119 1409 2162 alios
1431 2119 1670 2163 Corvinum
1690 2117 1933 2160 Messallam

208 2196 422 2232 oratorem
437 2189 602 2244 dilexit,
622 2190 744 2232 cuius
761 2196 804 2231 et
818 2188 1140 2232 contubernalis
1151 2188 1413 2245 Aquitanico
1434 2187 1549 2231 bello
1565 2188 1622 2243 (a.
1641 2189 1933 2230 726—728:

207 2261 382 2302 28—26
412 2273 452 2301 a.
480 2257 546 2315 Ο.)
576 2257 835 2300 militaribus
866 2257 990 2299 donis
1022 2257 1206 2299 donatus
1237 2263 1301 2299 est
1329 2257 1419 2299 vita
1453 2255 1613 2299 Tibulli
1645 2256 1692 2297 in
1722 2253 1934 2297 codicibus

215 2327 375 2370 Tibulli
400 2330 591 2377 servata,
634 2327 820 2368 incertae
850 2326 1028 2380 oriqinis
1057 2328 1096 2367 et
1123 2324 1236 2380 fidei.
1297 2324 1407 2367 Cum
1435 2323 1681 2366 Messallam
1709 2324 1754 2364 in
1785 2322 1933 2365 Asiam

208 2394 451 2452 profectum
494 2401 772 2451 sequeretur,
820 2395 864 2435 in
904 2393 1097 2449 Corcyra
1141 2406 1270 2447 aeger
1314 2392 1490 2435 relictus
1537 2398 1601 2434 est
1646 2391 1797 2434 Tibull.
1827 2394 1875 2441 1,
1907 2394 1934 2432 3

210 2464 264 2518 cf.
295 2463 413 2506 Ovid.
442 2477 574 2505 amor.
605 2466 644 2513 3,
672 2466 711 2513 9,
738 2466 804 2506 47.
863 2462 1062 2504 Mortuus
1102 2467 1167 2503 est
1204 2461 1432 2504 secundum
1470 2461 1731 2515 epiyramma
1763 2458 1936 2501 «Domiti

211 2532 358 2574 Marsi
387 2531 510 2574 libris
545 2530 708 2574 Tibulli
738 2531 1024 2585 praemissum
1064 2530 1216 2572 eodem
1255 2543 1369 2572 anno
1401 2544 1485 2585 quo
1515 2527 1759 2583 Vergilius,
1800 2527 1848 2569 id
1875 2530 1935 2569 est

147 2631 152 2636 »
210 2615 250 2642 a.
283 2602 364 2643 735
393 2620 449 2634 =
477 2602 532 2642 19
563 2613 603 2641 a.
632 2598 678 2642 C.
710 2599 765 2653 cf.
804 2598 922 2642 Ovid.
954 2598 1063 2642 trist.
1094 2602 1133 2649 4,
1166 2601 1232 2648 10,
1266 2601 1320 2641 56
1328 2611 1342 2649 ;
1379 2604 1518 2640 mater
1553 2611 1759 2653 sororque
1788 2610 1934 2652 super-

209 2670 329 2710 stites
348 2670 635 2710 memorantur
661 2667 715 2710 ab
745 2667 894 2710 Ovidio
917 2680 1048 2709 amor.
1071 2670 1112 2717 3,
1136 2669 1175 2717 9,
1197 2668 1350 2709 50-51.
1375 2693 1427 2697 —
1450 2665 1630 2708 Amores
1651 2666 1763 2708 eius:
1791 2663 1931 2718 Delia,

208 2736 405 2779 Nemesis
435 2736 509 2789 (=
539 2735 793 2792 Glycera?).

296 2804 479 2860 Scripsit
508 2803 563 2846 ad
591 2818 688 2846 eum
708 2804 918 2846 Horatius
944 2816 977 2847 c.
1005 2806 1044 2853 1,
1064 2805 1133 2853 33,
1166 2817 1228 2857 ep.
1249 2806 1288 2853 1,
1310 2806 1349 2853 4,
1383 2802 1565 2857 elegiam
1592 2801 1647 2844 de
1675 2807 1813 2843 morte
1844 2801 1935 2842 eius

210 2872 392 2916 Ovidius
422 2886 554 2915 amor.
583 2876 624 2923 3,
656 2875 694 2915 9.
755 2871 983 2914 Laudatur
1019 2874 1068 2913 ut
1107 2871 1335 2926 eleyiarum
1366 2874 1499 2926 poeta
1538 2871 1592 2913 ab
1622 2869 1771 2914 Ovidio
1802 2883 1934 2911 amor.

209 2945 248 2992 1,
270 2943 335 2992 15,
356 2944 427 2992 27,
459 2953 531 2983 ars
552 2954 634 2982 am.
655 2943 695 2991 3,
716 2943 812 2990 334,
842 2954 943 2982 rem.
966 2953 1047 2983 am.
1072 2941 1163 2989 763,
1195 2939 1303 2981 trist.
1324 2941 1368 2990 2,
1389 2943 1473 2981 447
1484 2952 1570 2993 sqq.
1582 2952 1596 2990 ,·
1615 2942 1655 2989 4,
1677 2942 1743 2988 10,
1764 2940 1817 2980 51
1834 2950 1933 2990 sqq„

211 3023 240 3052 a
260 3009 469 3051 Martiali
484 3012 523 3058 4,
547 3012 585 3059 6,
606 3012 655 3060 4,·
684 3011 723 3058 8,
747 3011 813 3058 70,
835 3011 864 3049 7
873 3021 885 3059 ;
913 3010 954 3058 8,
979 3010 1041 3058 73,
1066 3011 1110 3058 7,·
1140 3011 1204 3058 14,
1226 3010 1319 3058 193,
1350 3022 1379 3050 a
1409 3007 1561 3050 Velleio
1583 3010 1626 3057 2,
1649 3009 1718 3056 36,
1751 3020 1779 3047 a
1804 3005 1934 3058 Quin-

211 3077 362 3120 tiliano
384 3081 450 3128 10,
472 3080 510 3128 1,
533 3080 601 3127 93,
634 3077 688 3119 ab
718 3075 902 3130 Apuleio
934 3075 1098 3130 apoloy.
1126 3078 1195 3117 10.

125 3147 209 3188 352
237 3152 392 3187 ALBIA
412 3151 681 3199 TERENTIA,
715 3143 941 3201 splendida
961 3143 1134 3198 femina,
1159 3143 1210 3186 L.
1234 3143 1418 3187 Othonis
1439 3159 1562 3198 uxor,
1594 3150 1732 3186 mater
1752 3142 1935 3186 Othonis

211 3214 286 3270 qui
314 3214 544 3270 imperavit
574 3213 689 3256 Suet.
720 3212 815 3256 Oth.
842 3215 881 3254 1.

126 3282 210 3324 353
238 3280 468 3335 Albucilla,
499 3280 735 3324 multorum
765 3279 984 3323 amoribus
1009 3278 1184 3334 famosa,
1209 3280 1340 3323 Satrii
1363 3280 1551 3324 Secundi
1573 3279 1790 3336 quondam
1812 3292 1933 3332 uxor,

213 3350 443 3406 impietatis
463 3350 508 3391 in
530 3349 770 3405 principem
790 3356 833 3391 et
853 3347 1165 3390 adulteriorum
1187 3347 1390 3391 damnata
1409 3365 1447 3393 a.
1461 3349 1514 3391 37
1543 3349 1639 3391 Tac.
1660 3362 1700 3390 a.
1722 3352 1759 3397 6,
1781 3350 1846 3388 47.
1867 3348 1934 3388 48.
