2202 3730
277 310 592 347 APOLLONIVS
1139 303 1158 345 1
1167 303 1188 344 1
1194 302 1221 343 4
1764 308 2078 347 APOLLONIVS

448 439 553 482 Inde
584 439 637 481 ab
670 441 806 480 aetate
827 437 1026 491 Septimii
1045 437 1191 480 Severi
1209 437 1464 491 Apollonius
1485 437 1625 480 divino
1646 438 1825 492 quodam
1846 438 1961 481 cultu
1981 438 2081 482 cele-

365 509 512 550 bratus
532 510 604 549 est.
650 506 760 549 Iulia
781 506 954 547 Domna
976 505 1283 547 Philostratum
1303 506 1437 547 vitam
1463 507 1554 547 eius
1576 505 1763 548 scribere
1782 508 1906 549 iussit
1923 508 2014 550 vita
2031 510 2082 560 33

360 574 608 617 Antoninus
639 575 836 615 Domnae
865 572 978 614 filius
1010 574 1047 614 ei
1078 572 1214 615 veluti
1245 573 1367 615 heroi
1401 573 1548 615 fanum
1580 575 1773 616 extruxit
1801 574 1890 617 Dio
1917 578 1984 626 77,
2012 578 2080 626 18,

365 642 572 698 templum
593 642 756 697 Tyanis
789 648 963 696 sumptu
990 641 1218 697 principali
1240 641 1398 683 factum
1419 642 1508 684 vita
1527 645 1566 693 8,
1589 645 1667 694 31;
1689 642 1879 685 Severus
1895 643 2082 685 Alexan-

363 710 439 752 der
470 725 567 751 eum
598 711 643 751 in
673 709 828 751 larario
861 708 1012 751 habuit
1039 710 1111 751 vit.
1133 709 1377 752 Alexandri
1393 713 1464 761 29,
1487 714 1529 754 2.
1590 710 1875 753 Aurelianum
1903 726 1958 753 ne
1980 712 2082 753 civi-

362 785 491 820 tatem
518 778 714 833 Tyanam
738 776 830 830 (sic)
863 784 1088 831 everteret,
1110 778 1209 819 visu
1232 778 1464 832 deterruit3
1489 785 1631 821 ‘norat
1649 778 1815 822 vultum
1839 779 2081 836 philosophi

362 845 619 887 venerabilis
641 845 902 887 Aurelianus
933 852 1063 902 atque
1094 846 1138 887 in
1168 846 1314 888 multis
1342 847 1432 889 eius
1454 848 1684 901 imaginem
1706 847 1876 889 viderat
1897 847 2081 904 templis,

364 914 550 970 denique
592 915 735 956 statim
775 913 992 956 adtonitus
1034 921 1075 956 et
1110 915 1340 969 imaginem
1371 922 1413 956 et
1442 921 1605 957 statuas
1638 921 1681 958 et
1708 915 1916 972 templum
1945 915 2083 958 eidem

364 983 574 1038 promisit’
614 983 684 1025 vit.
722 981 954 1024 Aureliani
993 985 1061 1026 24.
1122 982 1277 1024 Aetate
1315 983 1577 1025 Diocletiani
1608 983 1833 1026 Hierocles
1872 984 1916 1025 in
1956 983 2082 1038 libro,

365 1065 491 1106 quem
522 1051 757 1108 Φιλαλήθης
788 1050 904 1108 λόγος
934 1051 1164 1107 inscripsit,
1197 1050 1476 1107 Apollonium
1508 1066 1604 1094 cum
1626 1051 1797 1095 Christo
1830 1052 2082 1107 composuit,

364 1125 513 1161 contra
542 1133 670 1175 quem
697 1119 913 1161 Eusebius
936 1118 1150 1174 Pamphili
1182 1118 1374 1161 libellum
1395 1120 1440 1160 in
1461 1119 1679 1175 publicum
1705 1121 1845 1162 emisit
1869 1121 1942 1176 qui
1965 1126 2085 1163 extat

364 1187 429 1242 (p.
459 1190 541 1229 369
570 1200 654 1241 sqq.
687 1187 748 1229 ecl.
782 1187 1000 1242 Kayscri),
1044 1188 1098 1241 cf.
1131 1188 1328 1231 Lactant.
1360 1188 1537 1232 institut.
1569 1191 1608 1239 5,
1639 1192 1693 1240 2,·
1727 1202 1906 1243 graecos
1935 1187 2081 1243 libros,

363 1257 437 1311 qui
454 1255 507 1296 de
522 1256 615 1297 vita
628 1254 848 1311 Apollonii
870 1256 1102 1311 conscripti
1123 1262 1234 1310 sunt,
1254 1263 1462 1298 memorat
1479 1256 1679 1310 Vopiscus
1696 1257 1767 1300 vit.
1781 1256 1999 1299 Aurelian.
2012 1260 2083 1307 24,

361 1324 485 1365 ‘tanti
516 1324 600 1364 viri
642 1323 769 1365 facta'
806 1325 850 1365 in
889 1323 1052 1365 litteras
1092 1338 1136 1365 se
1178 1323 1414 1366 relaturum
1455 1339 1547 1366 esse
1587 1325 1815 1381 profitetur
1854 1325 1969 1367 idem
1997 1324 2083 1367 ibd.

363 1390 582 1447 Apollonii
603 1391 882 1447 Pythagorici
911 1393 1045 1433 vitam
1078 1407 1162 1433 non
1195 1399 1243 1434 ut
1266 1392 1555 1434 Nicomachus
1586 1393 1729 1434 senior
1759 1407 1782 1433 e
1812 1392 2085 1448 Philostrato,

365 1459 441 1501 sed
481 1466 529 1501 ut
558 1460 741 1501 Tuscius
770 1460 1049 1502 Victorianus
1089 1475 1112 1501 e
1152 1460 1403 1502 Nicomachi
1445 1460 1620 1502 schedio
1662 1462 1901 1516 exscripsit,
1933 1461 2085 1516 Leoni,

365 1529 468 1583 quia
488 1529 681 1581 iusserat,
704 1529 821 1570 misit
842 1528 1046 1571 Sidonius
1064 1528 1327 1584 Apollinaris
1349 1530 1467 1583 epist.
1487 1532 1527 1579 8,
1548 1532 1587 1573 3.
1629 1529 1681 1570 In
1701 1530 1839 1584 magis
1859 1529 2086 1584 gentilium

364 1605 614 1638 numeratur
632 1595 796 1640 Arnob.
818 1599 856 1646 1,
878 1599 948 1639 52.
982 1596 1119 1639 Οὐκέτι
1141 1597 1372 1653 φιλόσοφος,
1403 1595 1493 1640 ἀλλ’
1515 1598 1561 1653 ἧν
1586 1614 1621 1639 τι
1642 1597 1748 1639 θεῶν
1773 1614 1815 1640 τε
1845 1599 1909 1640 καὶ
1930 1597 2086 1655 ἀνθρώ-

363 1681 449 1706 πων
481 1664 600 1720 μέσον
630 1664 858 1718 Eunapius
887 1665 959 1706 vit.
989 1665 1162 1718 sophist.
1196 1665 1256 1708 ed.
1284 1666 1345 1707 II
1367 1665 1631 1707 Boissonade
1652 1680 1701 1719 p.
1721 1667 1801 1708 454
1832 1666 1886 1720 cf.
1910 1680 1958 1720 p.
1988 1667 2084 1716 500,

364 1731 653 1788 amplissimus
675 1732 955 1788 philosophus
976 1733 1230 1775 Ammianus
1252 1734 1536 1775 Marcellinus
1555 1737 1624 1783 23,
1647 1736 1684 1784 6,
1708 1737 1761 1776 19
1793 1735 1847 1788 ef.
1868 1737 1938 1785 21,
1959 1737 2024 1785 14,
2046 1736 2086 1777 5.

367 1801 634 1843 Memoratur
663 1800 914 1843 Philostrat.
949 1801 1021 1843 vit.
1051 1801 1167 1855 soph.
1191 1816 1238 1856 p.
1270 1805 1367 1844 206.
1399 1805 1499 1845 223.
1530 1805 1627 1852 247,
1669 1801 1913 1856 Hieronym.
1944 1802 2085 1845 chron.

365 1869 424 1911 ad
453 1883 492 1911 a.
524 1869 633 1911 Abr.
661 1872 778 1912 2112
802 1889 857 1903 =
885 1869 1065 1923 Syneell.
1092 1884 1140 1923 p.
1167 1873 1263 1920 652,
1296 1873 1363 1920 18,
1394 1869 1574 1923 Hesyeh.
1608 1869 1751 1913 Miles
1784 1870 1837 1923 fr.
1861 1873 1899 1920 7,
1931 1871 2086 1913 Ioann.

364 1938 466 1982 Ant.
497 1940 553 1992 fr.
578 1941 671 1981 105.
701 1942 786 1980 107
812 1938 963 1982 FHG.
985 1938 1069 1989 IV;
1101 1938 1372 1995 [Ap]olonius
1404 1938 1638 1994 Thyaneus
1669 1937 1737 1980 VI
1753 1940 1904 1981 29828
1932 1938 2089 1993 clipeus

364 2007 410 2049 in
440 2008 611 2049 tectorio
634 2008 789 2061 pictus.
2003 2017 2010 2019 *

450 2074 636 2128 Scripta,
668 2088 773 2128 quae
801 2076 878 2117 sub
907 2075 1073 2117 nomine
1102 2075 1325 2129 Apollonii
1353 2075 1610 2128 serebantur,
1644 2074 1900 2116 enumeravit
1930 2072 2092 2116 Suidas

363 2156 397 2187 s.
427 2157 464 2185 v.
497 2141 776 2190 Ἀπολλώνιοςε
820 2144 862 2198 1)
894 2144 1078 2199 διαθῆκαι
1115 2144 1169 2197 cf.
1197 2144 1268 2186 vit.
1298 2147 1347 2194 1,
1378 2146 1428 2194 3,·
1459 2146 1495 2193 7,
1526 2145 1580 2185 35
1590 2156 1603 2194 ,·
1642 2143 1688 2197 2)
1719 2144 1807 2199 περὶ
1838 2143 2021 2198 μαντείας
2050 2145 2091 2184 ct

366 2213 409 2265 3)
440 2214 526 2268 περὶ
558 2213 705 2255 θυσιῶν
738 2213 791 2265 cf.
821 2213 894 2253 vit.
924 2215 963 2262 3,
994 2215 1047 2254 41
1085 2214 1149 2254 καὶ
1189 2213 1404 2269 ξυγγράψαι
1445 2213 1514 2268 μὲν
1557 2213 1643 2268 περὶ
1683 2213 1869 2268 μαντείας
1909 2210 2086 2268 ἀστέρων

365 2282 535 2338 βιβλίους
566 2281 765 2337 τέτταρας,
799 2282 851 2323 ὧν
882 2282 945 2323 καὶ
975 2280 1227 2337 Μοιραγένης
1252 2281 1500 2336 ἐπεμνήσθη,
1533 2280 1747 2336 ξυγγράψαι
1771 2281 1814 2322 δὲ
1834 2281 1920 2336 περὶ
1942 2279 2088 2322 θυσιῶν

364 2351 427 2391 καὶ
459 2351 514 2394 ὡς
543 2349 588 2391 ἄν
619 2366 672 2395 τις
694 2351 845 2405 ἑκάστῳ
868 2350 955 2406 θεῷ
979 2349 1218 2406 προσφόρως
1245 2366 1286 2391 τε
1317 2351 1380 2391 καὶ
1410 2348 1708 2405 κεχαρισμένως
1737 2348 1837 2390 θύοι.
1867 2347 1916 2390 τὰ
1943 2348 2012 2404 μὲν
2041 2349 2089 2403 δὴ

365 2421 442 2458 τῶν
473 2416 649 2473 ἀστέρων
681 2418 745 2459 καὶ
773 2419 841 2473 τὴν
867 2418 1048 2473 τοιαύτην
1082 2419 1269 2473 μαντικὴν
1294 2441 1344 2446 —
1367 2441 1425 2447 ——
1446 2415 1528 2458 οὐδ’
1564 2417 1598 2458 εἰ
1623 2416 1810 2471 κέκτηταί
1836 2432 1892 2462 τις
1911 2417 2011 2467 οἶδα,
2041 2417 2086 2458 τὸ

367 2486 410 2527 δὲ
440 2487 526 2541 περὶ
551 2486 697 2527 θυσιῶν
730 2486 771 2527 ἐν
803 2488 965 2531 πολλοῖς
996 2487 1065 2541 μὲν
1099 2488 1216 2541 ἱεροῖς
1247 2485 1374 2541 εὖρον,
1408 2484 1449 2527 ἐν
1482 2487 1646 2531 πολλαῖς
1673 2485 1716 2526 δὲ
1747 2483 1904 2526 πόλεσιν
1927 2486 2090 2531 πολλοῖς

367 2554 410 2595 δὲ
440 2555 595 2609 ἀνδρῶν
627 2558 762 2610 σοφῶν
796 2554 915 2599 οἴκοις
942 2557 1024 2596 κτλ.
1057 2554 1111 2607 cf.
1143 2553 1227 2596 ibd.
1258 2557 1296 2603 4,
1320 2556 1396 2604 19,·
1425 2554 1470 2606 4)
1503 2554 1622 2608 ὕμνος
1651 2553 1704 2598 εἰς
1732 2551 2002 2608 Μνημοσύνην
2033 2553 2086 2606 cfi

365 2621 436 2664 vit.
466 2624 504 2671 1,
536 2625 612 2672 14;
641 2622 684 2675 5)
718 2621 953 2678 Πυθαγόρου
988 2622 1094 2668 δόξαι
1125 2622 1178 2675 cf.
1210 2623 1281 2664 vit.
1311 2624 1351 2672 8,
1380 2625 1447 2671 19,
1479 2621 1556 2663 ubi
1573 2620 1827 2675 Apollonius
1854 2621 1930 2662 sub
1963 2620 2089 2663 terris

366 2702 456 2730 cum
491 2689 730 2743 Tryphonio
761 2689 987 2731 collocutus
1025 2690 1082 2732 acl
1121 2690 1250 2732 lucem
1291 2690 1446 2732 librum
1483 2692 1719 2743 reportasse
1758 2687 1927 2739 dicitur,
1966 2690 2012 2731 τὸ
2044 2689 2088 2731 δὲ

369 2758 514 2814 βιβλίον
545 2757 613 2803 τὰς
636 2757 870 2814 Πυθαγόρου
903 2759 988 2813 εἶχε
1011 2758 1124 2805 δόξας
1142 2783 1199 2787 ——
1218 2783 1274 2788 —
1295 2760 1492 2801 ἀνάκειται
1517 2759 1561 2800 τὸ
1585 2758 1730 2814 βιβλίον
1751 2760 1863 2799 τοῦτο
1885 2755 1926 2799 ἐν
1949 2754 2087 2812 Ἀνθίῳ

369 2827 434 2868 καὶ
464 2826 724 2872 σπουδάζεται
756 2826 816 2868 διὰ
836 2827 905 2882 τὴν
929 2827 1050 2869 αἰτίαν
1073 2830 1179 2880 κτλ.;
1212 2826 1257 2878 6)
1279 2825 1516 2882 Πυθαγόρου
1539 2826 1631 2882 βίος,
1663 2825 1782 2866 cuius
1801 2823 2089 2866 Philostratus

368 2892 614 2935 mentionem
640 2906 723 2934 non
752 2893 873 2946 fecit,·
902 2893 1012 2935 idem
1040 2894 1203 2935 violetur
1233 2894 1339 2936 liber
1368 2893 1417 2935 cle
1445 2894 1534 2935 vita
1563 2892 1834 2947 Pythayorae
1870 2892 1924 2933 ab
1954 2891 2088 2946 Apol-

369 2960 481 3002 lonio
511 2960 705 3014 scriptuS,
736 2974 854 3014 quem
885 2961 1167 3004 adhibuerunt
1186 2961 1450 3016 Porphyrius
1469 2962 1540 3005 vit.
1563 2960 1687 3015 Pyth.
1707 2963 1739 3003 2
1767 2962 1807 3002 et
1826 2958 2088 3002 Iamblichus

368 3028 440 3070 vit.
470 3027 594 3082 Pyth.
625 3030 848 3082 254-264,
890 3043 1143 3083 quamquam
1171 3033 1316 3071 neuter
1346 3043 1436 3071 eum
1466 3031 1676 3071 auctorem
1705 3028 1835 3081 fuisse
1870 3027 2086 3082 Tyaneum

366 3096 622 3150 siqnisicavit
653 3096 707 3149 ef.
740 3096 891 3147 Zeller,
923 3097 1197 3151 Philosophie
1227 3097 1301 3139 cler
1337 3096 1543 3140 Griechen
1563 3096 1652 3138 III
1662 3095 1711 3139 2³
1733 3110 1781 3149 p.
1802 3098 1884 3137 143
1911 3095 2009 3138 adn.
2030 3120 2087 3126 -

367 3163 591 3218 Epistulae
620 3165 787 3218 passim
827 3166 1013 3207 citantur
1052 3180 1080 3208 a
1119 3165 1382 3208 Philostrato
1419 3165 1472 3219 cf.
1503 3165 1564 3206 vit
1591 3167 1630 3214 1,
1660 3166 1719 3206 32
1755 3161 2012 3210 Ἀπολλώνιος
2042 3163 2086 3206 δὲ

368 3232 574 3288 ἐπιστολὴν
607 3232 704 3274 αὐτὰ
735 3234 952 3288 πεποίηται,
984 3234 1114 3276 πολλὰ
1146 3235 1188 3276 δὲ
1215 3235 1278 3276 καὶ
1305 3233 1409 3276 ἄλλα
1438 3237 1516 3275 τῶν
1549 3234 1681 3288 ἑαυτῷ
1719 3232 1760 3278 ἐς
1789 3231 1953 3278 διάλεξιν
1985 3232 2085 3288 εἰρη-

370 3300 498 3356 μένων
529 3300 571 3346 ἐς
600 3299 806 3346 ἐπιστολὰς
835 3303 1127 3344 ἀνετυπώσατο.
1185 3301 1400 3351 Aliarum,
1432 3314 1538 3354 quae
1566 3300 1642 3342 sub
1672 3299 1837 3341 nomine
1866 3298 2088 3355 Apollonii

367 3368 491 3422 fictae
521 3380 606 3410 esse
633 3368 837 3419 videntur,
869 3369 1110 3424 fraymenta
1140 3369 1304 3424 collegit
1334 3369 1504 3423 Kayser
1524 3382 1572 3423 p.
1602 3370 1683 3411 345
1711 3380 1797 3422 sqq.
