2202 3730
149 311 405 348 CALVISIVS
1008 308 1092 350 293
1696 315 1950 353 CALVISIVS

316 442 512 484 Eundem
541 443 723 496 fortasse
748 443 928 498 leyatum
951 444 1249 499 Cappadociae
1271 446 1404 499 fuisse
1426 445 1644 488 adnotavit
1665 445 1952 500 Waddinyton

232 510 258 551 l.
290 510 318 552 l.
347 511 574 564 respiciens
602 515 650 553 ut
678 512 843 554 videtur
871 527 1086 555 nummum
1123 512 1456 567 Cybistrensium
1485 515 1530 556 in
1562 513 1850 568 Cappadocia,
1881 515 1955 567 qui

231 578 277 619 in
308 577 486 620 adversa
514 579 746 633 inscriptus
774 584 835 622 est
856 580 946 623 Ἐπὶ
967 580 1204 631 Ῥούσωνος,
1237 582 1282 623 in
1313 595 1462 624 aversa
1483 581 1735 640 Κυβιστρέων
1757 581 1954 624 Mionnet

231 645 312 687 IV
319 660 366 700 p.
386 650 472 688 437
487 661 530 689 n.
550 650 648 690 218.
679 647 876 690 Alterum
898 649 1118 704 descripsit
1143 653 1182 691 et
1205 649 1263 692 ad
1281 650 1454 692 eundem
1473 650 1636 692 rettulit
1654 650 1762 692 Pich·
1784 649 1954 693 Wiener

234 713 590 757 Numismatische
621 715 868 770 Zeitschrift
895 717 1076 759 XXIII
1093 717 1240 772 (1891)
1263 732 1311 771 p.
1345 721 1410 768 70,
1442 719 1515 771 qui
1540 719 1587 760 in
1617 719 1795 761 adversa
1826 720 1953 772 caput

236 781 421 824 Traiani
438 783 602 826 exhibet
627 787 666 826 et
685 785 999 839 inscriptionem
1023 784 1116 828 Αὐτ.
1140 785 1222 842 Νερ
1236 819 1245 827 .
1259 804 1325 832 ..ς
1342 787 1498 842 Καῖσαρ
1523 787 1616 843 Σεβ.
1640 788 1670 829 Γ
1672 804 1729 843 ερ.
1751 788 1834 829 Δακ
1847 819 1950 840 .....

230 850 277 891 in
307 864 458 893 aversa
489 851 579 894 Ἐπὶ
611 852 659 894 Π.
682 851 733 895 Κ.
755 851 1017 907 Ῥοῦσω(νος)
1052 853 1389 912 Σεβαστοπόλεως
1419 853 1535 906 ΕΘΡ,
1562 855 1616 896 .id
1644 858 1703 897 est
1733 869 1844 897 anno
1871 857 1953 896 109

232 931 358 960 aerae
379 918 774 974 Sebastopolitanae
796 921 866 976 (cf.
886 921 1162 975 Marquardt,
1189 922 1596 976 Staatsverwaltuny
1613 923 1667 964 12
1684 937 1733 976 p.
1743 926 1825 964 371
1849 937 1890 966 n.
1911 924 1951 978 7)

231 1005 286 1020 =
308 1001 348 1028 a.
369 990 455 1029 107
479 1001 606 1030 aerae
632 988 834 1043 vulyaris.
889 990 1152 1043 Quamquam
1172 990 1340 1031 Rusoni
1366 990 1464 1032 huic
1492 990 1777 1045 Waddinyton
1804 1004 1954 1033 nomen

227 1053 407 1097 Calvisii
425 1056 712 1109 probabiliter
742 1058 904 1107 tribuit,
944 1061 1083 1100 tamen
1113 1058 1246 1112 plane
1285 1059 1488 1100 incertum
1519 1062 1592 1108 est,
1620 1061 1763 1100 utrum
1793 1059 1955 1113 leyatus

229 1122 338 1164 idem
369 1126 492 1177 atque
514 1124 744 1178 proconsul
774 1139 831 1167 an
860 1124 924 1176 (id
945 1125 1056 1179 quod
1077 1127 1214 1180 maqis
1234 1125 1501 1174 crediderim).
1519 1126 1636 1180 filius
1665 1126 1791 1168 huius
1808 1127 1951 1180 fuerit.

144 1189 228 1232 286
259 1197 515 1233 CALVISIVS
547 1198 755 1235 SABINVS
795 1199 936 1235 aetate
968 1194 1159 1236 Senecae
1199 1193 1440 1249 philosophi
1483 1194 1565 1236 fuit
1595 1194 1716 1236 dives
1747 1201 1790 1236 et
1821 1196 1953 1250 patri-

229 1259 420 1300 monium
448 1259 637 1302 habebat
664 1260 856 1303 libertini
882 1268 924 1303 et
954 1263 1198 1316 ingenium3
1230 1262 1428 1318 exempla
1448 1262 1657 1304 stultitiae
1678 1265 1770 1305 eius
1792 1263 1953 1305 Seneca

231 1327 349 1380 epist.
380 1331 450 1378 27,
480 1330 581 1372 5-8.
645 1329 910 1382 Quamquam
940 1331 1154 1384 pertinere
1188 1330 1352 1372 videtur
1392 1330 1451 1372 ad
1485 1330 1652 1373 domum
1691 1331 1953 1373 consularem

164 1403 167 1404 ’
229 1396 383 1438 aetatis
402 1396 626 1448 Iuliorum,
660 1401 800 1439 tamen
826 1398 916 1440 sine
945 1398 1098 1440 idonea
1129 1412 1261 1440 causa
1291 1413 1380 1441 eum
1413 1399 1544 1452 fuisse
1575 1399 1782 1441 consulem
1813 1414 1852 1441 a.
1875 1402 1953 1442 750

228 1481 286 1498 =
313 1467 342 1506 4
372 1478 411 1506 a.
441 1464 487 1507 C.
518 1466 670 1507 statuit
695 1465 907 1520 Boryhesi
935 1480 1028 1520 opp.
1061 1466 1103 1508 V
1114 1481 1163 1520 p.
1185 1469 1388 1532 157Λ

144 1531 227 1574 287
261 1539 301 1574 C.
324 1539 578 1576 CALVISIVS
602 1540 825 1588 SABINVS,
851 1534 1003 1577 consul
1023 1550 1061 1579 a.
1081 1535 1242 1577 715—
1185 1555 1242 1569 =
1263 1535 1318 1577 39
1339 1550 1376 1577 a.
1398 1535 1445 1578 C.
1470 1550 1570 1577 cum
1589 1535 1638 1577 L.
1657 1535 1822 1578 Marcio
1846 1535 1952 1578 Oen—

228 1601 386 1643 sorino.
412 1602 714 1645 Memoratur
697 1617 740 1645 in
756 1603 904 1646 tabula
919 1603 1225 1658 triumphorum
1239 1603 1565 1646 Barberiniana
1577 1603 1676 1651 CIL
1688 1603 1743 1646 12
1751 1619 1800 1658 p.
1811 1607 1869 1646 77
1881 1603 1953 1658 (1),

228 1670 377 1723 posuit
413 1670 624 1713 miliarios
662 1672 756 1714 viae
782 1671 968 1714 Latinae
995 1671 1044 1713 X
1069 1674 1188 1714 6895.
1218 1674 1468 1717 6897-6901
1499 1668 1577 1724 (2).
1637 1671 1705 1714 De
1735 1672 1870 1714 titulis
1900 1673 1954 1726 cf.

229 1740 268 1779 et
295 1751 338 1779 n.
367 1741 467 1781 288.
1760 1744 1763 1746 ’

162 1849 190 1854 Δ,
314 1805 370 1848 In
409 1806 651 1849 consulatu:
690 1807 768 1863 [O.]
810 1807 1027 1851 Calvisius
1065 1809 1174 1862 fasti
1213 1809 1396 1851 minores
1436 1807 1559 1852 VIII
1587 1808 1689 1851 CIL
1718 1808 1773 1850 12
1805 1823 1854 1863 p.
1888 1811 1953 1860 65,

232 1873 488 1925 Cassiodor.‚
520 1874 568 1918 O.
593 1874 781 1919 Sabinus
812 1875 900 1919 Dio
920 1879 990 1927 48,
1011 1879 1078 1927 34,
1112 1909 1121 1919 .
1139 1910 1148 1919 .
1168 1910 1179 1920 .
1196 1910 1206 1919 .
1224 1909 1234 1919 .
1266 1878 1296 1921 Γ
1301 1911 1309 1919 .
1332 1879 1381 1920 υἱ.
1405 1877 1574 1935 Σαβῖνος
1602 1876 1691 1921 Dio
1719 1876 1807 1920 ind.
1840 1877 1868 1920 l.
1886 1880 1954 1927 48,

230 1945 409 1985 ceterum
440 1942 627 1991 Sabinus
656 1944 776 1998 fasti.
809 1969 862 1975 —
902 1945 951 1988 O.
985 1943 1202 1988 Calvisius
1232 1944 1419 1988 Sabinus
1450 1948 1478 1989 t.
1510 1949 1552 1995 2,
1594 1945 1658 1999 [C.
1691 1944 1955 2001 C]alv[is]ius

228 2010 446 2066 [S]abinus
483 2015 511 2054 t.
540 2015 581 2054 1.
611 2037 663 2042 —
698 2012 833 2067 Apud
862 2014 1109 2067 scriptores:
1140 2013 1274 2067 plena
1309 2014 1482 2055 nomina
1522 2016 1667 2055 extant
1705 2012 1823 2058 Caes.
1862 2013 1955 2057 bell.

151 2125 155 2126 ⁷
231 2079 306 2121 civ.
326 2082 367 2130 3,
387 2083 453 2130 34,
485 2083 665 2123 ceterum
692 2080 741 2125 O.
769 2080 984 2124 Calvisius
1014 2082 1099 2124 sive
1123 2081 1339 2127 Calvisius
1372 2081 1560 2124 Sabinus
1590 2083 1675 2123 sive
1706 2081 1907 2126 Sabinus.

317 2147 366 2191 C.
399 2148 427 2190 f.
460 2152 488 2190 t.
511 2153 554 2199 2,
586 2149 675 2196 Dio
706 2150 792 2192 ind.
821 2150 847 2194 l.
867 2153 936 2192 48.
958 2175 1016 2180 -
1039 2150 1169 2192 Α11110
1202 2151 1284 2195 706
1305 2170 1360 2184 =
1380 2151 1435 2192 48
1467 2157 1566 2192 ante
1595 2164 1788 2206 pugnam
1820 2149 1955 2191 Phar-

220 2215 405 2263 salicam
437 2231 536 2259 cum
566 2218 758 2274 quinque
789 2218 1038 2261 cohortibus
1070 2219 1189 2261 iussu
1220 2217 1418 2262 Caesaris
1450 2219 1565 2261 omni
1593 2217 1955 2273 Aetoliasspotitus

233 2291 296 2326 est
316 2283 433 2329 Caes.
457 2285 550 2328 bell.
573 2286 648 2328 civ.
669 2289 709 2336 3,
727 2289 793 2328 34.
816 2289 870 2329 35
879 2300 893 2338 ,·
924 2302 1009 2343 quo
1041 2288 1214 2340 negotio
1245 2286 1439 2328 confecto
1471 2286 1668 2330 cohortes
1699 2285 1760 2329 ad.
1779 2285 1954 2329 Fufium

232 2353 440 2396 Calenum
470 2355 515 2396 in
546 2354 755 2397 Achaiam
785 2355 913 2397 duxit
942 2355 1028 2398 ibd.
1056 2359 1096 2405 3,
1126 2358 1193 2398 55.
1253 2356 1357 2398 Fuit
1387 2356 1431 2397 in
1462 2361 1626 2408 senatu,
1665 2369 1772 2397 cum>
1795 2353 1957 2396 Caesar

204 2462 208 2464 .
231 2422 418 2464 dictator
449 2423 763 2465 interficeretur
794 2423 1003 2466 Nicolaus
1031 2422 1238 2466 Damasc.
1264 2424 1334 2467 vit.
1364 2422 1487 2466 Caes.
1507 2426 1577 2465 26.
1630 2422 1673 2466 Α,
1700 2422 1885 2466 Caesare
1917 2423 1955 2463 01

230 2491 454 2546 provincia
484 2490 635 2532 Africa
663 2490 878 2535 destinata
907 2490 1071 2543 fuerat;
1108 2491 1254 2533 Cicero
1277 2490 1470 2545 Philipp.
1496 2494 1536 2541 3,
1561 2493 1632 2544 26,
1663 2491 1739 2532 ubi
1768 2491 1954 2533 sortitio-

229 2573 322 2601 nem
343 2559 667 2613 provineiarum
697 2559 750 2600 ab
782 2558 971 2601 Antonio
1002 2559 1069 2601 die
1097 2561 1156 2602 28
1182 2573 1236 2601 m.
1270 2558 1520 2601 Novembris
1551 2573 1589 2600 a.
1622 2562 1700 2601 744
1730 2560 1776 2600 in
1804 2561 1955 2600 senatu

230 2628 468 2686 institutam
507 2626 670 2677 irridet,
711 2626 835 2677 dicit,
880 2626 946 2670 ιΟ.
978 2626 1195 2670 Calvisius
1226 2626 1422 2669 Africam
1463 2626 1569 2678 (scil.
1601 2641 1684 2681 per
1720 2626 1954 2670 Antonium

232 2696 421 2750 accepit),
467 2694 574 2737 nihil
618 2694 809 2737 felicius!
854 2695 979 2737 modo
1027 2696 1138 2736 enim
1185 2710 1236 2737 ex
1274 2694 1427 2737 Africa
1465 2695 1709 2736 decesserat
1747 2702 1791 2737 et
1829 2696 1952 2750 quasi

233 2763 438 2806 divinans
468 2778 513 2805 se
543 2762 786 2805 rediturum
817 2763 925 2805 duos
954 2763 1118 2818 legatos
1141 2763 1294 2805 Vticae
1314 2763 1580 2819 reliquerat'.
1640 2762 1754 2805 Vnde
1775 2766 1955 2817 apparet

231 2846 322 2874 eum
352 2834 455 2885 post
489 2831 689 2874 Caesaris
730 2845 871 2874 necem
910 2832 955 2873 in
994 2831 1196 2884 Africam
1227 2831 1468 2885 profectum
1503 2832 1551 2884 Q.
1589 2830 1819 2885 Cornificio
1851 2845 1955 2885 pro-

232 2899 395 2942 consuli
412 2898 595 2953 Africae
619 2914 646 2941 a
665 2903 814 2942 senatu
833 2903 1073 2954 nuncupato
1096 2900 1264 2941 cessisse
1285 2899 1338 2952 cf.
1362 2898 1446 2943 Cic.
1469 2899 1528 2941 ad
1545 2899 1710 2942 Famil.
1732 2902 1802 2949 12,
1823 2901 1895 2949 25,
1917 2903 1954 2942 1.

231 2968 395 3010 Romae
424 2968 507 3010 fuit
535 2983 573 3010 a.
597 2968 674 3010 711
699 2988 755 3002 =
776 2969 831 3010 43
861 2968 996 3022 (circa
1034 2971 1193 3022 tempus
1233 2968 1322 3020 fere
1353 2981 1528 3022 puynae
1554 2966 1829 3021 Mutinensis)
1867 2966 1954 3010 Cic.

231 3036 318 3079 ibd.
347 3039 415 3086 10,
446 3038 518 3087 25,
549 3039 600 3087 3;
628 3039 704 3086 10,
720 3038 792 3086 26,
818 3039 858 3079 3.
918 3035 1046 3078 Α11110
1080 3036 1160 3077 715
1192 3055 1246 3070 =
1277 3035 1332 3078 39
1363 3035 1514 3078 consul
1542 3049 1579 3078 v.
1610 3049 1779 3090 supra„
1815 3034 1954 3077 Annis

232 3105 314 3147 716
343 3111 386 3146 et
415 3104 496 3147 717
529 3123 583 3139 =
614 3105 668 3146 38
701 3111 745 3146 et
773 3105 826 3146 37
858 3104 950 3146 dux
980 3103 1028 3147 C.
1051 3103 1356 3146 Caesaris-filii
1388 3110 1538 3146 contra
1570 3104 1672 3147 Sex.
1702 3104 1954 3160 Pompeium

228 3171 391 3214 bellum
419 3174 554 3227 gessit
586 3172 776 3227 Appian.
809 3172 902 3214 bell.
934 3173 1010 3214 civ.
1038 3174 1077 3222 5,
1097 3174 1253 3214 80-84.
1279 3174 1346 3216 85.
1372 3174 1529 3215 86-88.
1553 3174 1618 3215 96.
1640 3175 1738 3221 102,
1767 3170 1857 3214 Dio
1885 3174 1952 3221 48,

229 3243 383 3283 46-48.
414 3243 481 3283 54.
551 3240 679 3282 Α11110
711 3241 792 3283 722
825 3259 881 3274 =
910 3241 966 3282 32
1007 3241 1051 3281 111
1091 3246 1245 3282 senatu
1284 3238 1444 3295 probra
1481 3239 1661 3282 Antonii
1701 3239 1954 3294 perstrinxit

230 3300 453 3350 Plutarch.
474 3308 633 3352 Anton.
654 3310 721 3351 58.
744 3311 818 3350 59.
872 3307 1000 3350 Α11110
1024 3308 1106 3350 726
1126 3327 1182 3343 =
1203 3308 1258 3350 28
1279 3307 1390 3350 VIII
1415 3307 1502 3351 kal.
1530 3308 1625 3349 Iun.
1654 3321 1711 3349 ex
1738 3307 1953 3362 Hispania

230 3376 516 3433 triumphavit
550 3380 578 3419 t.
609 3380 647 3419 1.
708 3375 757 3419 O.
788 3375 1004 3419 Calvisius
1046 3375 1235 3419 Sabinus
1275 3390 1361 3420 cos,
1393 3377 1625 3432 imperator
1663 3376 1709 3418 in
1749 3374 1953 3417 miliariis
