<?xml version="1.0" encoding="UTF-8"?>
<!DOCTYPE html PUBLIC "-//W3C//DTD XHTML 1.0 Transitional//EN"
    "http://www.w3.org/TR/xhtml1/DTD/xhtml1-transitional.dtd">
<html xmlns="http://www.w3.org/1999/xhtml" xml:lang="en" lang="en">
 <head>
  <title>
</title>
<meta http-equiv="Content-Type" content="text/html;charset=utf-8" />
  <meta name='ocr-system' content='tesseract 3.04.00' />
  <meta name='ocr-capabilities' content='ocr_page ocr_carea ocr_par ocr_line ocrx_word'/>
</head>
<body>
  <div class='ocr_page' id='page_1' title='image "./prosopographiaim01akaduoft/prosopographiaim01akaduoft_0482.png"; bbox 0 0 2202 3730; ppageno 0'>
   <div class='ocr_carea' id='block_1_1' title="bbox 288 303 2086 348">
    <p class='ocr_par' dir='ltr' id='par_1_1' title="bbox 288 303 2086 348">
     <span class='ocr_line' id='line_1_1' title="bbox 288 303 2086 348; baseline -0.002 0"><span class='ocrx_word' id='word_1_1' title='bbox 288 311 565 348; x_wconf 86' lang='lat' dir='ltr'>CORNELIVS</span> <span class='ocrx_word' id='word_1_2' title='bbox 1142 303 1226 344; x_wconf 85' lang='grc'><em>466</em></span> <span class='ocrx_word' id='word_1_3' title='bbox 1805 309 2086 345; x_wconf 85' lang='lat' dir='ltr'><strong>CORNELIVS</strong></span> 
     </span>
    </p>
   </div>
   <div class='ocr_carea' id='block_1_2' title="bbox 1917 373 2085 379">
    <p class='ocr_par' dir='ltr' id='par_1_2' title="bbox 1917 373 2085 379">
     <span class='ocr_line' id='line_1_2' title="bbox 1917 373 2085 379; baseline 0 0"><span class='ocrx_word' id='word_1_4' title='bbox 1917 373 2085 379; x_wconf 95' lang='lat' dir='ltr'><em> </em></span> 
     </span>
    </p>
   </div>
   <div class='ocr_carea' id='block_1_3' title="bbox 292 367 1674 382">
    <p class='ocr_par' dir='ltr' id='par_1_3' title="bbox 292 367 1674 382">
     <span class='ocr_line' id='line_1_3' title="bbox 292 367 1674 382; baseline 0 0"><span class='ocrx_word' id='word_1_5' title='bbox 292 367 1674 382; x_wconf 95' lang='lat' dir='ltr'><em> </em></span> 
     </span>
    </p>
   </div>
   <div class='ocr_carea' id='block_1_4' title="bbox 367 437 2088 832">
    <p class='ocr_par' dir='ltr' id='par_1_4' title="bbox 367 437 2088 832">
     <span class='ocr_line' id='line_1_4' title="bbox 369 437 2085 495; baseline -0.001 -12"><span class='ocrx_word' id='word_1_6' title='bbox 369 442 513 495; x_wconf 79' lang='lat' dir='ltr'><em>fuerat</em></span> <span class='ocrx_word' id='word_1_7' title='bbox 543 443 651 489; x_wconf 86' lang='lat' dir='ltr'><em>ante,</em></span> <span class='ocrx_word' id='word_1_8' title='bbox 675 442 826 493; x_wconf 75' lang='lat' dir='ltr'><em>postea</em></span> <span class='ocrx_word' id='word_1_9' title='bbox 854 437 1101 480; x_wconf 75' lang='lat' dir='ltr'><em>monetalem</em></span> <span class='ocrx_word' id='word_1_10' title='bbox 1129 438 1273 490; x_wconf 82' lang='lat' dir='ltr'><em>fuisse.</em></span> <span class='ocrx_word' id='word_1_11' title='bbox 1332 437 1470 479; x_wconf 90' lang='lat' dir='ltr'><em>Immo</em></span> <span class='ocrx_word' id='word_1_12' title='bbox 1501 437 1581 479; x_wconf 83' lang='lat' dir='ltr'><em>cluo</em></span> <span class='ocrx_word' id='word_1_13' title='bbox 1609 437 1794 480; x_wconf 79' lang='lat' dir='ltr'><em>homines</em></span> <span class='ocrx_word' id='word_1_14' title='bbox 1824 440 2085 493; x_wconf 69' lang='lat' dir='ltr'><em>coynomines</em></span> 
     </span>
     <span class='ocr_line' id='line_1_5' title="bbox 370 505 2086 561; baseline -0.001 -11"><span class='ocrx_word' id='word_1_15' title='bbox 370 510 522 550; x_wconf 89' lang='lat' dir='ltr'><em>aetatis</em></span> <span class='ocrx_word' id='word_1_16' title='bbox 561 507 747 560; x_wconf 72' lang='lat' dir='ltr'><em>Auyusti</em></span> <span class='ocrx_word' id='word_1_17' title='bbox 785 505 1071 559; x_wconf 72' lang='lat' dir='ltr'><em>distinyuendi</em></span> <span class='ocrx_word' id='word_1_18' title='bbox 1108 505 1214 547; x_wconf 76' lang='lat' dir='ltr'><em>mihi</em></span> <span class='ocrx_word' id='word_1_19' title='bbox 1255 505 1449 546; x_wconf 77' lang='lat' dir='ltr'><em>videntur</em></span> <span class='ocrx_word' id='word_1_20' title='bbox 1486 506 1570 547; x_wconf 84' lang='lat' dir='ltr'><em>sive</em></span> <span class='ocrx_word' id='word_1_21' title='bbox 1601 509 1732 559; x_wconf 76' lang='lat' dir='ltr'><em>pater</em></span> <span class='ocrx_word' id='word_1_22' title='bbox 1765 506 1958 561; x_wconf 71' lang='lat' dir='ltr'><em>filiusque</em></span> <span class='ocrx_word' id='word_1_23' title='bbox 2001 508 2086 550; x_wconf 89' lang='lat' dir='ltr'><em>sive</em></span> 
     </span>
     <span class='ocr_line' id='line_1_6' title="bbox 367 573 2085 630; baseline -0.001 -12"><span class='ocrx_word' id='word_1_24' title='bbox 367 578 536 630; x_wconf 82' lang='lat' dir='ltr'><em>fratres.</em></span> <span class='ocrx_word' id='word_1_25' title='bbox 588 575 685 617; x_wconf 88' lang='lat' dir='ltr'><em>Vter</em></span> <span class='ocrx_word' id='word_1_26' title='bbox 704 574 937 628; x_wconf 77' lang='lat' dir='ltr'><em>proconsul</em></span> <span class='ocrx_word' id='word_1_27' title='bbox 967 573 1143 616; x_wconf 77' lang='lat' dir='ltr'><em>Siciliae</em></span> <span class='ocrx_word' id='word_1_28' title='bbox 1173 574 1316 627; x_wconf 83' lang='lat' dir='ltr'><em>fuerit,</em></span> <span class='ocrx_word' id='word_1_29' title='bbox 1347 587 1431 615; x_wconf 86' lang='lat' dir='ltr'><em>non</em></span> <span class='ocrx_word' id='word_1_30' title='bbox 1465 574 1601 628; x_wconf 71' lang='lat' dir='ltr'><em>mayis</em></span> <span class='ocrx_word' id='word_1_31' title='bbox 1632 574 1807 628; x_wconf 72' lang='lat' dir='ltr'><em>definire</em></span> <span class='ocrx_word' id='word_1_32' title='bbox 1837 574 1931 617; x_wconf 86' lang='lat' dir='ltr'><em>lieet</em></span> <span class='ocrx_word' id='word_1_33' title='bbox 1959 589 2085 628; x_wconf 79' lang='lat' dir='ltr'><em>quam</em></span> 
     </span>
     <span class='ocr_line' id='line_1_7' title="bbox 369 641 2083 696; baseline -0.001 -10"><span class='ocrx_word' id='word_1_34' title='bbox 369 645 426 686; x_wconf 74' lang='lat' dir='ltr'><em>acl</em></span> <span class='ocrx_word' id='word_1_35' title='bbox 464 647 605 685; x_wconf 89' lang='lat' dir='ltr'><em>utrum</em></span> <span class='ocrx_word' id='word_1_36' title='bbox 648 642 893 696; x_wconf 78' lang='lat' dir='ltr'><em>referendus</em></span> <span class='ocrx_word' id='word_1_37' title='bbox 933 642 990 683; x_wconf 91' lang='lat' dir='ltr'><em>sit</em></span> <span class='ocrx_word' id='word_1_38' title='bbox 1034 641 1180 683; x_wconf 83' lang='lat' dir='ltr'><em>titulus</em></span> <span class='ocrx_word' id='word_1_39' title='bbox 1219 641 1360 684; x_wconf 86' lang='lat' dir='ltr'><em>liberti</em></span> <span class='ocrx_word' id='word_1_40' title='bbox 1399 641 1467 683; x_wconf 89' lang='lat' dir='ltr'><em>VI</em></span> <span class='ocrx_word' id='word_1_41' title='bbox 1499 645 1631 684; x_wconf 84' lang='lat'><em>1900:</em></span> <span class='ocrx_word' id='word_1_42' title='bbox 1669 641 1722 683; x_wconf 92' lang='lat' dir='ltr'><em>V.</em></span> <span class='ocrx_word' id='word_1_43' title='bbox 1763 642 1814 684; x_wconf 91' lang='lat' dir='ltr'><em>L.</em></span> <span class='ocrx_word' id='word_1_44' title='bbox 1857 641 2083 684; x_wconf 84' lang='lat' dir='ltr'><em>Cornelius</em></span> 
     </span>
     <span class='ocr_line' id='line_1_8' title="bbox 369 709 2088 764; baseline -0.002 -10"><span class='ocrx_word' id='word_1_45' title='bbox 369 712 576 754; x_wconf 83' lang='lat' dir='ltr'><em>Sisennae</em></span> <span class='ocrx_word' id='word_1_46' title='bbox 607 710 746 752; x_wconf 79' lang='lat' dir='ltr'><em>libert.</em></span> <span class='ocrx_word' id='word_1_47' title='bbox 777 709 956 752; x_wconf 81' lang='lat' dir='ltr'><strong>Hilarus</strong></span> <span class='ocrx_word' id='word_1_48' title='bbox 979 713 1051 752; x_wconf 90' lang='lat' dir='ltr'><em>ete.</em></span> <span class='ocrx_word' id='word_1_49' title='bbox 1078 734 1127 739; x_wconf 81' lang='lat'>—</span> <span class='ocrx_word' id='word_1_50' title='bbox 1159 709 1392 764; x_wconf 75' lang='lat' dir='ltr'><em>Perperam</em></span> <span class='ocrx_word' id='word_1_51' title='bbox 1422 709 1647 752; x_wconf 74' lang='lat' dir='ltr'><em>Sisennam</em></span> <span class='ocrx_word' id='word_1_52' title='bbox 1675 709 1833 752; x_wconf 83' lang='lat' dir='ltr'><em>Dionis</em></span> <span class='ocrx_word' id='word_1_53' title='bbox 1861 711 2088 753; x_wconf 85' lang='lat' dir='ltr'><em>memorari</em></span> 
     </span>
     <span class='ocr_line' id='line_1_9' title="bbox 370 777 1378 832; baseline -0.002 -10"><span class='ocrx_word' id='word_1_54' title='bbox 370 781 423 822; x_wconf 85' lang='lat' dir='ltr'><em>ab</em></span> <span class='ocrx_word' id='word_1_55' title='bbox 455 779 638 821; x_wconf 88' lang='lat' dir='ltr'><em>Horatio</em></span> <span class='ocrx_word' id='word_1_56' title='bbox 668 781 748 820; x_wconf 88' lang='lat' dir='ltr'><em>sat.</em></span> <span class='ocrx_word' id='word_1_57' title='bbox 782 781 820 827; x_wconf 87' lang='lat'><em>1,</em></span> <span class='ocrx_word' id='word_1_58' title='bbox 854 781 892 828; x_wconf 97' lang='grc'><em>7,</em></span> <span class='ocrx_word' id='word_1_59' title='bbox 922 780 950 819; x_wconf 89' lang='grc'><em>8</em></span> <span class='ocrx_word' id='word_1_60' title='bbox 978 778 1129 819; x_wconf 77' lang='lat' dir='ltr'><em>statuit</em></span> <span class='ocrx_word' id='word_1_61' title='bbox 1157 777 1378 832; x_wconf 71' lang='lat' dir='ltr'><em>Boryhesi.</em></span> 
     </span>
    </p>
   </div>
   <div class='ocr_carea' id='block_1_5' title="bbox 284 854 2084 980">
    <p class='ocr_par' dir='ltr' id='par_1_5' title="bbox 284 854 2084 980">
     <span class='ocr_line' id='line_1_10' title="bbox 284 854 2084 914; baseline 0.001 -15"><span class='ocrx_word' id='word_1_62' title='bbox 284 854 388 900; x_wconf 92' lang='grc'>1191</span> <span class='ocrx_word' id='word_1_63' title='bbox 428 863 706 899; x_wconf 86' lang='lat' dir='ltr'>CORNELIVS</span> <span class='ocrx_word' id='word_1_64' title='bbox 735 863 893 898; x_wconf 86' lang='lat' dir='ltr'><strong>SVLLA</strong></span> <span class='ocrx_word' id='word_1_65' title='bbox 924 856 1005 898; x_wconf 89' lang='lat' dir='ltr'><em>fuit</em></span> <span class='ocrx_word' id='word_1_66' title='bbox 1035 858 1147 898; x_wconf 91' lang='lat' dir='ltr'><em>inter</em></span> <span class='ocrx_word' id='word_1_67' title='bbox 1173 856 1377 912; x_wconf 88' lang='lat' dir='ltr'><em>prodigos</em></span> <span class='ocrx_word' id='word_1_68' title='bbox 1409 863 1450 898; x_wconf 90' lang='lat' dir='ltr'><em>et</em></span> <span class='ocrx_word' id='word_1_69' title='bbox 1481 856 1534 898; x_wconf 93' lang='lat' dir='ltr'><em>ob</em></span> <span class='ocrx_word' id='word_1_70' title='bbox 1563 856 1728 910; x_wconf 87' lang='lat' dir='ltr'><em>flagitia</em></span> <span class='ocrx_word' id='word_1_71' title='bbox 1758 864 1943 912; x_wconf 82' lang='lat' dir='ltr'><em>egentes,</em></span> <span class='ocrx_word' id='word_1_72' title='bbox 1977 872 2084 914; x_wconf 88' lang='lat' dir='ltr'><em>quos</em></span> 
     </span>
     <span class='ocr_line' id='line_1_11' title="bbox 367 924 2084 980; baseline 0.001 -14"><span class='ocrx_word' id='word_1_73' title='bbox 367 925 567 967; x_wconf 89' lang='lat' dir='ltr'><em>Tiberius</em></span> <span class='ocrx_word' id='word_1_74' title='bbox 589 940 701 966; x_wconf 87' lang='lat' dir='ltr'><em>anno</em></span> <span class='ocrx_word' id='word_1_75' title='bbox 716 926 767 967; x_wconf 88' lang='lat'><em>17</em></span> <span class='ocrx_word' id='word_1_76' title='bbox 785 926 919 966; x_wconf 89' lang='lat' dir='ltr'><em>movit</em></span> <span class='ocrx_word' id='word_1_77' title='bbox 941 931 1093 966; x_wconf 86' lang='lat' dir='ltr'><em>senatu</em></span> <span class='ocrx_word' id='word_1_78' title='bbox 1115 931 1189 966; x_wconf 86' lang='lat' dir='ltr'><em>aut</em></span> <span class='ocrx_word' id='word_1_79' title='bbox 1209 931 1360 980; x_wconf 86' lang='lat' dir='ltr'><em>sponte</em></span> <span class='ocrx_word' id='word_1_80' title='bbox 1378 924 1530 966; x_wconf 83' lang='lat' dir='ltr'><em>cedere</em></span> <span class='ocrx_word' id='word_1_81' title='bbox 1550 940 1701 980; x_wconf 83' lang='lat' dir='ltr'><em>passus</em></span> <span class='ocrx_word' id='word_1_82' title='bbox 1718 931 1783 966; x_wconf 89' lang='lat' dir='ltr'><em>est</em></span> <span class='ocrx_word' id='word_1_83' title='bbox 1799 926 1896 968; x_wconf 84' lang='lat' dir='ltr'><em>Tac.</em></span> <span class='ocrx_word' id='word_1_84' title='bbox 1915 940 1954 970; x_wconf 85' lang='lat' dir='ltr'><em>a.</em></span> <span class='ocrx_word' id='word_1_85' title='bbox 1971 929 2084 976; x_wconf 83' lang='grc'><em>2,48.</em></span> 
     </span>
    </p>
   </div>
   <div class='ocr_carea' id='block_1_6' title="bbox 287 1004 2085 1595">
    <p class='ocr_par' dir='ltr' id='par_1_6' title="bbox 287 1004 2085 1265">
     <span class='ocr_line' id='line_1_12' title="bbox 287 1004 2085 1058; baseline 0.001 -12"><span class='ocrx_word' id='word_1_86' title='bbox 287 1006 395 1047; x_wconf 82' lang='grc'>1192</span> <span class='ocrx_word' id='word_1_87' title='bbox 425 1012 647 1047; x_wconf 87' lang='lat' dir='ltr'>FAVSTVS</span> <span class='ocrx_word' id='word_1_88' title='bbox 679 1011 960 1047; x_wconf 84' lang='lat' dir='ltr'>CORNELIVS</span> <span class='ocrx_word' id='word_1_89' title='bbox 993 1011 1177 1058; x_wconf 80' lang='lat' dir='ltr'>SVLLA,</span> <span class='ocrx_word' id='word_1_90' title='bbox 1221 1004 1370 1046; x_wconf 90' lang='lat' dir='ltr'><em>consul</em></span> <span class='ocrx_word' id='word_1_91' title='bbox 1401 1004 1603 1046; x_wconf 85' lang='lat' dir='ltr'><em>suffectus</em></span> <span class='ocrx_word' id='word_1_92' title='bbox 1635 1019 1745 1046; x_wconf 92' lang='lat' dir='ltr'><em>anno</em></span> <span class='ocrx_word' id='word_1_93' title='bbox 1777 1006 1845 1049; x_wconf 85' lang='lat'><em>31.</em></span> <span class='ocrx_word' id='word_1_94' title='bbox 1905 1007 1961 1048; x_wconf 87' lang='lat' dir='ltr'><em>In</em></span> <span class='ocrx_word' id='word_1_95' title='bbox 1991 1020 2085 1048; x_wconf 85' lang='lat' dir='ltr'><em>con-</em></span> 
     </span>
     <span class='ocr_line' id='line_1_13' title="bbox 365 1072 2082 1126; baseline 0.002 -13"><span class='ocrx_word' id='word_1_96' title='bbox 365 1074 530 1116; x_wconf 84' lang='lat' dir='ltr'><em>sulatu:</em></span> <span class='ocrx_word' id='word_1_97' title='bbox 573 1075 761 1116; x_wconf 81' lang='lat' dir='ltr'>Faustus</span> <span class='ocrx_word' id='word_1_98' title='bbox 803 1073 1029 1116; x_wconf 85' lang='lat' dir='ltr'><em>Cornelius</em></span> <span class='ocrx_word' id='word_1_99' title='bbox 1071 1072 1192 1115; x_wconf 85' lang='lat' dir='ltr'><em>Sulla</em></span> <span class='ocrx_word' id='word_1_100' title='bbox 1222 1073 1270 1115; x_wconf 92' lang='lat' dir='ltr'><strong><em>X</em></strong></span> <span class='ocrx_word' id='word_1_101' title='bbox 1294 1075 1406 1115; x_wconf 87' lang='grc'>1233</span> <span class='ocrx_word' id='word_1_102' title='bbox 1444 1073 1552 1126; x_wconf 83' lang='lat' dir='ltr'><em>fasti</em></span> <span class='ocrx_word' id='word_1_103' title='bbox 1593 1072 1776 1123; x_wconf 89' lang='lat' dir='ltr'><em>Nolani,</em></span> <span class='ocrx_word' id='word_1_104' title='bbox 1812 1073 1939 1116; x_wconf 89' lang='lat' dir='ltr'><em>XIV</em></span> <span class='ocrx_word' id='word_1_105' title='bbox 1958 1077 2082 1125; x_wconf 87' lang='grc'><em>2466,</em></span> 
     </span>
     <span class='ocr_line' id='line_1_14' title="bbox 368 1140 2084 1197; baseline 0 -13"><span class='ocrx_word' id='word_1_106' title='bbox 368 1143 569 1196; x_wconf 84' lang='lat' dir='ltr'><em>[Faustus</em></span> <span class='ocrx_word' id='word_1_107' title='bbox 606 1141 848 1197; x_wconf 85' lang='lat' dir='ltr'><em>Cor]nelius</em></span> <span class='ocrx_word' id='word_1_108' title='bbox 889 1141 1039 1196; x_wconf 87' lang='lat' dir='ltr'><em>[Sulla]</em></span> <span class='ocrx_word' id='word_1_109' title='bbox 1065 1141 1141 1183; x_wconf 81' lang='lat' dir='ltr'><em>VI</em></span> <span class='ocrx_word' id='word_1_110' title='bbox 1162 1144 1281 1184; x_wconf 88' lang='grc'>2298</span> <span class='ocrx_word' id='word_1_111' title='bbox 1291 1154 1304 1192; x_wconf 89' lang='grc'><em>;</em></span> <span class='ocrx_word' id='word_1_112' title='bbox 1342 1141 1530 1183; x_wconf 84' lang='lat' dir='ltr'><em>Faustus</em></span> <span class='ocrx_word' id='word_1_113' title='bbox 1572 1140 1693 1183; x_wconf 88' lang='lat' dir='ltr'><em>Sulla</em></span> <span class='ocrx_word' id='word_1_114' title='bbox 1723 1142 1831 1194; x_wconf 78' lang='lat' dir='ltr'><em>fasti</em></span> <span class='ocrx_word' id='word_1_115' title='bbox 1857 1141 2084 1184; x_wconf 78' lang='lat' dir='ltr'><em>Arvalium</em></span> 
     </span>
     <span class='ocr_line' id='line_1_15' title="bbox 367 1209 1383 1265; baseline 0 -12"><span class='ocrx_word' id='word_1_116' title='bbox 367 1210 465 1253; x_wconf 81' lang='lat' dir='ltr'>CIL</span> <span class='ocrx_word' id='word_1_117' title='bbox 495 1212 529 1253; x_wconf 93' lang='grc' dir='ltr'><em>Ι</em></span> <span class='ocrx_word' id='word_1_118' title='bbox 534 1212 549 1235; x_wconf 77' lang='lat'><strong>²</strong></span> <span class='ocrx_word' id='word_1_119' title='bbox 573 1225 621 1265; x_wconf 74' lang='lat' dir='ltr'><em>p.</em></span> <span class='ocrx_word' id='word_1_120' title='bbox 645 1214 710 1260; x_wconf 89' lang='grc'>71,</span> <span class='ocrx_word' id='word_1_121' title='bbox 742 1209 863 1253; x_wconf 88' lang='lat' dir='ltr'><em>Sulla</em></span> <span class='ocrx_word' id='word_1_122' title='bbox 892 1209 1056 1263; x_wconf 70' lang='lat' dir='ltr'><em>Diyest.</em></span> <span class='ocrx_word' id='word_1_123' title='bbox 1077 1212 1144 1259; x_wconf 82' lang='lat'><em>48,</em></span> <span class='ocrx_word' id='word_1_124' title='bbox 1169 1213 1212 1260; x_wconf 89' lang='grc'><em>2,</em></span> <span class='ocrx_word' id='word_1_125' title='bbox 1234 1213 1292 1253; x_wconf 96' lang='grc'><em>12</em></span> <span class='ocrx_word' id='word_1_126' title='bbox 1313 1224 1383 1263; x_wconf 71' lang='lat' dir='ltr'><em>pr.</em></span> 
     </span>
    </p>

    <p class='ocr_par' dir='ltr' id='par_1_7' title="bbox 365 1277 2084 1403">
     <span class='ocr_line' id='line_1_16' title="bbox 452 1277 2084 1333; baseline 0 -12"><span class='ocrx_word' id='word_1_127' title='bbox 452 1279 664 1321; x_wconf 87' lang='lat' dir='ltr'><em>Suffectus</em></span> <span class='ocrx_word' id='word_1_128' title='bbox 679 1279 767 1320; x_wconf 82' lang='lat' dir='ltr'><em>VII</em></span> <span class='ocrx_word' id='word_1_129' title='bbox 790 1278 886 1320; x_wconf 90' lang='lat' dir='ltr'><em>idus</em></span> <span class='ocrx_word' id='word_1_130' title='bbox 907 1278 1009 1319; x_wconf 86' lang='lat' dir='ltr'><em>Mai.</em></span> <span class='ocrx_word' id='word_1_131' title='bbox 1034 1292 1171 1333; x_wconf 90' lang='lat' dir='ltr'><em>usque</em></span> <span class='ocrx_word' id='word_1_132' title='bbox 1194 1278 1237 1319; x_wconf 93' lang='lat' dir='ltr'><em>in</em></span> <span class='ocrx_word' id='word_1_133' title='bbox 1258 1277 1345 1319; x_wconf 84' lang='lat' dir='ltr'><em>kal.</em></span> <span class='ocrx_word' id='word_1_134' title='bbox 1363 1277 1459 1320; x_wconf 89' lang='lat' dir='ltr'><em>Oct.</em></span> <span class='ocrx_word' id='word_1_135' title='bbox 1475 1293 1512 1320; x_wconf 85' lang='lat' dir='ltr'><em>a.</em></span> <span class='ocrx_word' id='word_1_136' title='bbox 1530 1279 1596 1331; x_wconf 84' lang='lat'><em>31,</em></span> <span class='ocrx_word' id='word_1_137' title='bbox 1620 1277 1794 1331; x_wconf 86' lang='lat' dir='ltr'><em>collegis</em></span> <span class='ocrx_word' id='word_1_138' title='bbox 1812 1277 1912 1321; x_wconf 85' lang='lat' dir='ltr'><em>Sex.</em></span> <span class='ocrx_word' id='word_1_139' title='bbox 1931 1278 2084 1321; x_wconf 89' lang='lat' dir='ltr'><em>Teidio</em></span> 
     </span>
     <span class='ocr_line' id='line_1_17' title="bbox 365 1345 2007 1403; baseline 0.001 -14"><span class='ocrx_word' id='word_1_140' title='bbox 365 1347 539 1389; x_wconf 89' lang='lat' dir='ltr'><em>Valerio</em></span> <span class='ocrx_word' id='word_1_141' title='bbox 571 1346 738 1390; x_wconf 82' lang='lat' dir='ltr'><em>Catullo</em></span> <span class='ocrx_word' id='word_1_142' title='bbox 772 1361 910 1403; x_wconf 92' lang='lat' dir='ltr'><em>usque</em></span> <span class='ocrx_word' id='word_1_143' title='bbox 940 1347 984 1387; x_wconf 92' lang='lat' dir='ltr'><em>in</em></span> <span class='ocrx_word' id='word_1_144' title='bbox 1016 1345 1103 1388; x_wconf 89' lang='lat' dir='ltr'><em>kal.</em></span> <span class='ocrx_word' id='word_1_145' title='bbox 1134 1345 1228 1400; x_wconf 91' lang='lat' dir='ltr'><em>Iul.,</em></span> <span class='ocrx_word' id='word_1_146' title='bbox 1260 1345 1361 1387; x_wconf 86' lang='lat' dir='ltr'><em>dein</em></span> <span class='ocrx_word' id='word_1_147' title='bbox 1390 1346 1429 1387; x_wconf 94' lang='lat' dir='ltr'>L</span> <span class='ocrx_word' id='word_1_148' title='bbox 1473 1345 1670 1387; x_wconf 84' lang='lat' dir='ltr'><em>Fulcinio</em></span> <span class='ocrx_word' id='word_1_149' title='bbox 1700 1346 1860 1388; x_wconf 81' lang='lat' dir='ltr'><em>Trione</em></span> <span class='ocrx_word' id='word_1_150' title='bbox 1890 1347 2007 1400; x_wconf 84' lang='lat' dir='ltr'><em>fasti.</em></span> 
     </span>
    </p>

    <p class='ocr_par' dir='ltr' id='par_1_8' title="bbox 363 1413 2085 1595">
     <span class='ocr_line' id='line_1_18' title="bbox 450 1413 2083 1468; baseline -0.001 -11"><span class='ocrx_word' id='word_1_151' title='bbox 450 1415 594 1457; x_wconf 87' lang='lat' dir='ltr'><em>Potest</em></span> <span class='ocrx_word' id='word_1_152' title='bbox 621 1415 731 1457; x_wconf 82' lang='lat' dir='ltr'><em>idem</em></span> <span class='ocrx_word' id='word_1_153' title='bbox 761 1428 846 1457; x_wconf 87' lang='lat' dir='ltr'><em>esse</em></span> <span class='ocrx_word' id='word_1_154' title='bbox 876 1415 949 1468; x_wconf 79' lang='lat' dir='ltr'><em>qui</em></span> <span class='ocrx_word' id='word_1_155' title='bbox 976 1417 1233 1456; x_wconf 88' lang='lat' dir='ltr'><em>memoratur</em></span> <span class='ocrx_word' id='word_1_156' title='bbox 1262 1415 1309 1456; x_wconf 90' lang='lat' dir='ltr'><em>in</em></span> <span class='ocrx_word' id='word_1_157' title='bbox 1336 1418 1364 1455; x_wconf 94' lang='lat' dir='ltr'><em>t.</em></span> <span class='ocrx_word' id='word_1_158' title='bbox 1397 1413 1623 1456; x_wconf 84' lang='lat' dir='ltr'><em>Corneliae</em></span> <span class='ocrx_word' id='word_1_159' title='bbox 1651 1415 1801 1456; x_wconf 88' lang='lat' dir='ltr'><em>Fausti</em></span> <span class='ocrx_word' id='word_1_160' title='bbox 1831 1414 1856 1455; x_wconf 96' lang='lat' dir='ltr'><em>l.</em></span> <span class='ocrx_word' id='word_1_161' title='bbox 1880 1416 2083 1458; x_wconf 90' lang='lat' dir='ltr'><em>Vrbanae</em></span> 
     </span>
     <span class='ocr_line' id='line_1_19' title="bbox 366 1482 2085 1538; baseline 0 -13"><span class='ocrx_word' id='word_1_162' title='bbox 366 1485 544 1526; x_wconf 86' lang='lat' dir='ltr'><em>nutricis</em></span> <span class='ocrx_word' id='word_1_163' title='bbox 565 1484 753 1526; x_wconf 86' lang='lat' dir='ltr'><em>Faustae</em></span> <span class='ocrx_word' id='word_1_164' title='bbox 785 1483 933 1538; x_wconf 65' lang='lat' dir='ltr'><em>(filiae)</em></span> <span class='ocrx_word' id='word_1_165' title='bbox 971 1483 1038 1525; x_wconf 89' lang='lat' dir='ltr'><em>VI</em></span> <span class='ocrx_word' id='word_1_166' title='bbox 1050 1486 1197 1526; x_wconf 88' lang='grc'><em>16470.</em></span> <span class='ocrx_word' id='word_1_167' title='bbox 1248 1482 1393 1524; x_wconf 88' lang='lat' dir='ltr'><em>Filius</em></span> <span class='ocrx_word' id='word_1_168' title='bbox 1420 1482 1544 1524; x_wconf 77' lang='lat' dir='ltr'><em>huius</em></span> <span class='ocrx_word' id='word_1_169' title='bbox 1573 1482 1737 1525; x_wconf 83' lang='lat' dir='ltr'><em>videtur</em></span> <span class='ocrx_word' id='word_1_170' title='bbox 1766 1483 1956 1525; x_wconf 79' lang='lat' dir='ltr'><em>Faustus</em></span> <span class='ocrx_word' id='word_1_171' title='bbox 1983 1482 2085 1525; x_wconf 83' lang='lat' dir='ltr'><em>Cor-</em></span> 
     </span>
     <span class='ocr_line' id='line_1_20' title="bbox 363 1551 1152 1595; baseline 0.001 -1"><span class='ocrx_word' id='word_1_172' title='bbox 363 1552 499 1594; x_wconf 89' lang='lat' dir='ltr'><em>nelius</em></span> <span class='ocrx_word' id='word_1_173' title='bbox 529 1552 653 1595; x_wconf 90' lang='lat' dir='ltr'><em>Sulla</em></span> <span class='ocrx_word' id='word_1_174' title='bbox 681 1552 808 1594; x_wconf 76' lang='lat' dir='ltr'><em>Felix</em></span> <span class='ocrx_word' id='word_1_175' title='bbox 839 1551 982 1593; x_wconf 87' lang='lat' dir='ltr'><em>consul</em></span> <span class='ocrx_word' id='word_1_176' title='bbox 1013 1566 1051 1595; x_wconf 91' lang='lat' dir='ltr'><em>a.</em></span> <span class='ocrx_word' id='word_1_177' title='bbox 1081 1553 1152 1595; x_wconf 86' lang='grc'><em>52.</em></span> 
     </span>
    </p>
   </div>
   <div class='ocr_carea' id='block_1_7' title="bbox 281 1629 2083 2030">
    <p class='ocr_par' dir='ltr' id='par_1_9' title="bbox 281 1629 2083 2030">
     <span class='ocr_line' id='line_1_21' title="bbox 281 1629 2082 1685; baseline 0.001 -12"><span class='ocrx_word' id='word_1_178' title='bbox 281 1632 390 1674; x_wconf 86' lang='grc'>1193</span> <span class='ocrx_word' id='word_1_179' title='bbox 420 1639 463 1675; x_wconf 91' lang='lat' dir='ltr'><em>L.</em></span> <span class='ocrx_word' id='word_1_180' title='bbox 483 1638 763 1673; x_wconf 87' lang='lat' dir='ltr'>CORNELIVS</span> <span class='ocrx_word' id='word_1_181' title='bbox 787 1638 958 1683; x_wconf 87' lang='lat' dir='ltr'>SVLLA,</span> <span class='ocrx_word' id='word_1_182' title='bbox 983 1630 1131 1672; x_wconf 90' lang='lat' dir='ltr'><em>consul</em></span> <span class='ocrx_word' id='word_1_183' title='bbox 1154 1644 1265 1672; x_wconf 91' lang='lat' dir='ltr'><em>anno</em></span> <span class='ocrx_word' id='word_1_184' title='bbox 1289 1630 1371 1672; x_wconf 86' lang='lat'><em>749</em></span> <span class='ocrx_word' id='word_1_185' title='bbox 1390 1649 1444 1664; x_wconf 87' lang='lat'>=</span> <span class='ocrx_word' id='word_1_186' title='bbox 1460 1631 1485 1672; x_wconf 91' lang='lat'>5</span> <span class='ocrx_word' id='word_1_187' title='bbox 1507 1645 1545 1672; x_wconf 86' lang='lat' dir='ltr'><em>a.</em></span> <span class='ocrx_word' id='word_1_188' title='bbox 1566 1629 1614 1671; x_wconf 88' lang='lat' dir='ltr'><em>C.</em></span> <span class='ocrx_word' id='word_1_189' title='bbox 1638 1645 1736 1672; x_wconf 91' lang='lat' dir='ltr'><em>cum</em></span> <span class='ocrx_word' id='word_1_190' title='bbox 1756 1629 1957 1685; x_wconf 87' lang='lat' dir='ltr'><em>Augusto</em></span> <span class='ocrx_word' id='word_1_191' title='bbox 1978 1631 2082 1675; x_wconf 91' lang='lat' dir='ltr'>XII.</span> 
     </span>
     <span class='ocr_line' id='line_1_22' title="bbox 370 1698 1314 1754; baseline -0.001 -12"><span class='ocrx_word' id='word_1_192' title='bbox 370 1700 555 1742; x_wconf 78' lang='lat' dir='ltr'><em>Titulum</em></span> <span class='ocrx_word' id='word_1_193' title='bbox 586 1701 625 1742; x_wconf 89' lang='lat' dir='ltr'><em>ei</em></span> <span class='ocrx_word' id='word_1_194' title='bbox 646 1703 884 1754; x_wconf 74' lang='lat' dir='ltr'><em>posuerunt</em></span> <span class='ocrx_word' id='word_1_195' title='bbox 914 1699 1080 1741; x_wconf 78' lang='lat' dir='ltr'><em>client(s</em></span> <span class='ocrx_word' id='word_1_196' title='bbox 1111 1698 1179 1740; x_wconf 90' lang='lat' dir='ltr'><em>VI</em></span> <span class='ocrx_word' id='word_1_197' title='bbox 1195 1702 1314 1742; x_wconf 86' lang='grc'>1390.</span> 
     </span>
     <span class='ocr_line' id='line_1_23' title="bbox 449 1766 2083 1818; baseline 0 -8"><span class='ocrx_word' id='word_1_198' title='bbox 449 1769 505 1810; x_wconf 89' lang='lat' dir='ltr'><em>In</em></span> <span class='ocrx_word' id='word_1_199' title='bbox 526 1768 766 1810; x_wconf 80' lang='lat' dir='ltr'><em>consulatu:</em></span> <span class='ocrx_word' id='word_1_200' title='bbox 796 1768 846 1811; x_wconf 89' lang='lat' dir='ltr'><em>L.</em></span> <span class='ocrx_word' id='word_1_201' title='bbox 870 1766 1095 1809; x_wconf 85' lang='lat' dir='ltr'><em>Cornelius</em></span> <span class='ocrx_word' id='word_1_202' title='bbox 1122 1766 1243 1809; x_wconf 89' lang='lat' dir='ltr'><em>Sulla</em></span> <span class='ocrx_word' id='word_1_203' title='bbox 1271 1766 1352 1808; x_wconf 92' lang='lat' dir='ltr'><em>IX</em></span> <span class='ocrx_word' id='word_1_204' title='bbox 1367 1769 1486 1816; x_wconf 87' lang='lat'><em>4644,</em></span> <span class='ocrx_word' id='word_1_205' title='bbox 1517 1766 1566 1808; x_wconf 94' lang='grc' dir='ltr'>Χ</span> <span class='ocrx_word' id='word_1_206' title='bbox 1582 1769 1694 1809; x_wconf 84' lang='grc'>2381</span> <span class='ocrx_word' id='word_1_207' title='bbox 1703 1780 1717 1818; x_wconf 89' lang='grc'><em>,·</em></span> <span class='ocrx_word' id='word_1_208' title='bbox 1747 1767 1797 1809; x_wconf 90' lang='lat' dir='ltr'><em>L.</em></span> <span class='ocrx_word' id='word_1_209' title='bbox 1820 1766 1941 1809; x_wconf 87' lang='lat' dir='ltr'><em>Sulla</em></span> <span class='ocrx_word' id='word_1_210' title='bbox 1962 1766 2083 1811; x_wconf 87' lang='lat' dir='ltr'><em>Plin.</em></span> 
     </span>
     <span class='ocr_line' id='line_1_24' title="bbox 363 1833 2081 1889; baseline 0 -11"><span class='ocrx_word' id='word_1_211' title='bbox 363 1851 403 1879; x_wconf 91' lang='lat' dir='ltr'><em>n.</em></span> <span class='ocrx_word' id='word_1_212' title='bbox 436 1836 474 1880; x_wconf 76' lang='lat' dir='ltr'><em>h.</em></span> <span class='ocrx_word' id='word_1_213' title='bbox 507 1840 543 1887; x_wconf 91' lang='grc'><em>7,</em></span> <span class='ocrx_word' id='word_1_214' title='bbox 575 1840 640 1886; x_wconf 88' lang='grc'><em>60,</em></span> <span class='ocrx_word' id='word_1_215' title='bbox 674 1835 937 1886; x_wconf 80' lang='lat' dir='ltr'><em>Cassiodor.;</em></span> <span class='ocrx_word' id='word_1_216' title='bbox 974 1836 1026 1877; x_wconf 93' lang='lat' dir='ltr'><em>L.</em></span> <span class='ocrx_word' id='word_1_217' title='bbox 1057 1834 1301 1889; x_wconf 86' lang='lat' dir='ltr'><em>[Cornelius</em></span> <span class='ocrx_word' id='word_1_218' title='bbox 1333 1833 1466 1888; x_wconf 86' lang='lat' dir='ltr'><em>Sulla]</em></span> <span class='ocrx_word' id='word_1_219' title='bbox 1503 1835 1612 1887; x_wconf 80' lang='lat' dir='ltr'><em>fasti</em></span> <span class='ocrx_word' id='word_1_220' title='bbox 1638 1835 1738 1879; x_wconf 88' lang='lat' dir='ltr'><em>min.</em></span> <span class='ocrx_word' id='word_1_221' title='bbox 1770 1835 1878 1877; x_wconf 94' lang='lat' dir='ltr'><em>XII</em></span> <span class='ocrx_word' id='word_1_222' title='bbox 1900 1834 1999 1878; x_wconf 84' lang='lat' dir='ltr'>OIL</span> <span class='ocrx_word' id='word_1_223' title='bbox 2027 1836 2061 1878; x_wconf 92' lang='grc' dir='ltr'><em>Ι</em></span> <span class='ocrx_word' id='word_1_224' title='bbox 2064 1835 2081 1859; x_wconf 79' lang='lat'>2</span> 
     </span>
     <span class='ocr_line' id='line_1_25' title="bbox 362 1903 1007 1959; baseline -0.005 -11"><span class='ocrx_word' id='word_1_225' title='bbox 362 1920 408 1959; x_wconf 74' lang='lat' dir='ltr'><em>p.</em></span> <span class='ocrx_word' id='word_1_226' title='bbox 431 1908 495 1955; x_wconf 88' lang='grc'><em>69,</em></span> <span class='ocrx_word' id='word_1_227' title='bbox 529 1909 708 1947; x_wconf 88' lang='lat' dir='ltr'><em>ceterum</em></span> <span class='ocrx_word' id='word_1_228' title='bbox 740 1903 860 1947; x_wconf 87' lang='lat' dir='ltr'><em>Sulla</em></span> <span class='ocrx_word' id='word_1_229' title='bbox 890 1904 1007 1957; x_wconf 81' lang='lat' dir='ltr'><em>fasti.</em></span> 
     </span>
     <span class='ocr_line' id='line_1_26' title="bbox 451 1971 1531 2030; baseline -0.001 -15"><span class='ocrx_word' id='word_1_230' title='bbox 451 1975 499 2018; x_wconf 90' lang='lat' dir='ltr'><em>P.</em></span> <span class='ocrx_word' id='word_1_231' title='bbox 531 1974 572 2028; x_wconf 89' lang='lat' dir='ltr'><em>f.,</em></span> <span class='ocrx_word' id='word_1_232' title='bbox 605 1980 789 2030; x_wconf 89' lang='lat' dir='ltr'><em>praetor,</em></span> <span class='ocrx_word' id='word_1_233' title='bbox 822 1971 984 2027; x_wconf 86' lang='lat' dir='ltr'><em>consul,</em></span> <span class='ocrx_word' id='word_1_234' title='bbox 1016 1972 1175 2014; x_wconf 82' lang='lat' dir='ltr'><em>VIIvir</em></span> <span class='ocrx_word' id='word_1_235' title='bbox 1206 1971 1437 2028; x_wconf 90' lang='lat' dir='ltr'><em>epulonum</em></span> <span class='ocrx_word' id='word_1_236' title='bbox 1469 1972 1531 2015; x_wconf 84' lang='lat' dir='ltr'><em>tit.</em></span> 
     </span>
    </p>
   </div>
   <div class='ocr_carea' id='block_1_8' title="bbox 284 2050 2152 2108">
    <p class='ocr_par' dir='ltr' id='par_1_10' title="bbox 284 2050 2152 2108">
     <span class='ocr_line' id='line_1_27' title="bbox 284 2050 2152 2108; baseline -0.001 -13"><span class='ocrx_word' id='word_1_237' title='bbox 284 2055 390 2096; x_wconf 78' lang='lat'><em>1194</em></span> <span class='ocrx_word' id='word_1_238' title='bbox 421 2061 464 2097; x_wconf 92' lang='lat' dir='ltr'>L.</span> <span class='ocrx_word' id='word_1_239' title='bbox 506 2054 824 2108; x_wconf 87' lang='lat' dir='ltr'>(CORNELIVS)</span> <span class='ocrx_word' id='word_1_240' title='bbox 868 2059 1049 2106; x_wconf 83' lang='lat' dir='ltr'>SVLLA,</span> <span class='ocrx_word' id='word_1_241' title='bbox 1092 2052 1261 2093; x_wconf 87' lang='lat' dir='ltr'><em>iuvenis</em></span> <span class='ocrx_word' id='word_1_242' title='bbox 1299 2051 1478 2106; x_wconf 90' lang='lat' dir='ltr'><em>nobilis,</em></span> <span class='ocrx_word' id='word_1_243' title='bbox 1525 2050 1580 2092; x_wconf 88' lang='lat' dir='ltr'><em>de</em></span> <span class='ocrx_word' id='word_1_244' title='bbox 1625 2053 1746 2093; x_wconf 88' lang='lat' dir='ltr'><em>cuius</em></span> <span class='ocrx_word' id='word_1_245' title='bbox 1791 2052 2082 2095; x_wconf 84' lang='lat' dir='ltr'><em>inreverentia</em></span> <span class='ocrx_word' id='word_1_246' title='bbox 2149 2075 2152 2079; x_wconf 92' lang='lat'>·</span> 
     </span>
    </p>
   </div>
   <div class='ocr_carea' id='block_1_9' title="bbox 359 2120 2082 2381">
    <p class='ocr_par' dir='ltr' id='par_1_11' title="bbox 359 2120 2082 2381">
     <span class='ocr_line' id='line_1_28' title="bbox 366 2120 2082 2175; baseline -0.001 -12"><span class='ocrx_word' id='word_1_247' title='bbox 366 2122 582 2163; x_wconf 84' lang='lat' dir='ltr'><em>Domitius</em></span> <span class='ocrx_word' id='word_1_248' title='bbox 606 2120 793 2164; x_wconf 82' lang='lat' dir='ltr'><em>Corbulo</em></span> <span class='ocrx_word' id='word_1_249' title='bbox 825 2135 938 2162; x_wconf 88' lang='lat' dir='ltr'><em>anno</em></span> <span class='ocrx_word' id='word_1_250' title='bbox 961 2121 1010 2162; x_wconf 79' lang='lat'><em>21</em></span> <span class='ocrx_word' id='word_1_251' title='bbox 1045 2121 1086 2160; x_wconf 89' lang='lat' dir='ltr'><em>in</em></span> <span class='ocrx_word' id='word_1_252' title='bbox 1121 2126 1272 2161; x_wconf 89' lang='lat' dir='ltr'><em>senatu</em></span> <span class='ocrx_word' id='word_1_253' title='bbox 1299 2125 1475 2175; x_wconf 87' lang='lat' dir='ltr'><em>questus</em></span> <span class='ocrx_word' id='word_1_254' title='bbox 1507 2125 1593 2173; x_wconf 78' lang='lat' dir='ltr'><em>est3</em></span> <span class='ocrx_word' id='word_1_255' title='bbox 1626 2120 1664 2160; x_wconf 86' lang='lat' dir='ltr'><em>ei</em></span> <span class='ocrx_word' id='word_1_256' title='bbox 1695 2121 1951 2175; x_wconf 87' lang='lat' dir='ltr'><em>patrocinati</em></span> <span class='ocrx_word' id='word_1_257' title='bbox 1982 2127 2082 2162; x_wconf 90' lang='lat' dir='ltr'><em>sunt</em></span> 
     </span>
     <span class='ocr_line' id='line_1_29' title="bbox 364 2187 2082 2245; baseline 0 -14"><span class='ocrx_word' id='word_1_258' title='bbox 364 2191 603 2231; x_wconf 82' lang='lat' dir='ltr'><em>Mamercus</em></span> <span class='ocrx_word' id='word_1_259' title='bbox 636 2189 824 2232; x_wconf 87' lang='lat' dir='ltr'><em>Scaurus</em></span> <span class='ocrx_word' id='word_1_260' title='bbox 855 2194 1036 2244; x_wconf 86' lang='lat' dir='ltr'><em>patruus</em></span> <span class='ocrx_word' id='word_1_261' title='bbox 1067 2187 1195 2229; x_wconf 89' lang='lat' dir='ltr'><em>simul</em></span> <span class='ocrx_word' id='word_1_262' title='bbox 1226 2203 1277 2229; x_wconf 86' lang='lat' dir='ltr'><em>ac</em></span> <span class='ocrx_word' id='word_1_263' title='bbox 1307 2188 1486 2230; x_wconf 83' lang='lat' dir='ltr'><em>vitricus</em></span> <span class='ocrx_word' id='word_1_264' title='bbox 1513 2193 1555 2229; x_wconf 88' lang='lat' dir='ltr'><em>et</em></span> <span class='ocrx_word' id='word_1_265' title='bbox 1583 2188 1633 2229; x_wconf 94' lang='lat' dir='ltr'>L.</span> <span class='ocrx_word' id='word_1_266' title='bbox 1656 2187 1890 2230; x_wconf 87' lang='lat' dir='ltr'><em>Arruntius</em></span> <span class='ocrx_word' id='word_1_267' title='bbox 1920 2187 2082 2245; x_wconf 86' lang='lat' dir='ltr'><em>aliique</em></span> 
     </span>
     <span class='ocr_line' id='line_1_30' title="bbox 362 2255 2082 2314; baseline -0.001 -14"><span class='ocrx_word' id='word_1_268' title='bbox 362 2259 592 2314; x_wconf 87' lang='lat' dir='ltr'><em>propinqui</em></span> <span class='ocrx_word' id='word_1_269' title='bbox 629 2258 727 2300; x_wconf 83' lang='lat' dir='ltr'><em>Tac.</em></span> <span class='ocrx_word' id='word_1_270' title='bbox 760 2272 799 2299; x_wconf 91' lang='lat' dir='ltr'><em>a.</em></span> <span class='ocrx_word' id='word_1_271' title='bbox 832 2260 870 2306; x_wconf 86' lang='lat'><em>3,</em></span> <span class='ocrx_word' id='word_1_272' title='bbox 892 2260 958 2298; x_wconf 85' lang='lat'><em>31.</em></span> <span class='ocrx_word' id='word_1_273' title='bbox 1008 2256 1153 2298; x_wconf 88' lang='lat' dir='ltr'><em>Filius</em></span> <span class='ocrx_word' id='word_1_274' title='bbox 1180 2256 1345 2298; x_wconf 79' lang='lat' dir='ltr'><em>violetur</em></span> <span class='ocrx_word' id='word_1_275' title='bbox 1375 2256 1547 2299; x_wconf 74' lang='lat' dir='ltr'><em>Sextiae</em></span> <span class='ocrx_word' id='word_1_276' title='bbox 1577 2256 1649 2312; x_wconf 80' lang='lat' dir='ltr'><em>(cf.</em></span> <span class='ocrx_word' id='word_1_277' title='bbox 1681 2255 1724 2297; x_wconf 83' lang='lat' dir='ltr'>A</span> <span class='ocrx_word' id='word_1_278' title='bbox 1753 2255 1880 2308; x_wconf 89' lang='grc'><em>280);</em></span> <span class='ocrx_word' id='word_1_279' title='bbox 1910 2270 2002 2298; x_wconf 90' lang='lat' dir='ltr'><em>cum</em></span> <span class='ocrx_word' id='word_1_280' title='bbox 2033 2256 2082 2299; x_wconf 80' lang='lat' dir='ltr'><em>cle</em></span> 
     </span>
     <span class='ocr_line' id='line_1_31' title="bbox 359 2323 2082 2381; baseline -0.001 -13"><span class='ocrx_word' id='word_1_281' title='bbox 359 2330 487 2381; x_wconf 74' lang='lat' dir='ltr'><em>patre</em></span> <span class='ocrx_word' id='word_1_282' title='bbox 524 2326 633 2368; x_wconf 77' lang='lat' dir='ltr'><em>nihil</em></span> <span class='ocrx_word' id='word_1_283' title='bbox 672 2328 848 2375; x_wconf 88' lang='lat' dir='ltr'><em>constet,</em></span> <span class='ocrx_word' id='word_1_284' title='bbox 894 2326 1099 2367; x_wconf 88' lang='lat' dir='ltr'><em>incertum</em></span> <span class='ocrx_word' id='word_1_285' title='bbox 1140 2327 1200 2367; x_wconf 87' lang='lat' dir='ltr'><em>est</em></span> <span class='ocrx_word' id='word_1_286' title='bbox 1236 2338 1336 2366; x_wconf 91' lang='lat' dir='ltr'><em>num</em></span> <span class='ocrx_word' id='word_1_287' title='bbox 1374 2324 1484 2367; x_wconf 83' lang='lat' dir='ltr'><em>idem</em></span> <span class='ocrx_word' id='word_1_288' title='bbox 1522 2324 1580 2366; x_wconf 88' lang='lat' dir='ltr'><em>sit</em></span> <span class='ocrx_word' id='word_1_289' title='bbox 1620 2327 1742 2378; x_wconf 79' lang='lat' dir='ltr'><em>atque</em></span> <span class='ocrx_word' id='word_1_290' title='bbox 1781 2324 1832 2366; x_wconf 92' lang='lat' dir='ltr'>L.</span> <span class='ocrx_word' id='word_1_291' title='bbox 1864 2323 2082 2367; x_wconf 80' lang='lat' dir='ltr'><em>Cornelius</em></span> 
     </span>
    </p>
   </div>
   <div class='ocr_carea' id='block_1_10' title="bbox 363 2394 924 2438">
    <p class='ocr_par' dir='ltr' id='par_1_12' title="bbox 363 2394 924 2438">
     <span class='ocr_line' id='line_1_32' title="bbox 363 2394 924 2438; baseline -0.005 0"><span class='ocrx_word' id='word_1_292' title='bbox 363 2395 489 2438; x_wconf 89' lang='lat' dir='ltr'><em>Sulla</em></span> <span class='ocrx_word' id='word_1_293' title='bbox 517 2394 646 2436; x_wconf 79' lang='lat' dir='ltr'><em>Felix</em></span> <span class='ocrx_word' id='word_1_294' title='bbox 675 2408 755 2438; x_wconf 87' lang='lat' dir='ltr'><em>cos.</em></span> <span class='ocrx_word' id='word_1_295' title='bbox 788 2408 826 2437; x_wconf 90' lang='lat' dir='ltr'><em>a.</em></span> <span class='ocrx_word' id='word_1_296' title='bbox 857 2397 924 2436; x_wconf 83' lang='lat'><em>33.</em></span> 
     </span>
    </p>
   </div>
   <div class='ocr_carea' id='block_1_11' title="bbox 279 2473 2080 2666">
    <p class='ocr_par' dir='ltr' id='par_1_13' title="bbox 279 2473 2080 2666">
     <span class='ocr_line' id='line_1_33' title="bbox 279 2473 2080 2528; baseline -0.001 -12"><span class='ocrx_word' id='word_1_297' title='bbox 279 2475 387 2516; x_wconf 83' lang='lat'>1195</span> <span class='ocrx_word' id='word_1_298' title='bbox 418 2481 463 2516; x_wconf 93' lang='lat' dir='ltr'>L.</span> <span class='ocrx_word' id='word_1_299' title='bbox 497 2473 815 2528; x_wconf 80' lang='lat' dir='ltr'>(CORNELIVS)</span> <span class='ocrx_word' id='word_1_300' title='bbox 848 2480 1030 2525; x_wconf 90' lang='lat' dir='ltr'>SVLLA,</span> <span class='ocrx_word' id='word_1_301' title='bbox 1072 2479 1265 2527; x_wconf 89' lang='lat' dir='ltr'><em>senator,</em></span> <span class='ocrx_word' id='word_1_302' title='bbox 1308 2474 1377 2514; x_wconf 91' lang='lat' dir='ltr'><em>cui</em></span> <span class='ocrx_word' id='word_1_303' title='bbox 1418 2487 1515 2513; x_wconf 91' lang='lat' dir='ltr'><em>cum</em></span> <span class='ocrx_word' id='word_1_304' title='bbox 1554 2486 1658 2528; x_wconf 84' lang='lat' dir='ltr'><em>prae</em></span> <span class='ocrx_word' id='word_1_305' title='bbox 1694 2473 1812 2513; x_wconf 91' lang='lat' dir='ltr'><em>senio</em></span> <span class='ocrx_word' id='word_1_306' title='bbox 1853 2473 1898 2514; x_wconf 90' lang='lat' dir='ltr'><em>in</em></span> <span class='ocrx_word' id='word_1_307' title='bbox 1928 2479 2080 2515; x_wconf 88' lang='lat' dir='ltr'><em>senatu</em></span> 
     </span>
     <span class='ocr_line' id='line_1_34' title="bbox 363 2540 2079 2599; baseline -0.001 -15"><span class='ocrx_word' id='word_1_308' title='bbox 363 2543 573 2599; x_wconf 85' lang='lat' dir='ltr'><em>quaedam</em></span> <span class='ocrx_word' id='word_1_309' title='bbox 595 2542 746 2584; x_wconf 87' lang='lat' dir='ltr'><em>audire</em></span> <span class='ocrx_word' id='word_1_310' title='bbox 768 2557 854 2583; x_wconf 94' lang='lat' dir='ltr'><em>non</em></span> <span class='ocrx_word' id='word_1_311' title='bbox 874 2548 1028 2598; x_wconf 90' lang='lat' dir='ltr'><em>posset,</em></span> <span class='ocrx_word' id='word_1_312' title='bbox 1061 2542 1117 2583; x_wconf 85' lang='lat' dir='ltr'><em>ab</em></span> <span class='ocrx_word' id='word_1_313' title='bbox 1140 2542 1396 2597; x_wconf 87' lang='lat' dir='ltr'><em>imperatore</em></span> <span class='ocrx_word' id='word_1_314' title='bbox 1419 2540 1600 2583; x_wconf 86' lang='lat' dir='ltr'><em>Claudio</em></span> <span class='ocrx_word' id='word_1_315' title='bbox 1621 2555 1734 2582; x_wconf 89' lang='lat' dir='ltr'><em>anno</em></span> <span class='ocrx_word' id='word_1_316' title='bbox 1754 2541 1809 2582; x_wconf 83' lang='lat'><em>42</em></span> <span class='ocrx_word' id='word_1_317' title='bbox 1830 2555 2079 2582; x_wconf 87' lang='lat' dir='ltr'><em>concessum</em></span> 
     </span>
     <span class='ocr_line' id='line_1_35' title="bbox 363 2609 1492 2666; baseline -0.001 -13"><span class='ocrx_word' id='word_1_318' title='bbox 363 2618 426 2653; x_wconf 90' lang='lat' dir='ltr'><em>est</em></span> <span class='ocrx_word' id='word_1_319' title='bbox 456 2613 499 2652; x_wconf 91' lang='lat' dir='ltr'><em>in</em></span> <span class='ocrx_word' id='word_1_320' title='bbox 524 2611 750 2666; x_wconf 88' lang='lat' dir='ltr'><em>praetoriis</em></span> <span class='ocrx_word' id='word_1_321' title='bbox 782 2610 997 2653; x_wconf 87' lang='lat' dir='ltr'><em>subselliis</em></span> <span class='ocrx_word' id='word_1_322' title='bbox 1028 2609 1177 2651; x_wconf 87' lang='lat' dir='ltr'><em>sedere</em></span> <span class='ocrx_word' id='word_1_323' title='bbox 1207 2609 1296 2651; x_wconf 89' lang='lat' dir='ltr'><em>Dio</em></span> <span class='ocrx_word' id='word_1_324' title='bbox 1326 2613 1391 2659; x_wconf 88' lang='grc'><em>60,</em></span> <span class='ocrx_word' id='word_1_325' title='bbox 1423 2612 1492 2652; x_wconf 90' lang='grc'><em>12.</em></span> 
     </span>
    </p>
   </div>
   <div class='ocr_carea' id='block_1_12' title="bbox 282 2682 2082 3420">
    <p class='ocr_par' dir='ltr' id='par_1_14' title="bbox 283 2682 2082 2942">
     <span class='ocr_line' id='line_1_36' title="bbox 283 2682 2076 2739; baseline 0.001 -13"><span class='ocrx_word' id='word_1_326' title='bbox 283 2686 388 2727; x_wconf 84' lang='grc'>1196</span> <span class='ocrx_word' id='word_1_327' title='bbox 420 2685 738 2739; x_wconf 79' lang='lat' dir='ltr'>(CORNELIVS)</span> <span class='ocrx_word' id='word_1_328' title='bbox 772 2684 961 2739; x_wconf 88' lang='lat' dir='ltr'>[SVLLA]</span> <span class='ocrx_word' id='word_1_329' title='bbox 993 2690 1168 2738; x_wconf 86' lang='lat' dir='ltr'>FELIX,</span> <span class='ocrx_word' id='word_1_330' title='bbox 1210 2683 1344 2725; x_wconf 83' lang='lat' dir='ltr'><em>frater</em></span> <span class='ocrx_word' id='word_1_331' title='bbox 1378 2682 1552 2725; x_wconf 80' lang='lat' dir='ltr'><em>Arvalis</em></span> <span class='ocrx_word' id='word_1_332' title='bbox 1592 2698 1704 2725; x_wconf 82' lang='lat' dir='ltr'><em>anno</em></span> <span class='ocrx_word' id='word_1_333' title='bbox 1735 2685 1782 2725; x_wconf 85' lang='grc'><em>21</em></span> <span class='ocrx_word' id='word_1_334' title='bbox 1821 2683 1890 2725; x_wconf 89' lang='lat' dir='ltr'><em>VI</em></span> <span class='ocrx_word' id='word_1_335' title='bbox 1909 2684 2076 2728; x_wconf 73' lang='grc'>20231).</span> 
     </span>
     <span class='ocr_line' id='line_1_37' title="bbox 361 2751 2082 2807; baseline 0 -13"><span class='ocrx_word' id='word_1_336' title='bbox 361 2753 480 2795; x_wconf 88' lang='lat' dir='ltr'><em>Inter</em></span> <span class='ocrx_word' id='word_1_337' title='bbox 501 2753 648 2795; x_wconf 78' lang='lat' dir='ltr'><em>Sullas</em></span> <span class='ocrx_word' id='word_1_338' title='bbox 666 2752 830 2794; x_wconf 79' lang='lat' dir='ltr'><em>Felices</em></span> <span class='ocrx_word' id='word_1_339' title='bbox 849 2752 966 2794; x_wconf 88' lang='lat' dir='ltr'><em>illius</em></span> <span class='ocrx_word' id='word_1_340' title='bbox 988 2752 1153 2802; x_wconf 87' lang='lat' dir='ltr'><em>aetatis,</em></span> <span class='ocrx_word' id='word_1_341' title='bbox 1184 2752 1257 2804; x_wconf 76' lang='lat' dir='ltr'><em>qui</em></span> <span class='ocrx_word' id='word_1_342' title='bbox 1280 2751 1444 2805; x_wconf 77' lang='lat' dir='ltr'><em>quidem</em></span> <span class='ocrx_word' id='word_1_343' title='bbox 1475 2751 1610 2793; x_wconf 77' lang='lat' dir='ltr'><em>adhuc</em></span> <span class='ocrx_word' id='word_1_344' title='bbox 1639 2752 1732 2793; x_wconf 82' lang='lat' dir='ltr'><em>noti</em></span> <span class='ocrx_word' id='word_1_345' title='bbox 1758 2754 1867 2802; x_wconf 90' lang='lat' dir='ltr'><em>sunt,</em></span> <span class='ocrx_word' id='word_1_346' title='bbox 1899 2752 2082 2807; x_wconf 77' lang='lat' dir='ltr'><em>coyitari</em></span> 
     </span>
     <span class='ocr_line' id='line_1_38' title="bbox 357 2817 2079 2874; baseline 0 -12"><span class='ocrx_word' id='word_1_347' title='bbox 357 2821 497 2874; x_wconf 73' lang='lat' dir='ltr'><em>possit</em></span> <span class='ocrx_word' id='word_1_348' title='bbox 527 2820 576 2862; x_wconf 87' lang='lat' dir='ltr'><em>ole</em></span> <span class='ocrx_word' id='word_1_349' title='bbox 604 2835 686 2862; x_wconf 87' lang='lat' dir='ltr'><em>uno</em></span> <span class='ocrx_word' id='word_1_350' title='bbox 718 2820 883 2862; x_wconf 86' lang='lat' dir='ltr'><em>consule</em></span> <span class='ocrx_word' id='word_1_351' title='bbox 913 2821 1019 2862; x_wconf 89' lang='lat' dir='ltr'><em>anni</em></span> <span class='ocrx_word' id='word_1_352' title='bbox 1043 2822 1098 2862; x_wconf 85' lang='lat'><em>33</em></span> <span class='ocrx_word' id='word_1_353' title='bbox 1128 2817 1199 2872; x_wconf 80' lang='lat' dir='ltr'><em>(cf.</em></span> <span class='ocrx_word' id='word_1_354' title='bbox 1230 2833 1271 2861; x_wconf 93' lang='lat' dir='ltr'><em>n.</em></span> <span class='ocrx_word' id='word_1_355' title='bbox 1302 2819 1451 2873; x_wconf 86' lang='grc'>1198),·</span> <span class='ocrx_word' id='word_1_356' title='bbox 1492 2822 1538 2861; x_wconf 86' lang='lat' dir='ltr'><em>at</em></span> <span class='ocrx_word' id='word_1_357' title='bbox 1576 2820 1615 2861; x_wconf 90' lang='lat' dir='ltr'><em>is</em></span> <span class='ocrx_word' id='word_1_358' title='bbox 1654 2820 1725 2861; x_wconf 74' lang='lat' dir='ltr'><em>vix</em></span> <span class='ocrx_word' id='word_1_359' title='bbox 1764 2833 1878 2862; x_wconf 90' lang='lat' dir='ltr'><em>anno</em></span> <span class='ocrx_word' id='word_1_360' title='bbox 1905 2822 1963 2863; x_wconf 88' lang='grc'><em>21</em></span> <span class='ocrx_word' id='word_1_361' title='bbox 1992 2821 2079 2874; x_wconf 82' lang='lat' dir='ltr'><em>fuit</em></span> 
     </span>
     <span class='ocr_line' id='line_1_39' title="bbox 361 2887 1431 2942; baseline -0.002 -12"><span class='ocrx_word' id='word_1_362' title='bbox 361 2890 499 2942; x_wconf 80' lang='lat' dir='ltr'><em>frater</em></span> <span class='ocrx_word' id='word_1_363' title='bbox 527 2888 706 2930; x_wconf 69' lang='lat' dir='ltr'><em>Arvalis</em></span> <span class='ocrx_word' id='word_1_364' title='bbox 735 2892 775 2930; x_wconf 93' lang='lat' dir='ltr'><em>et</em></span> <span class='ocrx_word' id='word_1_365' title='bbox 802 2889 959 2941; x_wconf 80' lang='lat' dir='ltr'><em>flamen</em></span> <span class='ocrx_word' id='word_1_366' title='bbox 987 2891 1034 2930; x_wconf 92' lang='lat' dir='ltr'><em>ut</em></span> <span class='ocrx_word' id='word_1_367' title='bbox 1062 2887 1225 2930; x_wconf 82' lang='lat' dir='ltr'><em>videtur</em></span> <span class='ocrx_word' id='word_1_368' title='bbox 1255 2887 1431 2941; x_wconf 73' lang='lat' dir='ltr'><em>colleyii.</em></span> 
     </span>
    </p>

    <p class='ocr_par' dir='ltr' id='par_1_15' title="bbox 282 2960 2076 3420">
     <span class='ocr_line' id='line_1_40' title="bbox 282 2960 2076 3015; baseline -0.001 -11"><span class='ocrx_word' id='word_1_369' title='bbox 282 2963 389 3004; x_wconf 85' lang='lat'>1197</span> <span class='ocrx_word' id='word_1_370' title='bbox 420 2968 638 3003; x_wconf 82' lang='lat' dir='ltr'>FAVSTVS</span> <span class='ocrx_word' id='word_1_371' title='bbox 663 2968 944 3004; x_wconf 77' lang='lat' dir='ltr'>CORNELIVS</span> <span class='ocrx_word' id='word_1_372' title='bbox 969 2968 1127 3004; x_wconf 82' lang='lat' dir='ltr'>SVLLA</span> <span class='ocrx_word' id='word_1_373' title='bbox 1147 2967 1312 3015; x_wconf 82' lang='lat' dir='ltr'>FELIX,</span> <span class='ocrx_word' id='word_1_374' title='bbox 1345 2960 1495 3002; x_wconf 81' lang='lat' dir='ltr'><em>consul</em></span> <span class='ocrx_word' id='word_1_375' title='bbox 1519 2976 1631 3003; x_wconf 86' lang='lat' dir='ltr'><em>anno</em></span> <span class='ocrx_word' id='word_1_376' title='bbox 1654 2963 1708 3005; x_wconf 85' lang='lat'><em>52</em></span> <span class='ocrx_word' id='word_1_377' title='bbox 1738 2975 1835 3002; x_wconf 81' lang='lat' dir='ltr'><em>cum</em></span> <span class='ocrx_word' id='word_1_378' title='bbox 1856 2961 1905 3005; x_wconf 93' lang='lat' dir='ltr'><em>L.</em></span> <span class='ocrx_word' id='word_1_379' title='bbox 1930 2961 2076 3004; x_wconf 81' lang='lat' dir='ltr'><em>Salvio</em></span> 
     </span>
     <span class='ocr_line' id='line_1_41' title="bbox 362 3028 2073 3083; baseline -0.001 -11"><span class='ocrx_word' id='word_1_380' title='bbox 362 3030 545 3074; x_wconf 85' lang='lat' dir='ltr'><em>Othone.</em></span> <span class='ocrx_word' id='word_1_381' title='bbox 595 3030 651 3072; x_wconf 88' lang='lat' dir='ltr'><em>In</em></span> <span class='ocrx_word' id='word_1_382' title='bbox 672 3030 909 3072; x_wconf 87' lang='lat' dir='ltr'><em>consulatu:</em></span> <span class='ocrx_word' id='word_1_383' title='bbox 938 3031 1124 3072; x_wconf 90' lang='lat' dir='ltr'><em>Faustus</em></span> <span class='ocrx_word' id='word_1_384' title='bbox 1153 3028 1377 3072; x_wconf 84' lang='lat' dir='ltr'><em>Cornelius</em></span> <span class='ocrx_word' id='word_1_385' title='bbox 1409 3028 1531 3071; x_wconf 89' lang='lat' dir='ltr'><em>Sulla</em></span> <span class='ocrx_word' id='word_1_386' title='bbox 1556 3028 1684 3071; x_wconf 89' lang='lat' dir='ltr'><em>Felix</em></span> <span class='ocrx_word' id='word_1_387' title='bbox 1704 3028 1804 3083; x_wconf 75' lang='lat' dir='ltr'><em>dipl.</em></span> <span class='ocrx_word' id='word_1_388' title='bbox 1826 3029 1913 3073; x_wconf 90' lang='lat' dir='ltr'><em>mil.</em></span> <span class='ocrx_word' id='word_1_389' title='bbox 1934 3029 2025 3072; x_wconf 94' lang='lat' dir='ltr'><em>III</em></span> <span class='ocrx_word' id='word_1_390' title='bbox 2036 3033 2073 3079; x_wconf 88' lang='lat'><em>1,</em></span> 
     </span>
     <span class='ocr_line' id='line_1_42' title="bbox 362 3096 2075 3152; baseline 0.001 -12"><span class='ocrx_word' id='word_1_391' title='bbox 362 3099 547 3140; x_wconf 88' lang='lat' dir='ltr'><em>Faustus</em></span> <span class='ocrx_word' id='word_1_392' title='bbox 579 3097 804 3139; x_wconf 85' lang='lat' dir='ltr'><em>Cornelius</em></span> <span class='ocrx_word' id='word_1_393' title='bbox 834 3097 1007 3152; x_wconf 75' lang='lat' dir='ltr'><em>Ephem.</em></span> <span class='ocrx_word' id='word_1_394' title='bbox 1040 3112 1100 3152; x_wconf 74' lang='lat' dir='ltr'><em>ep.</em></span> <span class='ocrx_word' id='word_1_395' title='bbox 1132 3101 1170 3148; x_wconf 86' lang='lat'><em>1,</em></span> <span class='ocrx_word' id='word_1_396' title='bbox 1201 3100 1292 3147; x_wconf 83' lang='lat'><em>176,</em></span> <span class='ocrx_word' id='word_1_397' title='bbox 1331 3097 1515 3139; x_wconf 89' lang='lat' dir='ltr'><em>Faustus</em></span> <span class='ocrx_word' id='word_1_398' title='bbox 1548 3096 1669 3139; x_wconf 89' lang='lat' dir='ltr'><em>Sulla</em></span> <span class='ocrx_word' id='word_1_399' title='bbox 1703 3097 1801 3139; x_wconf 77' lang='lat' dir='ltr'><em>Tae.</em></span> <span class='ocrx_word' id='word_1_400' title='bbox 1834 3111 1874 3138; x_wconf 91' lang='lat' dir='ltr'><em>a.</em></span> <span class='ocrx_word' id='word_1_401' title='bbox 1904 3100 1973 3148; x_wconf 89' lang='grc'><em>12,</em></span> <span class='ocrx_word' id='word_1_402' title='bbox 2004 3101 2075 3149; x_wconf 86' lang='grc'><em>52,</em></span> 
     </span>
     <span class='ocr_line' id='line_1_43' title="bbox 365 3164 2076 3218; baseline -0.001 -10"><span class='ocrx_word' id='word_1_403' title='bbox 365 3170 540 3208; x_wconf 87' lang='lat' dir='ltr'><em>ceterum</em></span> <span class='ocrx_word' id='word_1_404' title='bbox 563 3165 683 3208; x_wconf 87' lang='lat' dir='ltr'><em>Sulla</em></span> <span class='ocrx_word' id='word_1_405' title='bbox 704 3166 820 3218; x_wconf 80' lang='lat' dir='ltr'><em>fasti.</em></span> <span class='ocrx_word' id='word_1_406' title='bbox 840 3191 891 3195; x_wconf 88' lang='lat'><em>——</em></span> <span class='ocrx_word' id='word_1_407' title='bbox 914 3167 1102 3208; x_wconf 86' lang='lat' dir='ltr'><em>Faustus</em></span> <span class='ocrx_word' id='word_1_408' title='bbox 1125 3165 1352 3208; x_wconf 83' lang='lat' dir='ltr'><em>Cornelius</em></span> <span class='ocrx_word' id='word_1_409' title='bbox 1375 3164 1497 3207; x_wconf 90' lang='lat' dir='ltr'><em>Sulla</em></span> <span class='ocrx_word' id='word_1_410' title='bbox 1516 3164 1643 3206; x_wconf 86' lang='lat' dir='ltr'><em>Felix</em></span> <span class='ocrx_word' id='word_1_411' title='bbox 1662 3166 1709 3207; x_wconf 86' lang='lat' dir='ltr'><em>in</em></span> <span class='ocrx_word' id='word_1_412' title='bbox 1729 3165 1836 3207; x_wconf 86' lang='lat' dir='ltr'><em>actis</em></span> <span class='ocrx_word' id='word_1_413' title='bbox 1850 3164 2076 3207; x_wconf 82' lang='lat' dir='ltr'><em>Arvalium</em></span> 
     </span>
     <span class='ocr_line' id='line_1_44' title="bbox 368 3232 2075 3287; baseline 0 -12"><span class='ocrx_word' id='word_1_414' title='bbox 368 3233 435 3276; x_wconf 89' lang='lat' dir='ltr'><em>VI</em></span> <span class='ocrx_word' id='word_1_415' title='bbox 457 3237 585 3277; x_wconf 84' lang='grc'><em>2037.</em></span> <span class='ocrx_word' id='word_1_416' title='bbox 615 3236 741 3277; x_wconf 86' lang='grc'><em>2039.</em></span> <span class='ocrx_word' id='word_1_417' title='bbox 772 3237 896 3284; x_wconf 86' lang='grc'><em>2040,</em></span> <span class='ocrx_word' id='word_1_418' title='bbox 940 3233 1166 3277; x_wconf 84' lang='lat' dir='ltr'><em>Cornelius</em></span> <span class='ocrx_word' id='word_1_419' title='bbox 1201 3234 1387 3274; x_wconf 86' lang='lat' dir='ltr'><em>Faustus</em></span> <span class='ocrx_word' id='word_1_420' title='bbox 1430 3232 1551 3275; x_wconf 90' lang='lat' dir='ltr'><em>Sulla</em></span> <span class='ocrx_word' id='word_1_421' title='bbox 1581 3233 1779 3275; x_wconf 82' lang='lat' dir='ltr'><em>Zonaras</em></span> <span class='ocrx_word' id='word_1_422' title='bbox 1809 3236 1873 3283; x_wconf 85' lang='lat'><em>11,</em></span> <span class='ocrx_word' id='word_1_423' title='bbox 1905 3236 1931 3275; x_wconf 87' lang='grc'>9</span> <span class='ocrx_word' id='word_1_424' title='bbox 1953 3247 1999 3287; x_wconf 76' lang='lat' dir='ltr'><em>p.</em></span> <span class='ocrx_word' id='word_1_425' title='bbox 2020 3236 2075 3275; x_wconf 85' lang='lat'><em>30</em></span> 
     </span>
     <span class='ocr_line' id='line_1_45' title="bbox 362 3300 2072 3355; baseline 0 -12"><span class='ocrx_word' id='word_1_426' title='bbox 362 3302 422 3343; x_wconf 77' lang='lat' dir='ltr'><em>ecl.</em></span> <span class='ocrx_word' id='word_1_427' title='bbox 445 3301 650 3355; x_wconf 63' lang='lat' dir='ltr'><em>Dindorf]</em></span> <span class='ocrx_word' id='word_1_428' title='bbox 681 3302 867 3343; x_wconf 86' lang='lat' dir='ltr'><em>Faustus</em></span> <span class='ocrx_word' id='word_1_429' title='bbox 889 3301 1010 3345; x_wconf 89' lang='lat' dir='ltr'><em>Sulla</em></span> <span class='ocrx_word' id='word_1_430' title='bbox 1031 3302 1200 3344; x_wconf 76' lang='lat' dir='ltr'><em>Sueten.</em></span> <span class='ocrx_word' id='word_1_431' title='bbox 1223 3301 1378 3343; x_wconf 83' lang='lat' dir='ltr'><em>Claud.</em></span> <span class='ocrx_word' id='word_1_432' title='bbox 1400 3304 1462 3344; x_wconf 89' lang='grc'><em>27</em></span> <span class='ocrx_word' id='word_1_433' title='bbox 1465 3314 1478 3352; x_wconf 91' lang='grc'><em>;</em></span> <span class='ocrx_word' id='word_1_434' title='bbox 1508 3300 1734 3343; x_wconf 82' lang='lat' dir='ltr'><em>Cornelius</em></span> <span class='ocrx_word' id='word_1_435' title='bbox 1765 3300 1887 3343; x_wconf 88' lang='lat' dir='ltr'><em>Sulla</em></span> <span class='ocrx_word' id='word_1_436' title='bbox 1912 3301 2010 3344; x_wconf 83' lang='lat' dir='ltr'><em>Tac.</em></span> <span class='ocrx_word' id='word_1_437' title='bbox 2033 3315 2072 3343; x_wconf 92' lang='lat' dir='ltr'><em>a.</em></span> 
     </span>
     <span class='ocr_line' id='line_1_46' title="bbox 361 3368 1137 3420; baseline 0.005 -10"><span class='ocrx_word' id='word_1_438' title='bbox 361 3373 428 3420; x_wconf 84' lang='grc'>13,</span> <span class='ocrx_word' id='word_1_439' title='bbox 450 3373 519 3413; x_wconf 87' lang='grc'><em>23.</em></span> <span class='ocrx_word' id='word_1_440' title='bbox 541 3373 607 3420; x_wconf 85' lang='grc'><em>47,</em></span> <span class='ocrx_word' id='word_1_441' title='bbox 640 3368 761 3412; x_wconf 88' lang='lat' dir='ltr'><em>Sulla</em></span> <span class='ocrx_word' id='word_1_442' title='bbox 790 3369 874 3413; x_wconf 83' lang='lat' dir='ltr'><em>ibol.</em></span> <span class='ocrx_word' id='word_1_443' title='bbox 898 3373 963 3420; x_wconf 87' lang='grc'><em>14,</em></span> <span class='ocrx_word' id='word_1_444' title='bbox 983 3373 1050 3414; x_wconf 86' lang='lat'><em>57.</em></span> <span class='ocrx_word' id='word_1_445' title='bbox 1070 3372 1137 3414; x_wconf 89' lang='grc'><em>59.</em></span> 
     </span>
    </p>
   </div>
  </div>
 </body>
</html>
