2202 3730
125 280 408 316 CORNELIVS
981 276 1063 318 447
1643 283 1924 319 CORNELIVS

203 416 376 466 praetor
407 414 434 455 t.
458 415 506 463 1;
530 411 679 454 consul
706 415 734 454 t.
754 416 797 462 2,
831 412 997 455 Fronto
1019 413 1078 455 acl
1098 413 1300 455 Marcum
1322 412 1440 455 Caes.
1457 417 1497 464 1,
1514 416 1552 464 7,
1568 416 1598 455 8
1608 428 1657 468 Ρ.
1674 417 1739 464 18,
1763 415 1926 467 passim

207 479 316 521 libro
346 480 407 522 II
434 480 493 522 ad
528 481 713 531 eundem,
753 480 918 523 Gellius
947 485 990 532 2,
1023 484 1094 532 26,
1125 485 1174 534 1,·
1210 481 1359 523 consul
1393 482 1599 524 suffectus
1631 497 1669 525 a.
1699 483 1781 525 143
1810 483 1925 536 (cum

204 547 380 589 Marcus
411 547 518 590 duos
548 555 590 590 et
619 549 775 603 viginti
808 563 944 591 annos
973 555 1101 592 natus
1132 556 1243 591 esset
1271 549 1436 592 Fronto
1460 564 1506 604 p.
1535 551 1610 603 23)
1642 565 1698 592 ex
1726 549 1927 592 kalendis

204 615 326 657 Iuliis
358 631 494 672 usque
525 617 580 658 ad
610 616 819 658 kalendas
853 616 1129 673 Septembres
1149 617 1316 660 Fronto
1336 632 1384 672 p.
1405 621 1476 661 32.
1495 621 1562 661 34.
1584 621 1681 669 254,
1711 618 1928 661 Ausonius

200 686 313 737 yrat.
336 687 416 726 act.
443 687 479 734 7,
503 688 576 727 32.
596 688 673 736 33,·
702 685 941 738 gratiarum
971 686 1184 727 actionem
1215 686 1259 726 in
1290 693 1442 728 senatu
1472 686 1616 729 idibus
1641 687 1851 742 Augustis
1881 703 1927 729 se

204 752 486 794 recitaturum
517 767 611 794 esse
640 752 792 795 scribit
812 767 862 806 p.
883 755 941 795 25
970 754 1026 806 ef.
1060 753 1119 795 acl
1146 753 1275 795 Pium
1303 757 1342 804 1,
1373 758 1405 797 2
1425 769 1474 808 p.
1504 758 1606 805 163,
1638 755 1696 797 acl
1725 756 1928 798 Marcum

207 819 326 864 CaeS.
347 823 391 870 2,
412 823 444 863 2
464 835 512 875 Ρ.
534 824 606 864 27.
657 820 785 863 Circa
810 835 848 862 a.
878 821 959 862 155
981 820 1132 863 Asiam
1162 822 1431 876 provinciam
1461 823 1809 878 proconsularem
1839 838 1927 865 sor-

204 888 308 929 titus
328 888 576 930 valetudine
606 894 780 930 coactus
809 903 854 929 se
881 890 1107 930 excusavit
1128 889 1186 931 ad
1202 888 1331 931 Pium
1349 892 1378 931 8
1396 904 1446 944 p.
1467 894 1548 933 169
1569 891 1624 944 ef.
1647 891 1705 933 aol
1724 891 1927 934 Marcum

206 955 326 998 Caes.
355 959 394 1006 5,
423 960 477 998 36
498 972 546 1010 p.
578 959 645 1000 86.
710 956 908 998 Mortuus
949 963 1013 999 est
1052 958 1290 1013 imperante
1329 958 1478 1000 Marco
1518 974 1606 1001 non
1643 966 1742 1002 ante
1773 975 1810 1002 a.
1846 961 1926 1002 175

208 1025 262 1078 ef.
277 1039 324 1078 p.
343 1028 446 1066 161:
464 1031 702 1066 ‘nummum
718 1024 929 1067 Antonini
951 1031 1026 1067 aut
1044 1024 1270 1068 Commodi
1291 1033 1366 1068 aut
1382 1027 1482 1070 Pii’.
1512 1028 1720 1070 Frontoni
1741 1035 1925 1070 statuam

205 1093 378 1134 Marcus
409 1108 435 1134 a
464 1099 616 1134 senatu
647 1093 772 1148 petiit
799 1093 872 1134 vit.
905 1093 1056 1134 Marci
1082 1097 1126 1143 2,
1157 1097 1196 1136 5.

290 1161 543 1217 Discipulus
587 1161 854 1204 Athenodoti
899 1168 942 1203 et
986 1162 1191 1218 Dionysii
1227 1178 1275 1217 p.
1307 1167 1370 1207 73.
1401 1166 1493 1208 154.
1523 1168 1621 1207 244.
1687 1165 1927 1208 Causarum

206 1229 512 1272 celeberrimus
539 1237 659 1272 actor
689 1229 769 1271 sub
800 1230 1024 1272 Hadriano
1054 1230 1142 1272 Dio
1173 1234 1239 1281 69,
1271 1235 1326 1273 18
1336 1245 1349 1282 ,·
1386 1247 1538 1274 causas
1580 1233 1660 1274 sub
1693 1234 1770 1275 Pio
1810 1241 1927 1275 actas

204 1304 413 1340 memorat
433 1312 482 1352 Ρ.
502 1300 568 1340 83.
590 1301 657 1341 86.
678 1301 770 1354 169.
793 1301 894 1341 252.
946 1297 1176 1340 Orationes
1206 1300 1250 1340 in
1282 1299 1431 1341 laudes
1454 1300 1667 1343 Hadriani
1689 1301 1859 1344 habitae
1887 1310 1928 1343 et

204 1367 443 1420 gratiarum
468 1367 580 1408 actio
603 1366 658 1408 de
677 1366 904 1408 consulatu
923 1380 960 1410 v.
981 1380 1139 1421 supra,·
1166 1369 1302 1410 oratio
1324 1369 1366 1409 in
1389 1369 1609 1411 Herodem
1629 1370 1822 1412 Atticum
1847 1370 1926 1412 sub

207 1434 285 1476 Pio
315 1434 432 1477 dicta
453 1450 500 1489 Ρ.
523 1438 593 1478 42.
624 1437 706 1477 138
731 1434 802 1490 (ef.
825 1448 958 1489 supra
973 1450 1021 1489 Ρ.
1037 1438 1160 1492 375),·
1191 1436 1271 1478 sub
1301 1436 1450 1478 Marco
1483 1445 1524 1479 et
1546 1438 1661 1479 Vero
1694 1439 1819 1480 tertia
1848 1454 1926 1495 pro

205 1503 512 1545 Demonstrato
548 1503 760 1545 Petiliano
793 1518 842 1558 Ρ.
867 1507 963 1546 111.
999 1507 1092 1554 137,
1128 1519 1206 1560 pro
1242 1504 1444 1560 Bithynis
1479 1521 1527 1560 Ρ.
1559 1509 1662 1557 183;
1706 1514 1928 1563 praeterea

204 1578 467 1613 memoratur
515 1572 650 1614 oratio
694 1587 772 1628 pro
818 1571 1212 1614 Ptolemaeensibus
1260 1572 1489 1616 Charisius
1534 1574 1726 1616 Gramm.
1763 1576 1862 1619 Lat.
1892 1577 1925 1618 I

200 1654 248 1694 Ρ.
265 1643 357 1690 138,
381 1643 447 1690 11,
478 1641 522 1681 in
543 1640 748 1696 Pelopem
770 1640 917 1683 Sidon.
935 1640 1078 1694 Apoll.
1100 1642 1219 1695 epist.
1241 1644 1280 1691 8,
1303 1645 1369 1691 10,
1402 1644 1447 1684 in
1468 1642 1737 1685 Christianos
1760 1644 1926 1686 Minue.

208 1708 350 1751 Octav.
372 1711 412 1759 9,
433 1711 471 1758 6,
502 1709 741 1763 gratiarum
771 1709 952 1751 actionis
982 1723 1061 1765 pro
1090 1709 1526 1764 Carthaginiensibus
1556 1710 1742 1753 frustula
1779 1719 1930 1754 extant

201 1791 249 1831 Ρ.
270 1780 368 1820 260.
394 1801 446 1806 —-
466 1777 676 1832 Magister
705 1777 763 1819 M.
787 1777 956 1820 Aurelii
988 1784 1030 1820 et
1058 1778 1110 1820 L.
1132 1778 1234 1820 Veri
1262 1778 1350 1820 Dio
1377 1782 1441 1829 71,
1462 1782 1528 1829 35,
1558 1780 1629 1821 vit.
1656 1780 1805 1822 Marci
1823 1784 1866 1831 2,
1887 1784 1926 1831 5,

214 1845 314 1887 Veri
340 1848 384 1895 2,
415 1848 456 1896 5,
486 1845 667 1900 Eutrop.
698 1849 738 1896 8,
763 1850 833 1896 12,
864 1846 1112 1901 Hieronym.
1145 1846 1286 1889 cleron.
1318 1847 1377 1889 acl
1401 1862 1441 1889 a.
1462 1847 1571 1890 Abr.
1597 1851 1725 1899 2180,
1755 1849 1834 1890 vir.
1866 1849 1926 1891 ill.

205 1917 263 1956 24
293 1917 321 1955 t.
349 1914 411 1956 II
422 1929 471 1968 Ρ.
492 1917 573 1956 851
604 1914 665 1956 ed.
699 1913 898 1964 Vallarsi,
931 1914 1114 1957 Marcus
1142 1916 1196 1961 εἰς
1226 1915 1364 1958 ἑαυτόν
1397 1919 1436 1966 1,
1467 1919 1533 1966 11,
1561 1916 1727 1959 Fronto
1749 1918 1928 1971 passim.

293 1982 446 2024 Gratia
468 1997 580 2023 uxor
588 1997 638 2036 p.
653 1985 725 2024 32.
745 1985 813 2032 48,
835 1982 889 2024 de
910 1984 1032 2025 cuius
1051 1990 1189 2025 morte
1209 1985 1408 2039 queritur
1428 1985 1610 2038 epistula
1631 1985 1690 2027 acl
1711 1986 1775 2026 M.
1792 1985 1930 2027 Aure-

206 2049 308 2091 lium
336 2050 576 2104 Auyustum
606 2050 656 2093 cle
693 2054 839 2105 nepote
876 2052 1031 2093 amisso
1061 2066 1109 2105 Ρ.
1137 2055 1222 2094 236
1265 2056 1305 2094 et
1342 2052 1400 2095 ad
1427 2054 1479 2094 L.
1512 2053 1662 2096 Verum
1691 2054 1930 2108 Auyustum

206 2121 250 2168 2,
273 2121 298 2160 9
321 2133 368 2172 Ρ.
390 2121 483 2169 137,
515 2133 620 2172 quae
649 2120 811 2173 scripta
836 2123 896 2161 est
916 2122 1143 2174 postquam
1175 2120 1305 2163 Verus
1332 2135 1353 2163 e
1374 2121 1510 2176 Syria
1528 2122 1677 2173 ream,-
1705 2136 1814 2164 uxor
1833 2136 1930 2176 eryo

203 2189 371 2229 mortua
396 2190 457 2229 est
483 2188 602 2229 intra
622 2201 662 2229 a.
684 2190 892 2229 166-168.
946 2187 1150 2244 Quinque
1171 2188 1329 2230 liberos
1349 2191 1493 2231 amisit
1514 2204 1562 2244 p.
1584 2193 1687 2233 232.
1733 2190 1929 2233 Gratiam

208 2254 342 2296 filiam
372 2256 542 2297 unicam
575 2254 623 2298 C.
646 2255 820 2297 Aufidio
838 2256 1062 2298 Victorino
1095 2257 1325 2312 despondit
1346 2272 1392 2311 p.
1414 2261 1525 2309 200,·
1554 2258 1604 2301 de
1631 2259 1850 2313 nepotibus
1880 2274 1931 2301 ex

207 2323 303 2378 filia
330 2323 511 2366 sublatis
541 2324 595 2377 ef.
625 2337 759 2378 supra
787 2323 831 2365 A
859 2328 980 2367 1160.
1014 2350 1066 2355 -
1096 2325 1251 2367 Frater
1280 2326 1514 2368 Frontonis
1536 2341 1585 2381 p.
1605 2330 1676 2370 32.
1706 2331 1800 2370 134.
1830 2330 1928 2378 235,

206 2391 299 2434 vide
326 2392 402 2434 sub
434 2391 625 2434 Cornelio
651 2392 884 2446 Quadrato.

302 2460 478 2503 Omissis
507 2460 609 2502 loeis
638 2461 788 2514 quibus
816 2461 945 2503 verba
974 2460 1208 2504 Frontonis
1239 2461 1493 2513 afferuntur,
1534 2467 1792 2506 memoratur
1819 2462 1928 2506 Gell.

207 2531 272 2578 13,
294 2531 364 2578 28,
385 2532 440 2580 2,·
468 2531 532 2579 19,
555 2531 606 2579 8;
634 2532 700 2579 19,
723 2532 801 2580 10,·
830 2532 896 2579 19,
918 2532 987 2579 13,
1020 2529 1185 2572 Minue.
1213 2529 1356 2572 Oetav.
1386 2534 1451 2581 31,
1485 2535 1528 2582 2,
1560 2531 1771 2587 Paneyyr.
1800 2535 1840 2582 5,
1862 2536 1928 2583 14,

209 2596 454 2651 Hieronym.
485 2598 602 2651 epist.
637 2600 733 2647 125,
765 2600 833 2640 12·
853 2598 887 2639 I
900 2612 948 2651 p.
979 2601 1061 2640 934
1093 2598 1153 2642 ecl.
1186 2598 1394 2649 Vallarsi,
1428 2600 1626 2643 Maerob.
1656 2604 1736 2645 sat.
1767 2603 1805 2651 5,
1828 2604 1866 2651 1,
1891 2604 1927 2651 7,

210 2665 425 2707 Martian.
463 2664 568 2719 Cap.
597 2668 634 2715 5,
668 2669 768 2716 432,
801 2664 1060 2708 Artemidor.
1091 2665 1140 2708 de
1168 2679 1299 2708 somn.
1328 2670 1367 2717 4,
1399 2670 1472 2719 22,
1505 2668 1654 2711 Sidon.
1684 2668 1928 2723 Apollinar.

208 2733 326 2786 epist.
347 2735 386 2786 8,
407 2736 446 2787 3,
468 2736 507 2787 3,
532 2733 760 2776 Claudian.
779 2734 980 2777 Mamert.
1003 2735 1119 2788 epist.
1147 2734 1205 2776 ad
1221 2734 1323 2789 Sap.
1336 2739 1482 2789 p.206
1502 2736 1564 2779 ecl.
1587 2736 1928 2782 VindobonenSiS.

127 2801 235 2843 1107
268 2800 494 2843 Cornelius
525 2802 703 2856 Fuscus,
736 2808 991 2858 procurator
1020 2802 1065 2843 in
1095 2803 1319 2844 Pannonia
1348 2819 1461 2845 anno
1492 2806 1560 2858 69,
1591 2805 1744 2859 vigens
1774 2812 1927 2860 aetate,

212 2868 340 2910 claris
360 2869 597 2924 natalibus3
629 2871 769 2926 prima
789 2871 967 2912 iuventa
988 2877 1192 2926 quaestus
1217 2871 1419 2927 cupidine
1440 2874 1702 2916 senatorium
1734 2873 1927 2915 ordinem

210 2944 410 2990 exuerat3
442 2937 556 2979 idem
584 2953 660 2994 pro
692 2937 834 2980 Galba
863 2938 955 2979 dux
986 2939 1179 2980 coloniae
1208 2954 1312 2982 suae
1341 2955 1478 2997 eaque
1506 2956 1638 2997 opera
1666 2943 1930 2998 procuratio-

210 3020 307 3047 nem
345 3005 545 3061 adeptus,
587 3008 796 3062 susceptis
838 3007 1094 3062 Vespasiani
1134 3007 1328 3063 partibus
1368 3011 1622 3052 acerrimam
1658 3010 1758 3053 belli
1789 3010 1928 3052 facem

209 3073 413 3130 praetulit
458 3074 554 3117 Tae.
589 3074 630 3116 h.
661 3078 705 3124 2,
735 3077 791 3116 86
800 3088 814 3126 ;
860 3075 1103 3131 praefectus
1148 3075 1295 3118 classis
1340 3077 1606 3120 Ravennatis
1651 3094 1678 3121 a
1721 3078 1929 3121 militibus

210 3141 449 3184 destinatus
479 3142 565 3185 ibcl.
585 3146 624 3192 3,
646 3147 703 3185 12
713 3156 726 3194 ‚·
756 3149 983 3199 postquam
1012 3143 1211 3186 Flaviani
1241 3144 1349 3187 urbe
1378 3147 1502 3202 potiti
1530 3153 1631 3189 sunt
1660 3147 1812 3202 (mense
1841 3147 1928 3189 De-

209 3211 367 3252 cembri
395 3225 434 3252 a.
466 3211 546 3266 69),
587 3212 804 3267 praetoria
842 3212 1028 3265 insignia
1066 3213 1104 3253 ei
1136 3212 1190 3254 ob
1221 3227 1289 3255 res
1319 3220 1471 3257 contra
1499 3215 1755 3258 Vitellianos
1785 3222 1928 3270 gestas

211 3279 284 3332 (ef.
313 3278 354 3320 h.
384 3282 424 3329 3,
453 3282 493 3320 4.
523 3281 598 3335 42)
629 3278 921 3321 decernuntur
950 3279 1035 3322 ibd.
1064 3284 1103 3330 4,
1131 3284 1170 3323 4.

297 3345 548 3388 Praefectus
579 3347 794 3404 praetorio
825 3346 906 3389 sub
938 3347 1186 3391 Domitiano
1218 3348 1388 3394 Sueton.
1414 3350 1653 3394 Domitian.
1674 3355 1711 3404 6,
1744 3343 1925 3409 Eutrop.
