2202 3730
161 293 314 331 OOTYS
1019 283 1103 327 479
1676 283 1965 320 CREMVTIVS

331 424 399 466 Ti.
440 421 578 465 Iulius
620 421 753 477 Cotys
794 424 823 463 t.
854 423 893 462 1.
924 419 987 475 [2.
1020 418 1080 473 3],
1122 417 1257 473 Cotys
1286 417 1468 467 nummi,
1511 416 1595 470 (Ti.
1626 413 1746 469 Iulii)
1777 413 1967 456 Rhescu-

246 491 408 548 poridis
442 491 577 546 filius,
618 494 646 532 t.
677 494 718 532 1.
748 489 829 545 [3].
889 490 985 531 Rex
1013 488 1196 542 Bospori
1227 486 1365 536 tituli,
1406 485 1588 535 nummi,
1630 483 1862 542 φιλόκαισαρ
1903 484 1968 525 καὶ

249 563 518 616 φιλορώμαιος
548 562 577 601 t.
608 562 647 601 1.
677 557 762 614 [2]‚
794 572 906 599 anno
928 557 1010 599 525
1041 575 1096 590 Ξ
1122 570 1160 596 a.
1184 555 1367 597 228s229
1399 557 1428 597 t.
1449 557 1493 604 2,
1523 553 1605 596 527
1636 573 1692 587 =
1721 568 1759 595 a.
1781 551 1963 595 230l231

247 632 276 670 t.
295 631 335 679 3,
358 644 396 670 a.
419 628 503 670 524
517 628 664 668 —530
683 647 739 661 =
761 623 1209 668 227l228—233J234
1227 623 1399 664 nummi.
1444 621 1547 664 Oum
1575 622 1747 663 ultimus
1776 633 1970 663 nummus

244 695 577 750 Rhescuporidis
608 695 754 749 patris
793 707 913 736 cusus
952 694 1009 735 sit
1049 707 1088 734 a.
1118 694 1203 734 525
1233 689 1306 744 (cf.
1339 690 1466 732 catal.
1497 690 1632 732 Lond.
1655 705 1701 744 p.
1731 693 1782 731 71
1810 704 1851 731 n.
1884 691 1967 743 10),

248 765 437 817 sequitur
458 761 589 816 Cotyn
611 776 693 816 per
723 775 883 803 annum
911 775 1001 803 una
1031 774 1123 802 cum
1144 761 1274 813 patre
1294 758 1553 812 participem
1572 758 1742 812 imperii
1760 770 1968 812 reynasse.

166 832 276 874 1274
307 831 461 887 Cotys,
503 831 695 886 porticus
728 829 878 884 Cotyis
921 843 1032 885 quae
1071 826 1373 883 appellabatur
1412 826 1623 882 Epidauri
1663 825 1717 867 ab
1749 825 1969 868 Antonino

250 906 447 941 senatore
485 899 683 940 restituta
721 904 786 939 est
813 896 1004 939 Pausan.
1035 899 1078 946 2,
1110 898 1181 945 27,
1213 898 1250 939 6.
1318 894 1421 947 Quis
1455 893 1756 949 intelleyendus
1789 894 1867 944 sit,
1907 893 1971 934 in-

250 971 407 1010 certum
437 970 510 1009 est.

171 1036 276 1078 1275
307 1035 390 1078 Cr.
408 1068 418 1077 .
437 1068 446 1077 .
465 1068 474 1077 .
499 1035 734 1078 Severinus
748 1034 994 1076 nominatur
1012 1033 1059 1074 in
1082 1035 1110 1073 t.
1133 1031 1201 1074 VI
1212 1034 1322 1074 3001
1337 1030 1519 1085 yrapkio
1541 1033 1717 1072 exarato
1739 1044 1851 1072 anno
1867 1032 1970 1079 225,

250 1105 324 1157 qui
339 1103 397 1146 ad
414 1103 656 1146 sebaciaria
673 1102 905 1144 cohortium
919 1101 1092 1156 viyilum
1111 1103 1291 1154 spectat;
1306 1099 1551 1153 praefectus
1569 1099 1742 1153 viyilum
1763 1113 1875 1141 anno
1885 1101 1973 1142 225

250 1175 299 1214 ut
326 1172 503 1214 videtur.
1040 1212 1043 1214 .

172 1241 279 1283 1276
309 1241 360 1282 L.
393 1240 637 1294 Crassitius,
669 1253 829 1296 genere
854 1238 1128 1292 Tarentinus,
1162 1237 1324 1279 ordinis
1354 1236 1543 1278 libertini
1575 1236 1828 1290 cognomine
1854 1236 1974 1278 Pasi-

254 1309 339 1351 cles
360 1324 462 1351 mox
483 1310 670 1351 Pansam
692 1322 737 1349 se
763 1307 1145 1360 transnominavit3
1176 1305 1246 1347 hic
1276 1306 1397 1346 initio
1419 1305 1534 1346 circa
1560 1318 1759 1346 scaenam
1778 1311 1975 1345 versatus

253 1385 337 1433 est,
379 1377 535 1419 deinde
574 1378 618 1418 in
659 1376 840 1433 pergula
879 1376 1046 1429 docuit,
1085 1375 1222 1416 donec
1262 1374 1568 1415 commentario
1605 1373 1821 1428 Zmyrnae
1862 1373 1974 1414 edito

253 1446 476 1500 inclaruit3
517 1460 616 1487 cum
646 1445 820 1487 doceret
858 1446 943 1486 iam
973 1442 1130 1485 multos
1159 1458 1209 1484 ac
1239 1441 1428 1496 nobiles,
1472 1443 1517 1483 in
1557 1442 1624 1483 his
1655 1441 1812 1483 Iullum
1842 1440 1975 1482 Anto·

254 1516 386 1568 nium,
418 1520 466 1555 ut
486 1514 640 1555 Verrio
662 1527 834 1569 quoque
859 1512 1015 1554 Flacco
1047 1518 1382 1567 compararetur,
1417 1510 1593 1552 dimissa
1622 1517 1799 1566 repente
1830 1509 1977 1550 schola

251 1583 306 1624 ad
337 1582 391 1635 Q.
424 1582 547 1625 Sexti
576 1580 822 1637 philosophi
853 1586 1012 1622 sectam
1043 1580 1217 1620 transiit
1246 1579 1418 1621 Sucton.
1446 1593 1625 1632 yramm.
1654 1581 1719 1620 18.

197 1675 256 1681 --
286 1657 328 1693 C.
360 1655 672 1706 CALPVRNIVS
705 1655 918 1690 CRASSVS
950 1653 1103 1689 FRVGI
1133 1653 1436 1690 LICINIANVS.

198 1744 256 1749 —
286 1725 328 1761 C.
361 1724 671 1760 CALPVRNIVS
702 1723 811 1759 PISO
844 1722 1057 1759 CRASSVS
1088 1722 1241 1757 FRVGI
1271 1721 1574 1757 LICINIANVS.

199 1812 256 1816 —
287 1786 488 1830 Galerius
519 1786 714 1829 Crassus.

199 1880 258 1886 —
287 1855 439 1897 Iunius
470 1854 664 1898 Crassus.

197 1949 255 1953 —
283 1931 336 1967 M.
366 1929 585 1965 LICINIVS
618 1927 847 1964 CRASSVS.

130 2027 133 2028 γ
201 2018 258 2023 -—
287 1999 329 2034 P.
360 1997 578 2033 LICINIVS
610 1997 838 2032 CRASSVS.

201 2086 258 2090 —
287 2061 338 2103 L.
368 2060 599 2115 Lic(inius)
632 2058 814 2101 Crassus
846 2058 1149 2114 Damasippus.

202 2154 259 2158 —
288 2135 340 2170 M.
370 2134 588 2169 LICINIVS
621 2133 836 2168 CRASSVS
865 2132 1032 2170 FRVGI.

203 2222 260 2226 —
291 2195 547 2251 (LICINIVS)
579 2201 795 2237 CRASSVS
827 2201 1203 2236 SCRIBONIANVS.

202 2290 261 2296 -—-
292 2270 544 2307 SVLPICIVS
570 2269 805 2305 CRASSVS.

180 2334 287 2377 1277
319 2333 539 2383 Craterus,
571 2338 620 2374 ut
648 2331 840 2373 medicus
871 2330 1175 2373 celeberrimus
1206 2332 1452 2373 nominatur
1480 2330 1636 2374 Horat.
1656 2334 1737 2373 sat.
1759 2333 1802 2380 2,
1827 2334 1866 2383 3,
1889 2333 1980 2380 161,

261 2402 381 2445 Pers.
404 2405 484 2446 sat.
504 2405 543 2452 3,
566 2404 642 2452 65,·
672 2401 860 2455 Augusti
891 2400 1158 2457 temporibus
1189 2399 1344 2441 nobilis
1373 2399 1498 2443 schol.
1524 2400 1761 2454 utriusque,
1790 2401 1982 2442 medicus

262 2471 490 2527 Pomponii
530 2469 666 2512 Attici
703 2469 790 2512 Cic.
823 2469 882 2511 ad
908 2468 1000 2511 Au.
1031 2471 1101 2519 12,
1133 2472 1199 2519 13,
1230 2471 1281 2520 1,·
1319 2471 1389 2518 12,
1421 2471 1486 2518 14,
1512 2471 1551 2512 4.
1611 2468 1730 2510 Idem
1758 2470 1987 2511 memorari

262 2539 427 2582 videtur
454 2538 606 2581 Galen.
626 2537 763 2580 XIII
775 2552 824 2592 p.
847 2540 901 2580 96
931 2537 992 2581 ed.
1026 2537 1172 2587 Kuhn,
1202 2536 1328 2579 XIV
1341 2551 1388 2590 p.
1413 2539 1494 2578 147
1521 2539 1559 2578 ct
1588 2536 1723 2579 XIII
1735 2552 1782 2591 p.
1808 2540 1863 2578 80
1895 2537 1986 2589 (ubi

264 2607 468 2665 Καρτεροῦ
498 2605 665 2660 editur),
697 2605 906 2660 Porphyr.
938 2605 987 2648 de
1017 2606 1171 2648 abstin.
1201 2609 1240 2655 1,
1271 2608 1338 2647 17.

183 2677 292 2719 1278
323 2676 542 2730 Craterus,
580 2675 814 2716 statuarius
844 2674 995 2716 domus
1027 2673 1262 2716 Caesarum
1293 2672 1480 2728 replevit
1508 2672 1821 2729 probatissimis
1851 2675 1985 2728 signis

266 2744 385 2786 Plin.
414 2758 455 2786 n.
487 2743 527 2785 h.
557 2746 623 2794 36,
654 2745 722 2785 38.

185 2813 292 2855 1279
325 2811 529 2854 Craterus
559 2811 850 2854 Monocerotis
881 2811 1150 2865 cognomine,
1187 2811 1349 2852 recenti
1388 2810 1525 2862 fama,
1568 2810 1683 2866 quod
1723 2811 1766 2851 in
1803 2811 1988 2852 Erizena

267 2881 443 2934 regione
472 2879 604 2922 Asiae
635 2893 863 2921 corvorum
894 2893 1024 2936 opera
1053 2878 1295 2921 venabatur
1325 2878 1445 2921 Plin.
1474 2893 1516 2921 n.
1547 2879 1587 2920 h.
1618 2882 1684 2929 10,
1713 2882 1809 2923 124.

210 2973 268 2980 -—
298 2947 378 2991 Cn.
409 2946 586 3002 Sergius
618 2946 836 2989 Craterus.

185 3017 296 3060 1280
327 3015 472 3069 Crato,
488 3014 635 3056 rhetor
649 3014 838 3057 Asianus
854 3014 909 3056 ab
920 3014 1118 3068 Augusto
1135 3014 1318 3056 donatus
1331 3014 1492 3057 Seneca
1507 3018 1689 3057 controv.
1701 3019 1768 3065 10,
1780 3018 1818 3065 5,
1831 3019 1900 3059 21.
1912 3019 1988 3058 22.

211 3110 269 3115 —
296 3091 348 3126 M.
380 3089 660 3125 PETRONIVS
694 3089 992 3125 CREMVTIVS.

187 3154 292 3195 1281
326 3159 373 3193 A.
406 3158 691 3194 CREMVTIVS
724 3158 915 3193 CORDVS
948 3150 1218 3206 (praenomen
1247 3151 1360 3194 solus
1381 3153 1528 3206 posuit
1558 3153 1720 3196 Seneca
1750 3153 1901 3195 consol.
1934 3153 1992 3195 ad

273 3220 491 3263 Marciam
521 3223 559 3270 1,
588 3219 648 3274 2),
691 3234 836 3261 rerum
876 3221 1061 3276 scriptor
1100 3219 1280 3262 liberius
1321 3220 1448 3263 dictis
1490 3221 1694 3264 Seianum
1736 3221 1987 3273 offenderat,

272 3290 346 3345 qui
370 3302 469 3329 eum
493 3287 636 3329 clienti
659 3303 735 3329 suo
753 3288 894 3330 Satrio
918 3287 1118 3330 Secundo
1140 3289 1407 3342 congiarium
1426 3289 1546 3331 dedit
1566 3289 1726 3331 Seneca
1748 3289 1774 3333 l.
1798 3289 1824 3331 l.
1845 3292 1920 3339 22,
1941 3293 1991 3339 4;

272 3371 384 3399 anno
416 3357 469 3399 25
510 3371 536 3397 a
576 3355 718 3398 Satrio
759 3356 958 3399 Secundo
1004 3363 1047 3398 et
1085 3357 1260 3399 Pinario
1300 3357 1432 3400 Natta
1468 3359 1705 3400 maiestatis
1749 3359 1795 3400 in
1840 3365 1990 3400 senatu
