2202 3730
107 258 291 295 ARRIVS
979 248 1060 291 139
1735 253 1920 289 ARRIVS

191 403 348 444 graeca
369 395 412 431 et
431 387 597 430 iambos
618 388 736 431 Plin.
759 388 878 443 epist.
898 391 937 439 4,
958 391 1009 439 3‚·
1028 390 1067 438 4,
1089 391 1167 439 18,·
1184 390 1224 438 5,
1246 388 1309 430 15.
1361 387 1529 429 Plinius
1551 387 1606 430 ad
1628 402 1725 429 eum
1746 387 1923 442 scripsit

192 459 311 513 epist.
331 461 371 508 4,
391 461 443 509 3;
470 461 509 507 4,
530 459 585 499 18
593 470 608 509 ;
636 460 676 508 5,
698 460 762 500 15.
810 483 861 489 —-
902 457 1086 499 Maritus
1117 457 1325 499 Boioniae
1356 455 1580 509 Procsslac,
1613 462 1737 512 pater
1764 454 1922 497 Arriae

192 526 400 582 Fadium,
422 542 531 569 avus
550 533 771 569 maternus
793 527 1066 583 imperatoris
1087 524 1298 568 Antonini
1318 526 1387 567 Pii
1407 526 1480 567 vit.
1501 525 1577 567 Pii
1595 529 1632 575 1,
1655 528 1694 568 4.
1733 524 1918 578 Mortuo,

194 610 291 638 cum
320 610 454 652 nepos
484 596 713 651 imperium
744 595 920 649 iniisset,
958 601 1099 637 statua
1128 593 1303 636 decreta
1332 600 1398 636 est
1425 595 1497 636 vit.
1528 593 1605 635 Pii
1632 595 1671 644 5,
1703 596 1748 635 2.

107 665 188 708 891
220 670 406 706 ARRIVS
437 669 741 716 ANTONINVS,
774 669 956 719 patruus
996 669 1038 704 et
1068 669 1187 705 tutor
1215 662 1335 704 Arrii
1366 663 1580 704 Honorati
1611 668 1750 704 aetate
1780 661 1922 717 Septi-

191 733 268 775 mii
307 732 458 776 Severi
500 732 713 788 leianus
752 732 915 787 Diyest.
950 735 1018 783 36,
1053 735 1092 782 1,
1129 734 1198 782 38,
1230 735 1270 773 1.
1318 730 1523 774 Fortasse
1562 731 1678 786 filius
1719 730 1765 774 (J,
1796 729 1924 771 Arrii

191 801 404 844 Antonini
430 815 472 845 n.
492 803 586 844 894.

107 871 192 913 892
221 876 404 912 ARRIVS
435 875 736 924 ANTONINVS,
771 902 780 912 .
799 902 809 912 .
827 902 837 912 .
870 868 1007 924 (milia
1027 868 1267 923 nummum)
1296 875 1423 924 ‘quae
1451 883 1507 910 ex
1526 867 1740 910 sententia
1762 865 1922 909 Aemili

193 939 426 981 Frontonis
457 938 681 980 clarissimi
714 939 796 980 viri
827 944 976 994 postca
1009 937 1166 979 deinde
1195 936 1315 979 Arrii
1336 936 1547 978 Antonini
1579 936 1807 978 clarissimi
1838 935 1921 976 viri

194 1009 258 1050 rei
278 1006 478 1064 publicae
500 1005 705 1060 Tif(erni)
727 1005 964 1060 Tib(erini)
990 1011 1218 1047 numerata
1246 1011 1378 1055 sunt‘,
1410 1008 1696 1047 memorantur
1725 1005 1770 1045 in
1801 1003 1922 1045 titulo

194 1075 348 1119 ibidem
375 1078 541 1130 reperto
570 1075 650 1117 XI
669 1077 792 1118 5939.
852 1075 955 1128 Quis
982 1088 1033 1116 ex
1066 1073 1216 1116 Arriis
1247 1073 1479 1116 Antoninis
1515 1072 1816 1127 intellegyendus
1853 1073 1920 1122 sit,

192 1159 278 1188 non
309 1145 447 1199 liquet.

107 1215 191 1256 893
223 1220 264 1258 C.
295 1219 479 1255 ARRIVS
509 1218 822 1266 ANTONINVS,
863 1211 1030 1266 legatus
1067 1211 1259 1266 Augusti
1300 1226 1363 1267 pr.
1397 1226 1460 1267 pr.
1492 1211 1694 1266 (Daciae)
1725 1211 1771 1252 in
1802 1209 1923 1252 titulo

193 1282 359 1325 Dacico
371 1296 458 1336 pro
476 1281 614 1324 salute
634 1281 724 1323 eius
730 1280 873 1335 posito
889 1279 1582 1334 Archaoloyeseli-Epiyrap7212‘sehe
1598 1278 1924 1333 Mittlzee'lunyen

200 1365 279 1393 aus
310 1349 570 1394 Oesterreieh
597 1351 706 1391 1890
724 1362 773 1403 p.
797 1350 889 1398 194,
911 1351 963 1390 14
992 1367 1047 1382 =
1079 1348 1167 1390 III
1190 1347 1236 1391 S.
1267 1351 1419 1391 12574.

81 1411 193 1463 ‘894
225 1426 266 1462 G.
297 1425 482 1461 ARRIVS
511 1423 813 1461 ANTONINVS.
879 1416 1035 1459 Tituli:
1075 1417 1116 1458 ei
1143 1417 1282 1470 positi
1317 1419 1417 1458 sunt
1453 1419 1481 1459 t.
1519 1415 1840 1459 Concordiense's
1881 1414 1923 1457 V

193 1492 302 1531 1874
329 1487 388 1544 (1)
418 1490 459 1530 et
494 1485 711 1535 Cirtensis,
754 1485 874 1528 euius
909 1485 1080 1528 initium
1102 1485 1250 1539 periit,
1283 1484 1407 1527 VIII
1430 1487 1536 1526 7030
1559 1483 1648 1539 (2);
1688 1485 1778 1539 ipse
1809 1484 1923 1526 cledi-

196 1558 307 1600 cavit
319 1557 447 1599 umori
466 1558 493 1597 t.
522 1554 910 1609 Thamuqadensem
941 1553 1063 1596 VIII
1074 1557 1187 1597 2390
1208 1553 1293 1608 (3);
1311 1556 1570 1595 memoratur
1590 1554 1635 1596 in
1656 1554 1764 1596 acetis
1784 1553 1923 1595 Arva-

196 1625 299 1668 lium
340 1624 409 1667 VI
433 1627 544 1668 2100
573 1621 655 1677 (4),
690 1623 738 1664 in
766 1625 795 1664 t.
826 1621 1031 1664 Amasiae
1070 1625 1236 1676 reperto
1268 1621 1335 1664 01
1336 1621 1377 1664 G
1405 1624 1514 1664 4168
1535 1620 1616 1677 (5),
1656 1623 1702 1664 in
1747 1622 1926 1676 Tyaneis

195 1693 264 1737 01
266 1692 307 1737 G
343 1695 453 1736 4193
493 1691 573 1748 (6),
618 1690 810 1734 Bulletin
850 1690 899 1733 de
944 1690 1301 1746 correspondanee
1343 1689 1589 1744 Helle'nique
1630 1689 1752 1733 VIII
1784 1690 1924 1744 (1883)

191 1778 240 1818 p.
261 1766 346 1806 320
366 1758 440 1816 (7).

281 1830 330 1874 C.
362 1829 518 1872 Arrius
547 1828 794 1871 Antoninus
833 1831 862 1870 t.
893 1831 932 1872 4.
965 1831 1004 1879 7,
1040 1827 1121 1883 [C.]
1155 1827 1313 1870 Arrius
1346 1827 1594 1870 Antoninus
1626 1831 1652 1870 t.
1689 1831 1728 1879 1,
1769 1827 1927 1870 Arrius

180 1899 443 1956 >Antoninus
475 1898 594 1943 alibi.
654 1897 804 1940 Patris
832 1911 982 1940 nomen
1003 1898 1139 1952 periit
1168 1898 1214 1940 in
1244 1900 1272 1940 t.
1310 1901 1342 1948 1,
1374 1897 1494 1940 tribu
1525 1896 1712 1950 Quirina
1742 1900 1771 1940 t.
1803 1901 1840 1939 1.
1871 1922 1925 1926 -—

196 1967 471 2010 Clarissimus
500 1968 570 2009 vir
600 1970 628 2009 t.
650 1966 740 2022 [3].

283 2037 375 2079 IIII
414 2037 484 2078 vir
520 2036 692 2078 viarum
730 2035 1041 2090 curandarum,
1085 2035 1286 2078 tribunus
1327 2034 1573 2077 laticlavius
1612 2034 1797 2089 legionis
1834 2034 1924 2076 1111

199 2105 430 2161 Scythicae
468 2108 496 2149 t.
527 2108 565 2149 1.
597 2108 650 2159 2,
691 2110 898 2160 quaestor
949 2103 1142 2147 urbanus
1185 2107 1213 2146 t.
1243 2107 1276 2147 2
1306 2102 1521 2155 (omissum
1560 2104 1607 2146 in
1648 2106 1673 2147 t.
1698 2105 1764 2158 1),
1807 2103 1925 2144 sevir

199 2174 393 2230 equitum
413 2174 707 2216 Romanorum
732 2176 759 2215 t.
780 2177 812 2216 2
842 2173 1128 2229 (equestrium
1159 2179 1394 2214 turmarum
1429 2175 1457 2216 t.
1481 2173 1536 2226 1),
1567 2171 1719 2213 aedilis
1746 2170 1922 2224 curulis,

199 2242 254 2285 ab
290 2243 397 2284 actis
436 2248 610 2284 senatus
641 2245 668 2285 t.
699 2245 738 2283 1.
767 2244 821 2292 2;
860 2247 1034 2297 praetor
1071 2243 1140 2283 cui
1180 2242 1318 2297 primo
1357 2240 1596 2282 iurisdictio
1636 2239 1860 2296 pupillaris
1900 2254 1926 2280 a

199 2311 478 2353 sanctissimis
514 2309 845 2366 imperatoribus
886 2310 956 2364 (Ξ
990 2309 1147 2351 Marco
1186 2312 1225 2351 et
1265 2309 1370 2351 Vero
1410 2323 1451 2350 a.
1489 2307 1682 2362 161l169)
1722 2308 1926 2350 mandata

200 2386 264 2422 cst
294 2382 322 2421 t.
343 2383 369 2421 1
388 2399 443 2413 =
466 2378 668 2435 [praetor]
691 2377 962 2420 curatoribus
983 2384 1025 2419 et
1045 2377 1258 2420 tutoribus
1288 2377 1442 2419 dandis
1472 2378 1636 2433 primus
1666 2378 1924 2418 constitutus

200 2451 228 2490 t.
258 2451 314 2499 2,·
343 2447 551 2490 iuridicus
582 2462 660 2502 per
688 2446 858 2488 Italiam
887 2447 1074 2501 regionis
1105 2445 1445 2502 Transpadanae
1475 2447 1637 2502 primus
1670 2449 1697 2487 t.
1719 2448 1758 2489 1.
1779 2450 1811 2488 2
1831 2446 1922 2500 (sul)

201 2517 357 2559 Marco
388 2520 427 2558 et
456 2515 562 2559 Vero
591 2507 639 2558 ut
669 2530 719 2558 ea:
748 2518 775 2557 t.
807 2519 833 2557 1
864 2515 1072 2569 apparet),
1113 2529 1192 2568 quo
1229 2518 1420 2570 spectant
1458 2514 1662 2568 epistulae
1691 2514 1925 2556 Frontonis

201 2585 259 2627 acl
296 2599 388 2628 eum
428 2585 554 2627 datae
593 2584 642 2626 de
682 2597 814 2626 eausa
853 2583 1066 2626 Volumnz'i
1104 2583 1257 2626 Sereni
1301 2582 1621 2626 Concordiensis
1659 2582 1824 2624 Fronto
1869 2582 1927 2624 ml

201 2654 358 2696 amieos
386 2656 429 2704 2,
460 2657 498 2697 6.
532 2656 569 2703 7,
603 2652 652 2694 cle
682 2665 813 2694 eausa
834 2651 1117 2694 Baburianae
1146 2651 1230 2693 ibcl.
1263 2667 1324 2706 ep.
1346 2654 1386 2702 8,
1419 2655 1458 2693 et
1487 2652 1545 2693 acl
1571 2651 1742 2693 eundem
1772 2652 1925 2705 mayis-

202 2725 361 2764 tratum
390 2721 655 2776 referendum
684 2720 848 2763 videtur
882 2721 929 2762 in
959 2723 987 2762 t.
1014 2723 1061 2763 1:
1098 2721 1173 2776 qui
1212 2720 1487 2776 providentia
1522 2721 1807 2763 maximorum
1850 2722 1924 2761 im-

201 2797 448 2847 peratorum
492 2791 648 2832 missus
692 2790 886 2843 urgentis
930 2803 1128 2830 annonae
1171 2788 1464 2831 difficulitatcs
1509 2789 1621 2830 iuvit
1660 2795 1702 2830 et
1742 2788 1926 2830 cosuluit

202 2858 296 2914 (sic)
327 2859 547 2901 securitati
578 2857 770 2900 fundatis
801 2858 862 2899 rei
894 2857 1092 2913 publicae
1123 2857 1550 2912 (Concordiensium)
1586 2856 1764 2913 opibus3
1803 2872 1925 2913 prac-

202 2928 341 2970 fectus
371 2929 510 2970 aerari
542 2927 719 2970 Saturni
751 2925 866 2979 (ante
895 2941 934 2970 a.
966 2929 1063 2981 169)
1096 2929 1124 2970 t.
1154 2929 1194 2968 1.

297 2995 454 3039 Consul
491 2995 692 3047 suffectus
722 2996 838 3038 eirea
878 3010 917 3037 a.
949 2998 1030 3036 170
1057 2994 1134 3036 sub
1167 2994 1337 3036 Marco.
1394 2995 1585 3049 Legatus
1625 2994 1926 3051 Cappadociae

204 3067 232 3106 t.
252 3067 291 3107 5.
314 3063 386 3118 (ef.
410 3063 686 3118 Marquardt,
711 3062 934 3105 R6misehe
958 3062 1364 3117 Staatsverwaltuny
1393 3063 1427 3105 I
1431 3063 1448 3086 2
1467 3078 1510 3117 p.
1532 3067 1619 3106 372
1640 3064 1736 3105 adn.
1756 3066 1798 3118 3)
1820 3067 1857 3105 6.
1884 3067 1910 3104 7
1914 3077 1927 3113 ;

204 3132 251 3174 in
280 3135 308 3173 t.
329 3134 356 3174 5
391 3132 456 3174 M.
486 3131 692 3174 Aurelius
731 3132 886 3174 (licitur
925 3131 1212 3185 Sarmaticus,
1251 3145 1379 3184 quam
1418 3131 1742 3185 appellationem
1777 3146 1815 3175 a.
1847 3135 1927 3173 175

204 3200 360 3254 recepit
389 3201 444 3253 cf.
465 3199 627 3242 Eekhel
657 3200 753 3242 VII
765 3215 814 3254 p.
835 3203 904 3244 62.
956 3197 1195 3241 Proconsul
1214 3198 1346 3241 Asiae
1365 3200 1436 3241 vit.
1461 3199 1678 3242 Commodi
1708 3203 1744 3250 7,
1767 3203 1790 3241 1
1813 3200 1927 3241 eirea

206 3282 245 3311 a.
271 3271 375 3319 185;
406 3268 464 3310 ad
490 3268 600 3310 huno
629 3269 765 3323 mayis
794 3282 919 3322 quam
948 3267 1006 3309 ad
1014 3267 1311 3322 proconsulem
1332 3269 1613 3323 coynominem
1634 3265 1691 3320 (n.
1713 3267 1813 3321 890)
1844 3270 1923 3308 ret-

206 3336 383 3387 tulerim,
415 3351 522 3392 quae
559 3340 715 3381 narrat
749 3336 1034 3381 Tertullianus
1064 3335 1122 3380 ad
1150 3334 1385 3393 Scapulam
1412 3339 1457 3380 5.·
1495 3336 1650 3380 Arrius
1680 3335 1927 3379 Antoninus
