2202 3730
119 279 367 319 CLAVDIVS
979 275 1062 320 377
1676 280 1924 318 CLAVDIVS

201 413 237 454 ii
267 413 342 466 qui
381 412 532 467 templo
561 412 812 467 Aesculapii
838 412 1099 467 Pcrqameno
1129 412 1390 467 praeerant),
1430 413 1542 467 quod
1576 412 1742 456 Galerio
1781 427 1928 456 curam

196 480 486 535 qladiatorum
514 481 834 531 mandaverant,
867 481 1064 523 Labbeus
1084 494 1177 522 cum
1205 481 1441 523 sacerdotes
1459 481 1556 523 illos
1579 489 1776 524 ‘annuos’
1796 483 1928 537 fuisse

201 551 425 599 statueret,
463 548 673 591 Galerium
712 550 891 602 quinque
929 563 1048 591 sexve
1088 562 1222 591 annos
1250 548 1453 603 Peryami
1479 553 1690 592 versatum
1718 564 1803 593 esse
1833 565 1927 594 con-

202 616 338 659 clusit.
382 616 469 659 Sed
490 631 620 672 neque
644 617 692 659 id
720 621 828 659 certe
857 631 908 659 ex
926 617 993 659 his
1014 616 1172 659 Galeni
1187 617 1325 659 verbis
1345 617 1538 671 colliqere
1568 618 1663 660 licet
1691 622 1731 661 et
1762 620 1928 662 obstare

200 685 365 727 videtur
386 685 494 727 alter
513 685 626 727 locus
648 685 817 735 Galerii,
839 700 959 740 quem
981 686 1119 727 omisit
1138 685 1348 735 Labbeus,
1369 688 1456 742 περὶ
1485 691 1563 729 τῶν
1585 687 1662 743 οὐχ
1686 689 1927 745 ἑωραμένων

203 752 451 811 Ἱπποκράτει
480 756 718 798 ἐκπτώσεων
748 755 841 797 init.
873 754 1026 796 XVII
1048 758 1073 796 1
1093 769 1143 809 p.
1163 757 1265 796 347:
1301 754 1400 811 μετὰ
1427 756 1473 797 τὸ
1508 758 1738 812 τριακοστὸν
1769 757 1855 804 ἔτος
1883 757 1926 801 ἐν

202 822 345 880 Ῥώμῃ
386 824 573 880 διέτριψα.
632 823 695 865 At
731 823 808 865 hoc
847 822 936 865 loco
975 837 1193 864 numeram
1233 837 1441 864 annorum
1481 827 1724 877 corruptum
1764 839 1849 867 esse
1889 829 1929 868 et

200 891 410 934 Galerium
438 891 535 934 inde
565 892 618 934 ab
653 890 827 934 1561157
854 904 982 944 usquc
1022 890 1080 932 ad
1108 905 1148 934 a.
1180 891 1360 934 1611162
1389 891 1591 945 Perqami
1622 893 1754 946 fuisse
1783 895 1928 936 statim

201 960 426 1014 apparebit
456 974 507 1002 ecc
534 961 590 1002 iis
619 974 726 1013 quae
756 959 806 1001 de
834 960 984 1001 itinere
1014 958 1197 1001 Romam
1226 959 1342 1012 facto
1373 963 1481 1001 certe
1509 963 1693 1003 statuere
1723 961 1830 1005 licet.

286 1029 482 1071 Primum
521 1029 701 1071 Romam
743 1027 960 1083 profectus
1002 1034 1066 1069 est
1102 1027 1182 1069 sub
1222 1028 1393 1069 initium
1433 1029 1601 1084 imperii
1642 1029 1703 1072 M.
1733 1029 1925 1075 Aurelii:

201 1098 339 1154 ἄρχειν
371 1097 597 1154 ἀρχομένου
629 1100 696 1139 τοῦ
727 1098 792 1139 καὶ
822 1101 888 1139 νῦν
920 1096 1114 1153 ἄρχοντος
1145 1094 1392 1139 Ἀντωνείνου
1435 1097 1525 1150 ipse
1559 1100 1645 1154 περὶ
1675 1099 1924 1155 ἀνατομικῶν

201 1167 470 1223 ἐγχειρήσεων
501 1168 540 1215 1,
572 1168 597 1206 1
632 1165 694 1207 ΙΙ
707 1179 755 1218 p.
786 1167 885 1207 215.
944 1164 1054 1206 Tres
1094 1178 1230 1205 annos
1271 1170 1372 1205 tune
1407 1164 1568 1206 Romae
1609 1174 1798 1208 moratus
1839 1175 1923 1210 est:

201 1233 305 1277 ἔτεσι
345 1235 388 1277 δὲ
425 1235 542 1290 τρισὶν
574 1234 709 1280 ἄλλοις
748 1233 790 1275 ἐν
822 1231 964 1289 Ῥώμῃ
997 1234 1198 1289 διατρίψας
1230 1232 1448 1288 ἀρξαμένου
1479 1237 1548 1275 τοῦ
1581 1237 1754 1290 μεγάλου
1787 1239 1926 1292 λοιμοῦ

200 1307 449 1360 παραχρῆμα
468 1307 538 1358 τῆς
562 1302 720 1348 πόλεως
749 1301 915 1357 ἐξῆλθον
938 1302 1026 1355 ipse
1047 1303 1134 1357 περὶ
1152 1305 1230 1343 τῶν
1253 1302 1301 1342 ἰδ.
1323 1302 1425 1359 βιβλ.
1446 1315 1478 1342 c.
1494 1305 1520 1342 1
1540 1305 1644 1345 extr.
1666 1302 1746 1345 XI
1752 1303 1792 1345 V
1794 1319 1843 1358 p.
1859 1308 1924 1355 15,

201 1371 331 1413 rediit
360 1378 503 1412 autem
535 1372 580 1412 in
609 1371 804 1426 patriam,
833 1369 926 1412 ὅταν
947 1368 1224 1425 ἐπυνθανόμην
1245 1371 1471 1412 πεπαῦσθαι
1499 1371 1569 1426 τὴν
1592 1373 1722 1413 στάσιν
1753 1371 1928 1423 (scilicet

202 1439 354 1481 bellum
374 1438 640 1492 Parthicum)
670 1438 758 1492 ipse
783 1439 870 1494 περὶ
900 1441 968 1479 τοῦ
999 1440 1278 1493 προγινώσκειν
1310 1450 1344 1479 6.
1370 1440 1396 1479 9
1416 1437 1496 1479 XI
1502 1437 1538 1479 V
1544 1451 1593 1491 p.
1610 1441 1702 1488 648,
1735 1446 1778 1482 et
1807 1447 1926 1482 ante-

200 1522 332 1564 quam
360 1507 412 1550 L.
442 1507 582 1549 Verus
613 1521 636 1547 e
669 1505 799 1561 Syria
832 1507 1008 1547 Romam
1038 1519 1237 1547 reversus
1267 1512 1381 1547 esset
1410 1506 1465 1559 cf.
1494 1506 1622 1548 verba
1653 1506 1811 1550 Galeni
1839 1508 1866 1551 l.
1898 1508 1925 1551 l.

195 1591 245 1630 p.
273 1578 375 1618 649:
416 1575 515 1632 μετὰ
543 1574 688 1632 χρόνον
720 1573 755 1616 δ’
781 1575 826 1616 οὐ
856 1574 957 1616 πολὺ
989 1573 1166 1628 (scilicet
1190 1576 1419 1627 postquam
1453 1575 1542 1628 ipse
1571 1575 1709 1617 Italia
1737 1577 1925 1631 excessit)

201 1643 545 1701 ἐπανεληλυθότος
567 1647 635 1686 τοῦ
655 1643 823 1686 Λευκίου
843 1645 926 1685 κτλ.
957 1641 1081 1684 Bello
1103 1645 1241 1683 autem
1261 1641 1466 1684 Parthico
1487 1643 1673 1696 confecto
1695 1658 1734 1686 a.
1751 1647 1927 1688 1641165

199 1713 251 1755 L.
273 1712 425 1755 Verum
438 1712 622 1754 Romam
640 1724 845 1754 remeasse
866 1725 906 1755 a.
922 1713 1004 1753 166
1023 1713 1064 1752 et
1083 1710 1222 1752 codem
1243 1724 1356 1753 anno
1377 1724 1469 1752 cum
1488 1711 1627 1764 fratre
1648 1713 1927 1767 triumphasse

202 1795 294 1823 cum
324 1795 375 1823 ex
405 1780 505 1823 aliis
535 1780 784 1822 testimoniis
814 1782 900 1821 tum
921 1793 971 1821 ea·
993 1779 1097 1834 dipl.
1115 1779 1204 1822 mil.
1225 1779 1314 1822 III
1328 1779 1375 1822 S.
1387 1793 1436 1833 p.
1452 1783 1560 1822 1991
1581 1781 1808 1824 certissime
1829 1796 1924 1825 con-

194 1853 293 1893 stat.
344 1850 495 1904 Itaque
525 1848 715 1892 Galenus
743 1848 927 1890 Romam
957 1862 996 1890 a.
1023 1851 1109 1892 162
1137 1849 1251 1890 venit
1281 1851 1321 1890 et
1354 1849 1417 1890 ibi
1446 1863 1486 1890 a.
1513 1852 1708 1892 163-165
1736 1855 1926 1894 moratus

124 1969 132 1971 s
201 1933 240 1963 a.
268 1921 348 1962 165
369 1921 540 1961 exeunte
568 1917 630 1960 vel
662 1931 703 1959 a.
724 1920 805 1960 166
833 1918 1002 1960 ineunte
1030 1917 1076 1959 in
1098 1917 1296 1971 patriam
1323 1920 1508 1959 revectus
1537 1921 1610 1961 est.
1662 1918 1799 1961 Paulo
1830 1929 1927 1976 post

198 2002 331 2043 quam
361 1988 547 2044 primum
569 1987 750 2028 Romam
775 1985 964 2040 advenit,
996 1984 1148 2027 Flavio
1173 1985 1352 2039 Boetho,
1381 1985 1532 2040 Sergio
1553 1986 1702 2041 Paulo,
1727 1986 1925 2042 (Ceionio

201 2055 372 2108 Civica)
394 2055 591 2098 Barbaro
620 2055 711 2110 (qui
739 2068 779 2096 a.
801 2057 882 2096 164
905 2055 951 2096 in
974 2054 1173 2096 orientem
1193 2054 1415 2107 profectus
1436 2057 1496 2096 est
1515 2055 1570 2108 cf.
1593 2067 1728 2109 supra
1754 2070 1795 2100 n.
1811 2057 1922 2111 500),

199 2123 382 2167 Claudio
405 2123 578 2178 Severo,
611 2124 720 2164 viris
747 2122 1008 2176 clarissimis,
1031 2121 1419 2164 demonstrationes
1440 2125 1702 2165 anatomieas
1725 2124 1924 2167 exhibuit

202 2183 632 2249 iisquefamiliariter
653 2192 715 2234 uti
738 2192 880 2247 eoepit
899 2193 987 2247 περὶ
1007 2194 1076 2233 τοῦ
1096 2193 1380 2247 προγινώσκειν
1413 2204 1447 2232 c.
1468 2194 1500 2233 2
1524 2191 1652 2233 XIV
1662 2207 1711 2245 p.
1733 2195 1818 2236 612
1838 2207 1923 2247 sqq.

285 2261 460 2303 Litteris
486 2261 794 2317 imperatorum
815 2258 990 2312 (scilicet
1008 2258 1157 2301 Marci
1175 2261 1215 2300 et
1238 2258 1350 2315 Veri)
1372 2258 1577 2315 Aquileia
1598 2259 1710 2302 datis
1732 2261 1924 2305 Galenus

197 2330 241 2370 in
261 2328 433 2372 Italiam
453 2335 681 2371 revocatus
701 2342 780 2384 per
801 2327 1033 2369 Thraciam
1054 2333 1096 2368 et
1115 2326 1418 2369 Macedoniam
1438 2328 1592 2369 itinere
1613 2327 1725 2370 facto
1748 2328 1820 2383 (cf.
1837 2332 1926 2387 περὶ

196 2402 275 2441 τῶν
298 2399 436 2441 ἁπλῶν
452 2400 676 2455 φαρμάκων
696 2398 808 2439 συνθ.
828 2399 868 2446 9,
884 2399 917 2438 2
930 2395 1038 2438 XII
1042 2409 1090 2448 p.
1103 2397 1199 2451 171)
1217 2394 1297 2437 sub
1318 2395 1490 2437 initium
1511 2395 1663 2438 hiemis
1684 2412 1722 2438 a.
1742 2398 1924 2441 1681169

197 2466 326 2522 paulo
366 2472 467 2508 ante
506 2480 637 2522 quam
676 2465 729 2507 L.
761 2464 903 2507 Verus
941 2470 1183 2505 moreretur
1213 2462 1305 2517 (qui
1333 2463 1553 2517 defunctus
1581 2467 1641 2506 est
1669 2479 1806 2508 mense
1834 2467 1923 2520 fere

197 2535 409 2578 Ianuario
430 2549 470 2579 a.
483 2537 565 2577 169
587 2534 642 2588 cf.
658 2547 791 2588 supra
802 2547 852 2587 p.
864 2532 976 2586 330),
998 2530 1246 2588 Aquileiam
1261 2532 1403 2585 venit3
1425 2531 1542 2574 unde
1562 2538 1682 2588 peste
1700 2542 1924 2588 grassante

194 2603 324 2660 paulo
364 2610 461 2660 post
490 2603 596 2646 Veri
636 2608 818 2644 mortem
848 2602 1029 2643 Romam
1069 2615 1115 2642 se
1155 2599 1338 2642 contulit
1379 2602 1466 2656 περὶ
1498 2605 1577 2644 τῶν
1613 2602 1662 2643 ἰὸ.
1694 2603 1795 2659 βιβλ.
1827 2616 1860 2645 6.
1891 2607 1924 2646 2

196 2672 319 2715 XIX
336 2687 385 2727 p.
409 2674 474 2715 18.

282 2740 403 2784 Haec
422 2754 530 2794 quae
551 2739 599 2783 de
622 2738 781 2782 Galeni
798 2738 1022 2781 itineribus
1041 2751 1093 2780 ea·
1110 2737 1247 2779 verbis
1275 2737 1410 2791 ipsius
1438 2738 1676 2788 statuimus,
1709 2738 1855 2781 docent
1884 2743 1925 2782 et

198 2810 418 2852 Labbeum
437 2823 486 2863 p.
503 2812 542 2851 6.
564 2811 592 2850 7
614 2821 791 2858 errasse,
814 2821 907 2849 cum
924 2805 1135 2849 Galenum
1145 2805 1336 2860 primum
1355 2806 1474 2847 intra
1494 2820 1534 2847 a.
1550 2809 1745 2848 164-167
1758 2807 1924 2851 Romae

197 2878 352 2931 fuisse,
394 2876 489 2919 dein
528 2890 639 2919 anno
669 2879 752 2918 168
778 2876 826 2918 in
846 2875 1043 2929 patriam
1071 2873 1267 2924 rediisse,
1307 2874 1460 2916 iterum
1489 2889 1528 2917 a.
1559 2877 1640 2917 169
1669 2875 1716 2917 in
1744 2875 1923 2918 Italiam

193 2946 438 3000 profectum
476 2957 562 2987 esse
591 2947 781 2998 poneret,
823 2946 863 2985 et
891 2956 1121 2997 perperam
1148 2941 1413 2985 Clintonium
1443 2942 1545 2985 locis
1573 2956 1707 2997 supra
1735 2942 1924 2985 laudatis

197 3014 414 3068 scripsisse
442 3012 652 3056 Galerium
681 3013 756 3054 sub
787 3011 895 3054 divis
924 3011 1136 3064 fratribus
1165 3010 1252 3052 tria
1283 3011 1442 3053 itinera
1469 3011 1517 3053 in
1543 3011 1724 3053 Italiam
1761 3012 1921 3065 fecisse,

197 3083 388 3137 primwm
412 3081 596 3124 Romam
626 3095 667 3123 a.
688 3084 774 3124 162
803 3079 1030 3129 advenisse,
1062 3078 1158 3120 dein
1185 3079 1338 3121 iterum
1367 3078 1520 3131 (nescio
1548 3079 1673 3134 unde)
1702 3080 1748 3121 in
1776 3080 1923 3122 urbem

198 3164 407 3193 reversum
447 3150 511 3192 ibi
537 3163 620 3204 per
658 3163 698 3192 a.
727 3150 926 3191 164-167
951 3149 1163 3189 moratum
1201 3160 1287 3189 6336
1324 3151 1363 3190 et
1397 3148 1565 3191 tertium
1596 3162 1637 3190 a.
1666 3148 1845 3190 1681169
1876 3148 1923 3189 in

200 3219 380 3262 Italiam
407 3218 595 3260 rediisse.
654 3216 768 3259 Vnde
790 3230 926 3271 porro
954 3216 1141 3270 sequitur
1167 3218 1206 3258 et
1245 3229 1403 3259 annum
1440 3216 1628 3259 natalem
1665 3215 1822 3259 Galcni
1850 3216 1925 3269 qui

198 3287 321 3342 vulqo
349 3287 555 3329 statuitur
582 3285 807 3327 secumdum
836 3284 1055 3326 Labbeum
1084 3298 1124 3326 a.
1156 3287 1249 3334 131,
1290 3298 1319 3326 a
1348 3283 1563 3328 Glintonio
1594 3299 1634 3329 a.
1664 3287 1758 3334 130,
1791 3285 1920 3326 corri-

197 3355 377 3410 9endum
399 3368 497 3399 esse.
555 3353 745 3396 Galenus
774 3353 884 3402 enim
912 3353 1081 3406 scripsit
1109 3354 1195 3409 περὶ
1225 3356 1302 3396 τῶν
1322 3354 1372 3397 ἰὸ.
1393 3354 1494 3412 βιβλ.
1516 3367 1552 3396 6.
1570 3356 1602 3397 2
1631 3353 1725 3398 init.
1752 3353 1921 3408 ἐπανῆλ-
