2202 3730
274 291 519 328 CLAVDIVS
1127 282 1212 324 400
1822 288 2069 327 CLAVDIVS

359 421 431 465 On.
456 418 615 464 Claudi
631 418 773 462 Severi
801 431 880 461 eos.
902 418 963 459 II
986 432 1026 459 a.
1048 421 1128 459 173
1158 418 1213 473 (et
1241 417 1500 474 Fadillae?)‚
1530 431 1658 472 nepos
1680 418 1744 460 M.
1765 418 1948 462 Aurelii.
1998 419 2072 462 Ad

356 490 464 531 hune
493 490 674 542 fortasse
694 487 910 540 pertinent
929 486 1057 527 verba
1078 486 1318 528 Herodiani
1334 489 1373 536 4,
1397 490 1435 537 6,
1455 489 1504 528 3.·
1532 484 1791 542 (Ἀντωνῖνος)
1812 490 1880 544 τήν
1901 504 1943 531 τε
1965 486 2070 544 Κομ-

359 558 480 613 μόῧου
522 557 725 611 ἀδελφήν,
770 555 973 610 πρεσβῦτιν
1012 555 1089 611 ἤδη
1134 557 1199 597 καὶ
1237 556 1332 612 πρὸς
1372 557 1527 598 πάντων
1569 555 1764 612 βασιλέων
1806 558 1862 602 ὥς
1899 555 2069 613 Μάρκου

358 625 555 682 θυγατέρα
584 622 856 679 τετιμημένην,
889 622 1114 666 ἀπέκτεινεν
1147 624 1269 666 αἰτίαν
1301 624 1513 679 ἐπαγαγὼν
1545 626 1600 670 ὧς
1631 624 1856 680 δακρυσάσῃ
1888 624 1994 680 παρὰ
2022 629 2072 680 τῇ

357 694 470 749 μητρὶ
501 692 619 734 αὐτοῦ
649 692 711 733 ἐπὶ
740 698 797 747 τῷ
825 694 894 732 τοῦ
928 692 1068 737 παιδὸς
1109 691 1241 748 φόνῳ,
1282 705 1536 745 quamquam
1574 694 1614 733 et
1653 691 1702 734 de
1737 690 1862 734 Vibia
1890 691 2072 735 Awrelia

355 761 520 804 Sabina
549 762 588 801 et
617 758 666 801 de
694 758 784 813 filio
815 759 904 800 eius
933 759 1072 813 iynoto
1103 760 1286 814 ooqitari
1305 763 1456 814 potest.

440 828 643 882 Ramsay‚
681 826 768 869 The
798 827 915 868 cities
946 826 1034 868 and
1062 827 1293 881 bishopries
1324 828 1375 881 of
1387 827 1583 882 Pbryyia
1602 827 1636 869 I
1649 825 1789 881 (1895)
1811 842 1858 882 p.
1878 830 1965 871 290
1983 841 2069 881 sqq.

358 896 414 938 ad
451 896 559 937 hune
600 898 639 937 et
677 894 891 948 familiam
926 895 1015 937 eius
1053 895 1217 937 rettulit
1255 895 1398 938 titulos
1428 909 1579 950 qraeee
1606 896 1786 949 scriptos
1812 898 1998 949 repertos
2027 896 2073 938 in

356 964 537 1018 confinio
568 963 788 1017 Phryqiae
818 966 856 1005 et
884 962 1099 1005 Pisidiae:
1127 978 1175 1018 p.
1198 967 1285 1006 290
1314 978 1355 1005 n.
1386 967 1474 1007 127
1502 964 1554 1017 ef.
1578 978 1625 1017 p.
1651 966 1733 1005 310
1763 962 1821 1018 (1)
1858 963 2072 1006 dedicatus

358 1033 468 1079 ἔτους
493 1030 582 1090 ρπβ’
607 1056 659 1060 -
686 1056 732 1060 ο
757 1033 854 1088 ὑπὲρ
877 1033 1073 1088 σωτηρίας
1091 1056 1148 1061 ——
1167 1056 1224 1061 —
1243 1034 1307 1075 καὶ
1337 1033 1532 1089 σωτηρίας
1562 1029 1706 1077 Ἀννίας
1734 1031 1978 1089 Φαυστείνης
2008 1034 2072 1075 καὶ

355 1101 532 1157 Τιβερίου
557 1099 757 1143 Κλαυδίου
779 1103 874 1151 κτλ.,
898 1100 1016 1142 euius
1037 1114 1194 1159 annum
1209 1103 1296 1143 182
1317 1114 1442 1142 aerae
1465 1099 1736 1154 Cibyraticae
1757 1119 1811 1134 =
1827 1114 1867 1141 a.
1885 1099 2073 1143 207s208

353 1185 401 1224 p.
426 1168 472 1213 C.
493 1169 644 1211 statuit
662 1169 875 1222 Ramsay;
900 1184 944 1222 p.
966 1172 1051 1212 291
1071 1183 1112 1211 n.
1130 1171 1216 1212 128
1237 1170 1291 1222 of.
1306 1184 1354 1223 p.
1370 1172 1450 1211 311
1471 1167 1534 1224 (2)
1563 1169 1675 1225 [ὑπὲρ
1697 1167 1909 1226 σω]τηριάς
1929 1165 2074 1215 Ἀννίας

356 1238 601 1295 Φαυστείνης
621 1240 719 1288 κτλ.,
751 1237 823 1290 qui
845 1240 872 1279 t.
896 1240 1033 1279 aetate
1061 1237 1222 1291 aliquot
1245 1238 1371 1279 annis
1391 1237 1613 1291 praeeedit
1638 1240 1664 1279 t.
1686 1239 1736 1288 1;
1761 1251 1804 1290 p.
1824 1238 1907 1279 291
1926 1250 1968 1280 n.
1990 1239 2074 1279 129

355 1308 409 1360 cf.
424 1321 472 1360 p.
487 1308 574 1348 312
588 1304 646 1360 (3)
667 1306 763 1362 ὑπὲρ
785 1305 980 1362 σωτηρίας
1001 1306 1130 1348 αὐτῶν
1151 1307 1215 1348 καὶ
1236 1306 1431 1362 σωτηρίας
1447 1305 1625 1363 Σεβήρου
1646 1306 1710 1347 καὶ
1728 1306 1973 1362 Φαυστείνης
1988 1307 2091 1347 κτλ.’

351 1375 518 1429 positus
538 1375 627 1428 fere
646 1375 722 1416 sub
745 1373 982 1417 Caracallo.
1028 1374 1219 1416 Anniam
1238 1374 1497 1417 Faustinam
1519 1388 1625 1428 quae
1642 1377 1898 1417 memoratur
1917 1374 1964 1415 in
1983 1377 2010 1416 t.
2027 1377 2071 1425 2,

353 1443 490 1498 filiam
519 1455 605 1485 esse
631 1443 805 1485 coniecit
824 1443 1015 1497 Ramsay
1043 1442 1283 1485 Faustinae
1303 1442 1536 1485 meidiae
1558 1442 1813 1496 Cornificiae
1832 1442 2075 1484 nominatae

354 1512 399 1553 in
430 1514 457 1553 t.
491 1510 642 1553 ibidem
670 1514 836 1565 reperto
858 1526 906 1565 p.
934 1513 1024 1554 287
1049 1525 1091 1555 n.
1113 1514 1220 1561 124,
1257 1525 1363 1564 quae
1391 1511 1481 1553 sine
1511 1510 1638 1553 dubio
1667 1510 1753 1564 fuit
1779 1509 1875 1565 filia
1902 1509 2075 1552 Anniae

354 1578 606 1634 Cornificiae
624 1577 863 1621 Faustinae
882 1580 1043 1622 sororis
1065 1579 1213 1621 Marci
1232 1579 1303 1634 (of.
1318 1578 1362 1620 A
1375 1581 1472 1635 546)
1495 1581 1534 1621 et
1554 1578 1619 1622 M.
1647 1578 1847 1621 meidii
1865 1578 2077 1632 Quadrati

353 1648 450 1702 (eos.
483 1661 522 1692 a.
543 1646 664 1701 1679;
694 1661 786 1689 eam
814 1648 1005 1702 nupsisse
1032 1647 1096 1690 Ti.
1125 1647 1311 1691 Claudio
1330 1646 1480 1690 Severo
1511 1660 1590 1690 eos.
1623 1661 1663 1689 a.
1683 1649 1770 1690 200
1801 1650 1841 1689 et
1864 1660 1954 1689 una
1982 1660 2075 1688 own

354 1716 508 1758 marito
537 1715 754 1758 nominari
781 1716 827 1757 in
857 1719 885 1759 t.
906 1719 955 1766 1,·
984 1715 1121 1770 filiam
1140 1716 1358 1769 utriusque
1378 1728 1463 1757 esse
1483 1714 1741 1774 Faustinam
1765 1715 1810 1757 in
1835 1718 1864 1757 t.
1886 1718 1925 1765 3,
1949 1714 2075 1769 plene

355 1785 511 1827 dietam
540 1784 586 1826 in
615 1786 643 1826 t.
665 1784 820 1826 ibidem
844 1787 1008 1838 reperto
1031 1799 1078 1838 p.
1101 1787 1187 1827 289
1217 1798 1258 1826 n.
1281 1787 1366 1827 126
1395 1785 1492 1839 ὑπὲρ
1514 1784 1710 1839 σωτηρίας
1732 1780 1855 1830 Ἀνίας
1875 1781 2076 1840 Αὐρηλίας

355 1852 601 1909 Παυστρίνης
630 1852 723 1908 (sic)
753 1857 822 1909 τῆς
857 1852 1095 1910 κ[ρα]τίστης
1136 1856 1259 1906 atque
1299 1852 1472 1894 eandem
1509 1866 1634 1905 quam
1662 1854 1814 1905 postea
1843 1850 2075 1905 Pomponio

355 1921 494 1963 Basso
522 1924 699 1975 nuptam
727 1920 1000 1975 Elayabalus
1029 1921 1206 1963 abduxit
1235 1922 1281 1963 in
1310 1920 1638 1964 matrimonium.

439 1989 588 2031 Annia
624 1987 843 2031 Faustina
879 2002 988 2032 umor
1022 1990 1069 2032 E
1075 1989 1267 2044 laqabali
1302 1989 1400 2044 filia
1443 1988 1506 2030 Ti.
1539 1986 1716 2031 Claudii
1743 1987 1901 2038 Severi,
1940 1988 2078 2042 neptis

356 2057 430 2100 Cn.
472 2057 636 2108 Severi,
674 2058 898 2112 proneptis
935 2058 1207 2112 imperatoris
1248 2058 1397 2100 Marci
1433 2056 1589 2099 dudum
1627 2057 1831 2098 statuitur
1867 2069 1903 2098 v.
1941 2069 2077 2110 supra

357 2126 401 2168 A
428 2129 521 2169 547.
584 2125 728 2180 Neque
765 2126 905 2168 minus
944 2129 1052 2168 eerte
1085 2140 1134 2168 ex
1165 2125 1299 2168 titulis
1328 2125 1446 2167 novis
1475 2138 1683 2178 apparere
1711 2123 1875 2166 videtur
1901 2137 2075 2166 uxorem

361 2195 423 2238 Ti.
465 2193 608 2237 Severi
645 2194 775 2247 fuisse
811 2193 1002 2236 Anniam
1041 2193 1300 2236 Faustinam
1340 2192 1587 2248 (maiorem).
1652 2191 1721 2234 De
1760 2192 1878 2234 ouius
1914 2192 2075 2246 oriqine

357 2277 448 2306 eum
483 2262 658 2304 nomina
695 2262 804 2304 nibil
844 2262 1018 2305 doceant
1054 2263 1141 2305 nisi
1170 2277 1252 2316 per
1283 2265 1454 2316 patrem
1492 2261 1555 2303 vel
1591 2263 1769 2303 matrem
1813 2274 1904 2302 eam
1944 2272 2073 2314 yenus

357 2331 522 2373 duxisse
565 2344 587 2373 e
628 2333 748 2385 qente
791 2331 1061 2384 imperatoris
1107 2331 1173 2373 M.
1214 2330 1405 2380 Aurelii,
1453 2329 1694 2372 coniectura
1737 2328 1815 2370 illa
1857 2342 1983 2382 quam
2024 2327 2074 2370 de

351 2400 605 2454 parentibus
644 2399 732 2441 eius
771 2399 963 2454 Ramsay
990 2399 1217 2454 proposuit
1252 2398 1386 2441 solum
1420 2398 1465 2439 in
1503 2412 1548 2440 eo
1579 2397 1727 2452 posita
1757 2400 1833 2447 est,
1862 2395 1973 2450 quod
1991 2409 2074 2450 per

355 2468 627 2510 hereditatem
655 2467 818 2510 videtur
838 2467 1076 2522 possedisse
1103 2467 1270 2521 fundos,
1302 2467 1375 2521 qui
1394 2469 1522 2509 antea
1546 2466 1720 2519 fuerant
1735 2464 1907 2507 Anniae
1927 2462 2071 2507 Corni-

355 2537 478 2591 ficiae
507 2535 757 2578 Faustinae.
814 2537 930 2589 Quae
970 2536 1210 2578 coniectura
1247 2538 1294 2576 ut
1324 2534 1566 2589 probabilis
1606 2537 1686 2584 est,
1728 2534 1792 2575 ita
1821 2532 1962 2575 dubiis
1989 2546 2075 2575 non

356 2607 484 2647 earet.

271 2673 353 2715 815
386 2672 684 2726 C[L(AVDIVS)
706 2678 1020 2714 SOLLEMNIVS
1031 2672 1069 2727 P]
1090 2678 1326 2727 MARINVS,
1354 2670 1615 2713 clarissimus
1636 2684 1755 2726 puer,
1779 2668 1843 2712 Ol.
1867 2667 2073 2712 sollemni

357 2740 644 2795 Pac[atiani‘?]
678 2739 792 2782 filius
823 2741 911 2783 III
933 2744 986 2783 94
1015 2742 1069 2795 of.
1100 2740 1408 2782 Additamenta
1428 2754 1477 2793 p.
1498 2742 1593 2781 969.
1644 2738 1759 2781 Num
1789 2737 2074 2792 Waddinqton

356 2811 465 2850 reete
498 2809 728 2850 restituerit
756 2808 1026 2863 Sollemnius,
1066 2809 1164 2863 plus
1197 2822 1324 2862 quam
1364 2807 1536 2849 dubium
1576 2810 1637 2849 est
1644 2820 1658 2858 ;
1687 2809 1828 2861 potest
1864 2805 1996 2859 fuisse
2033 2808 2074 2848 et

357 2876 568 2930 quodlibet
594 2890 744 2918 nomen
774 2877 1006 2919 derivatum
1037 2891 1065 2919 a
1093 2880 1230 2918 matre
1257 2875 1320 2918 vel
1350 2890 1378 2917 a
1398 2875 1666 2930 propinquis.

273 2944 356 2986 816
387 2944 670 2998 CL(AVDIVS)
703 2951 1017 2986 SOLLEMNIVS
1049 2943 1437 3000 PAC[ATIANVS?],
1470 2943 1636 2998 legatus
1665 2942 1853 2997 Augusti
1893 2956 1970 2998 pro
2007 2956 2071 2997 pr.

359 3010 595 3066 (Arabiae),
618 3013 685 3054 vir
701 3012 971 3068 clarissimus,
990 3020 1111 3069 pater
1132 3011 1213 3067 ΟΠ.
1226 3011 1496 3066 Sollemnii?]
1514 3011 1672 3053 Marini
1688 3011 1776 3053 ΙΙΙ
1786 3013 1840 3054 94
1859 3010 1914 3064 ef.
1935 3008 2071 3051 Addi-

358 3083 544 3122 tamenta
564 3095 612 3134 p.
634 3084 714 3123 969
746 3084 772 3122 t.
804 3081 1063 3132 Bostranus,
1105 3095 1224 3135 quem
1253 3080 1401 3135 posuit
1427 3079 1492 3124 Fl.
1526 3079 1716 3122 Severus
1747 3079 1862 3135 optio
1893 3077 2072 3132 legionis

357 3149 448 3190 IIII
479 3147 580 3204 Cyr.
612 3148 873 3191 severianae
904 3147 1281 3204 [Alexandrianae]
1314 3151 1449 3191 aetate
1478 3147 1623 3191 Severi·
1649 3145 1903 3189 Alexandri.

275 3216 355 3258 817
387 3223 448 3260 TI.
482 3217 764 3270 CL(AVDIVS)
796 3223 1145 3271 STASITHEMIS,
1187 3217 1255 3259 Ti.
1298 3215 1467 3259 Claudii
1507 3214 1753 3258 Telemachi
1793 3220 1836 3256 et
1870 3213 2072 3256 Tiberiae

360 3283 567 3326 Claudiae
606 3283 778 3326 Arsasis
816 3284 947 3339 filius,
991 3284 1268 3341 Sidymaeus,
1310 3290 1481 3326 senator
1509 3286 1766 3325 memoratur
1794 3283 1839 3324 in
1869 3284 1897 3324 t.
1928 3281 2073 3336 Lyciis

356 3354 585 3405 parentum
608 3350 842 3405 Benndorf,
864 3352 1018 3394 Reisen
1043 3353 1090 3395 in
1109 3353 1267 3407 Dyeien
1287 3366 1335 3407 p.
1357 3355 1414 3394 67
1432 3365 1472 3394 n.
1493 3354 1559 3394 41.
1580 3354 1650 3401 42,
1680 3349 1773 3392 vide
1802 3350 1849 3392 in
1869 3351 2012 3404 patre.
