2202 3730
120 293 379 330 CLVSINIVS
982 287 1066 331 425
1711 293 1922 329 CLVVIVS

170 423 361 479 'fugisse
381 424 671 480 iactatumque
693 424 862 466 casibus
882 425 1026 479 variis,
1058 430 1270 467 retentum
1301 425 1430 466 etiam
1460 439 1486 466 a
1515 437 1618 478 rege
1648 423 1802 478 (nescio
1823 423 1918 477 quo)

199 493 374 535 tandem
395 494 441 534 in
460 492 632 535 Italiam
655 500 786 549 atque
805 494 988 549 patriam
1010 508 1131 535 suam
1150 493 1398 547 *Marginos
1415 492 1703 546 (Marrucinos
1718 492 1918 546 Bonnell)

195 562 367 604 venisse
383 567 511 617 atque
528 561 588 603 ibi
604 562 803 616 agnosci3
820 576 918 603 cum
935 576 1108 604 causam
1126 562 1218 603 eius
1230 561 1450 604 Labienus
1466 560 1730 612 defenderet,
1740 560 1919 603 Asinius

197 629 335 672 Pollio
367 637 517 672 contra
542 630 654 672 dixit
682 631 867 672 servisse
899 645 994 672 eum
1024 631 1197 672 nomine
1233 629 1503 685 Sosipatrum
1533 630 1703 671 Pisauri
1734 629 1919 671 dominis

196 698 376 753 duobus,
409 698 667 740 medicinam
698 699 928 752 factitasse,
950 713 1082 740 manu
1103 699 1283 740 missum
1309 697 1474 739 alienae
1494 712 1540 739 se
1564 697 1752 740 familiae
1774 697 1916 740 venali

196 767 478 809 immiscuisse
489 758 508 822 ,⁸
537 783 563 809 a
592 782 638 809 se
667 774 914 822 rogantem,
955 774 1004 809 ut
1035 768 1072 821 ei
1107 768 1309 821 serviret,
1352 772 1544 822 emptum
1580 767 1755 819 Quintil.
1785 768 1917 809 instit.

197 839 234 886 7,
265 838 308 887 2,
340 840 379 879 4.
409 838 446 879 5.
479 839 550 879 26.

107 903 191 944 949
210 903 444 947 Clusinius
475 903 640 959 Gallus,
674 905 837 946 amicus
869 903 1011 957 Plinii,
1043 903 1098 944 ad
1129 918 1256 959 quem
1287 904 1460 959 scripsit
1481 904 1597 957 epist.
1618 907 1658 953 4,
1681 906 1746 945 17.
1797 903 1918 946 ‘Clu-

190 973 326 1014 sinius
367 974 443 1027 (an
481 972 678 1014 dusinius
688 972 745 1026 ‘?)‘
780 972 906 1014 codex
944 971 1348 1013 Ashurnhamianus
1384 973 1430 1013 in
1467 970 1604 1013 indice
1646 970 1748 1013 libri
1776 972 1921 1025 quarti

194 1041 350 1096 Stangl
370 1042 620 1096 Philoloyus
639 1041 778 1084 XLV
791 1041 931 1096 (1886)
945 1056 992 1095 p.
1017 1043 1108 1091 655,
1142 1075 1151 1084 .
1169 1041 1276 1082 sinio
1308 1054 1363 1095 ga
1380 1074 1390 1083 .
1408 1073 1418 1082 .
1437 1076 1446 1084 .
1478 1055 1555 1082 suo
1587 1040 1714 1083 codex
1733 1039 1917 1082 Floren-

192 1111 304 1152 tinus
333 1111 378 1152 in
407 1111 599 1165 margine
630 1110 689 1152 ad
717 1111 832 1164 epist.
862 1113 901 1160 4,
933 1113 999 1160 17,
1032 1112 1210 1151 ceterum
1240 1109 1428 1151 traditur
1448 1108 1597 1163 Gallo;
1627 1108 1749 1163 vulyo
1780 1108 1918 1150 editur

189 1177 342 1220 Asinio
365 1177 504 1222 Gallo.
556 1177 662 1220 Cum
690 1179 735 1220 in
764 1178 979 1232 scriptura
1007 1177 1243 1219 minuscula
1272 1191 1380 1231 quae
1400 1177 1557 1218 dicitur
1586 1177 1752 1219 litterae
1773 1176 1813 1218 cl
1830 1179 1870 1218 et
1889 1176 1918 1218 d

189 1260 275 1289 non
302 1247 427 1288 semel
446 1248 518 1289 vise
538 1247 840 1301 diqnoscantur
862 1249 902 1287 et
931 1260 959 1288 a
989 1245 1183 1288 librariis
1202 1259 1409 1299 persaepe
1439 1246 1639 1299 confusae
1668 1246 1766 1296 sint,
1798 1245 1918 1287 lectio

191 1314 410 1357 Clusinius
432 1315 528 1357 inde
548 1315 836 1370 confirmatur,
866 1314 1043 1368 quodid
1061 1328 1221 1364 nomen,
1252 1314 1363 1367 quod
1391 1328 1419 1355 a
1449 1313 1595 1357 Clusio
1626 1313 1778 1368 oppido
1809 1313 1918 1355 deri-

188 1386 332 1425 vatum
359 1383 534 1434 videtur,
565 1384 776 1425 invenitur
802 1382 1054 1436 Quintilian.
1087 1382 1264 1426 institut.
1297 1386 1336 1433 7,
1358 1387 1401 1433 2,
1426 1385 1454 1425 5
1485 1382 1704 1425 Clusinius
1735 1381 1917 1436 Figulus

190 1452 261 1506 (cf.
293 1455 332 1494 et
364 1451 413 1495 C.
446 1451 621 1495 Cluseni
653 1450 770 1494 Galli
800 1451 882 1493 IX
907 1454 1002 1501 967,
1043 1450 1093 1493 C.
1128 1451 1349 1492 Numisius
1390 1450 1597 1494 Clusinus
1626 1450 1754 1493 XIV
1773 1450 1912 1504 4031).

191 1518 353 1562 Contra
382 1520 558 1562 Dusinii
589 1520 772 1562 nominis
797 1533 872 1561 nec
900 1519 1120 1573 vestiyium
1148 1533 1223 1561 nec
1252 1519 1367 1561 ratio
1398 1523 1589 1574 apparet.

105 1587 188 1631 950
219 1587 438 1631 Clutorius
469 1589 657 1631 Priscus.
718 1587 792 1631 Sic
820 1591 930 1630 recte
964 1587 1062 1631 Tac.
1094 1601 1134 1629 a.
1164 1590 1203 1638 3,
1237 1591 1305 1638 49,
1347 1588 1463 1635 Γάιος
1491 1588 1714 1644 Λουτώριος
1744 1587 1913 1644 Πρίσκος

188 1656 289 1708 Dio,
321 1657 395 1711 qui
423 1656 540 1711 apud
565 1657 813 1710 scriptorem
844 1656 1023 1697 latinum
1052 1655 1260 1709 quendam
1290 1655 1449 1710 leyerat
1477 1655 1526 1699 C.
1558 1657 1779 1698 Lutorius.

273 1726 418 1782 Eques
457 1726 677 1767 Romanus
717 1731 815 1781 post
857 1723 1025 1766 celebre
1065 1738 1259 1778 carmen,
1302 1738 1388 1780 quo
1420 1725 1668 1768 Germanici
1710 1738 1914 1780 suprema

189 1793 439 1849 defleverat,
479 1809 506 1835 a
535 1792 709 1835 Tiberio
750 1795 934 1849 pecunia
971 1792 1155 1834 donatus
1194 1808 1304 1834 anno
1338 1794 1404 1847 21,
1448 1808 1547 1835 cum
1577 1794 1752 1835 Drusus
1786 1806 1917 1847 aeger

190 1868 313 1917 esset,
339 1876 417 1918 per
446 1861 815 1918 vaniloquentiam
846 1862 1006 1902 iecerat
1035 1875 1080 1902 se
1111 1861 1417 1917 composuisse,
1441 1860 1568 1917 quod,
1591 1862 1627 1903 si
1648 1862 1820 1904 Drusus
1842 1876 1914 1903 ex-

188 1931 346 1972 tinctus
385 1936 517 1984 esset,
559 1931 723 1972 maiore
763 1930 952 1986 praemio
992 1928 1267 1983 vulgaretur3
1313 1928 1368 1971 ob
1416 1929 1460 1971 id
1497 1945 1523 1971 a
1562 1929 1753 1972 delatore
1796 1931 1913 1987 apud

139 1992 150 1994 ”
189 2006 383 2041 senatum
414 2005 642 2041 accusatus
673 1999 826 2055 capitis
856 1998 1085 2040 damnatus
1116 2012 1167 2039 ac
1197 1998 1342 2040 statim
1372 1998 1624 2040 interfectus
1655 2005 1720 2041 est
1746 1999 1843 2042 Tac.
1872 2014 1911 2043 a.

186 2070 226 2118 3,
247 2070 398 2119 49—51,
429 2067 518 2110 Dio
540 2070 608 2118 57,
632 2070 704 2110 20.

103 2136 182 2179 951
217 2135 438 2179 Clutorius
459 2136 635 2178 Priscus
656 2135 863 2190 (traditur
887 2141 1025 2177 sutor·
1055 2135 1118 2177 vel
1147 2142 1276 2189 utor-,
1308 2135 1432 2190 vulyo
1453 2135 1592 2177 editur
1610 2135 1776 2189 Lutor-,
1809 2136 1914 2177 scri-

189 2204 366 2247 bendum
406 2207 467 2246 est
507 2203 694 2258 Clutor-)
735 2205 994 2245 Paezontem
1031 2218 1054 2244 e
1088 2203 1351 2259 spadonibus
1387 2202 1533 2245 Seiani
1570 2203 1734 2245 enormi
1774 2204 1912 2259 pretio

188 2279 402 2315 mercatus
440 2278 526 2326 est3
566 2279 712 2328 ‘quam
752 2271 927 2328 quidem
969 2272 1173 2313 iniuriam
1215 2271 1324 2313 lucri
1363 2271 1466 2313 fecit
1505 2270 1577 2312 ille
1620 2278 1834 2313 mercatus
1869 2272 1913 2313 in

188 2341 308 2383 luctu
347 2342 556 2397 civitatis,
597 2341 802 2397 quoniam
842 2354 1025 2395 arguere
1065 2339 1172 2382 nulli
1211 2339 1412 2382 vacabat‘
1444 2338 1566 2381 Plin.
1600 2354 1642 2381 n.
1671 2339 1711 2383 h.
1744 2343 1782 2391 7,
1813 2343 1911 2391 129,

186 2410 345 2453 scilicet
362 2410 540 2453 Priscus
569 2410 644 2464 (=
663 2409 753 2464 ille)
785 2424 878 2452 eam
908 2410 1126 2460 iniuriam,
1158 2423 1284 2463 quam
1315 2409 1520 2451 commisit
1546 2422 1591 2451 eo
1615 2408 1727 2462 quod
1755 2409 1916 2450 enormi

189 2548 292 2601 feeit
330 2548 377 2589 in
417 2548 532 2589 tristi
567 2561 710 2589 rerum
741 2546 1018 2601 publicarum
1056 2549 1171 2588 statu
1198 2548 1301 2600 post
1328 2545 1546 2587 interitum
1576 2545 1739 2588 Seiani.
1800 2544 1913 2586 Vnde

191 2619 370 2670 apparet
398 2615 507 2658 hunc
537 2629 622 2658 esse
653 2615 861 2657 diversum
891 2615 944 2657 ab
976 2629 1023 2656 eo
1052 2615 1125 2670 qui
1143 2613 1377 2668 praecedit.

103 2683 186 2725 952
217 2682 500 2726 Cluvidienus
532 2683 715 2737 Quietus
744 2683 1054 2725 coniurationis
1086 2683 1265 2724 crimine
1296 2683 1339 2723 in
1371 2681 1554 2723 insulam
1586 2681 1748 2736 Aegaei
1780 2681 1912 2722 maris

189 2757 357 2794 amotus
387 2767 499 2794 anno
530 2753 583 2795 65
619 2752 717 2795 Tac.
740 2766 780 2796 a.
801 2754 866 2802 15,
886 2755 950 2794 71.

104 2820 188 2863 953
219 2819 469 2875 Cluvienus,
505 2826 633 2876 poeta
663 2826 803 2862 aetate
832 2819 1054 2862 Iuvenalis
1085 2819 1276 2861 Juvenal.
1301 2822 1339 2873 1,
1365 2821 1433 2861 80.

104 2889 189 2931 954
219 2894 260 2930 C.
283 2895 492 2930 CLVVIVS
513 2902 703 2931 nummos
725 2901 867 2930 aereos
888 2888 959 2943 (cf.
978 2888 1228 2938 Mommsen,
1252 2887 1522 2930 Munzwesen
1533 2902 1581 2941 p.
1599 2889 1679 2929 654
1699 2887 1798 2930 adn.
1814 2886 1913 2937 552)

190 2957 236 2999 in
265 2956 483 3011 Hispania
514 2971 554 3000 a.
585 2955 711 2999 708l9
740 2976 797 2991 =
824 2958 947 2999 46s45
981 2971 1019 2998 a.
1053 2955 1097 2998 G.
1129 2955 1264 3006 cudit,
1306 2957 1380 3009 qui
1415 2957 1462 2998 in
1503 2955 1682 2998 adversa
1722 2956 1918 3010 inscripti

191 3027 288 3067 sunt
318 3024 478 3067 Caesar
508 3024 728 3079 dic(tat0r)
760 3024 985 3078 ter(tium),
1027 3024 1074 3066 in
1113 3037 1263 3066 aversa
1295 3020 1351 3066 C.
1383 3023 1598 3078 Clovi(us)
1629 3023 1913 3080 praef(ectus)

189 3092 403 3144 Babdon,
446 3093 676 3135 Monnaies
706 3093 755 3134 de
786 3092 830 3134 la
859 3092 1122 3146 Republique
1151 3092 1362 3134 Romaine
1390 3093 1425 3134 I
1444 3107 1493 3147 p.
1512 3095 1607 3135 366.
1665 3091 1916 3145 Praefectus

189 3162 322 3215 iyitur
361 3159 559 3203 Caesaris
602 3160 707 3203 bello
747 3160 1038 3214 Hispaniensi.
1097 3159 1151 3202 A.
1184 3160 1266 3202 709
1298 3180 1353 3195 =
1382 3161 1436 3203 45
1467 3161 1604 3203 Roma
1643 3161 1688 3202 in
1727 3159 1915 3203 Galliam

191 3228 488 3284 (Gisalpinam)
528 3228 748 3285 profectus
789 3235 870 3283 est,
912 3242 1011 3270 cum
1054 3229 1108 3269 ‘ei
1147 3229 1368 3283 negotium
1408 3228 1561 3284 (nescio
1599 3227 1725 3282 quod)
1766 3228 1914 3270 datum

192 3304 306 3339 esset
334 3313 373 3340 a.
402 3297 451 3340 C.
473 3297 671 3351 Caesare,
703 3312 791 3339 non
816 3296 1057 3351 iudicium'3
1089 3311 1175 3352 quo
1205 3303 1397 3353 tempore
1427 3296 1581 3340 Cicero
1612 3297 1650 3338 ei
1679 3311 1748 3338 res
1778 3297 1914 3338 muni-

192 3366 293 3421 cipii
314 3365 505 3408 Atellani
525 3365 846 3408 commendavit
863 3364 949 3407 Cic.
973 3365 1031 3406 ad
1046 3364 1176 3407 Fam.
1190 3368 1255 3415 13,
1275 3369 1313 3407 7.
1343 3365 1463 3407 Idem
1481 3365 1647 3407 videtur
1667 3364 1715 3407 C.
1734 3363 1915 3407 Cluvius
