2202 3730
297 307 542 344 ARSENIVS
1160 300 1242 342 148
1802 303 2102 343 ARTABANVS

297 438 380 480 950
411 436 650 492 [Ar]senius
672 435 917 488 Marcellus,
949 435 1160 490 cur(ator)
1184 435 1285 490 r(ei)
1309 434 1546 491 pub(lieae)
1569 435 1939 491 (Puteolanorum)
1960 452 1998 480 a.
2022 438 2098 480 181

379 506 427 548 X
455 508 562 547 1791
597 508 624 546 t.
657 503 918 546 Puteolanus
950 523 1003 537 Ξ
1036 503 1103 545 VI
1125 505 1206 545 861
1227 503 1318 558 (abi
1337 503 1449 557 falso
1481 518 1557 546 cur
1586 503 1732 560 [ope]r.
1754 505 1992 547 restitutum
2013 503 2101 560 est).

299 575 410 616 950a
439 572 487 615 C.
518 573 613 615 Art.
646 572 985 625 Germanianus,
1028 572 1099 612 vir
1136 570 1397 613 clarissimus
1436 572 1482 613 in
1521 571 1667 626 fistula
1697 572 1900 626 plumbea
1934 574 2104 616 urbana

382 642 597 684 Lamiani
615 640 770 694 sylloye
791 640 975 693 aquaria
999 653 1041 682 n.
1064 642 1158 690 63a,
1187 639 1506 683 Germanianus
1535 654 1577 682 n.
1600 640 1692 684 636.
1738 639 2103 697 FuitArt(o1-ius)

380 710 443 752 vel
472 707 789 763 Art(iculeius).

297 779 375 821 951
413 777 672 831 Artabanus,
707 791 785 818 rex
806 775 1081 819 Parthorum.
1132 776 1439 819 Arsacidarum
1471 792 1494 818 e
1522 790 1681 831 genere
1702 792 1777 834 per
1796 784 1976 820 matrem
2003 778 2101 822 Tac.

383 861 422 891 a.
444 849 481 896 6,
501 849 572 896 42,
605 845 721 902 apud
745 844 894 887 Dahas
924 844 1100 887 adultus
1132 860 1158 887 a
1178 845 1349 888 Parthis
1380 851 1530 888 contra
1549 846 1776 888 Vononem
1807 861 1886 887 rex
1915 847 2103 900 accitum,

380 915 518 971 primo
560 927 794 968 congressu
832 914 974 955 victus
1015 914 1084 968 (cf.
1121 927 1332 955 nummum
1358 913 1558 956 -Vonomfs
1600 914 1717 968 apud
1751 913 1972 965 Gardner,
2015 914 2104 957 The

379 982 596 1025 Parthian
636 982 809 1036 eoinaqe
831 996 878 1036 p.
900 985 958 1024 47
982 996 1024 1024 n.
1045 986 1072 1024 4
1113 983 1295 1040 βασιλεὺς
1335 981 1509 1040 Ὀνώνης
1548 984 1729 1040 νεικήσας
1770 981 2019 1040 Ἀρτάβανον)
2059 984 2104 1024 in

381 1051 569 1094 Mediam
602 1065 647 1092 se
677 1051 851 1107 recepit,
884 1049 983 1092 dein
1014 1066 1164 1106 rursus
1185 1051 1404 1107 profectus
1425 1051 1607 1093 Vonone
1627 1051 1741 1094 victo
1763 1057 1806 1094 et
1825 1050 1949 1107 pulso
1969 1065 2103 1106 regno

381 1121 545 1176 potitur
570 1119 668 1162 Tac.
692 1133 732 1161 a.
753 1121 796 1169 2,
818 1122 857 1169 3,
889 1118 1054 1174 Ioseph.
1077 1122 1163 1161 ant.
1190 1122 1256 1169 18,
1279 1123 1322 1170 2,
1344 1123 1383 1163 4.
1434 1119 1603 1162 Bellum
1633 1119 1680 1161 id
1702 1123 1863 1174 yestum
1894 1133 1978 1162 esse
2007 1119 2104 1162 inde

381 1188 434 1230 ab
467 1202 506 1230 a.
528 1187 651 1230 10l11
673 1202 721 1242 p.
751 1186 796 1232 C.
829 1187 974 1229 docent
1000 1188 1184 1239 nummi;
1223 1202 1324 1230 nam
1365 1202 1475 1230 anno
1510 1191 1599 1231 322
1629 1202 1754 1230 aerae
1785 1187 2102 1231 Seleucidarum

378 1276 434 1292 =
465 1271 504 1298 a.
528 1259 650 1307 10511
681 1259 719 1298 et
747 1255 888 1298 ultima·
917 1255 1101 1298 Vononis
1128 1257 1290 1299 nummi
1318 1259 1357 1299 et
1392 1256 1614 1299 Artabani
1633 1257 1772 1311 primi
1801 1257 1892 1298 cusi
1919 1259 2017 1298 sumt
2046 1256 2100 1310 cf.

383 1324 586 1368 Gardner
606 1339 656 1379 p.
677 1327 746 1368 62.

467 1393 577 1436 Cum
606 1393 811 1435 Vonones
842 1392 1051 1448 profugus
1081 1392 1136 1435 ab
1166 1392 1384 1435 Armeniis
1416 1407 1494 1434 rex
1525 1393 1783 1435 constitutus
1813 1398 1936 1447 esset,
1978 1392 2103 1434 Arta·

379 1462 520 1504 banus
550 1460 709 1503 bellum
737 1461 975 1503 minitando
1007 1461 1158 1516 effecit,
1191 1468 1240 1503 ut
1261 1460 1334 1503 ille
1356 1477 1382 1504 a
1402 1460 1574 1504 Cretico
1598 1460 1743 1504 Silano
1765 1466 1929 1502 rectore
1951 1460 2103 1516 Syriae

382 1531 548 1572 excitus
580 1529 776 1571 custodia
807 1529 1148 1572 circumdaretur
1174 1530 1270 1572 Tae.
1295 1544 1335 1572 α.
1356 1532 1399 1580 2,
1422 1533 1461 1580 4,
1493 1529 1658 1584 Ioseph.
1682 1529 1708 1571 l.
1732 1529 1758 1572 l.
1808 1529 1937 1571 Anno
1965 1529 2017 1571 18
2047 1529 2103 1571 ad

380 1599 686 1643 Germanicum
725 1599 770 1640 in
804 1599 967 1640 oriente
1005 1605 1203 1652 agentem
1244 1598 1408 1653 legatos
1447 1599 1564 1640 misit
1602 1598 1830 1640 amicitiam
1873 1599 1923 1640 ac
1953 1597 2103 1640 foedus
2145 1596 2167 1644 J

378 1673 688 1709 memoraturos
711 1672 753 1708 et
773 1681 930 1722 cupere
951 1668 1150 1708 renovari
1167 1666 1342 1709 dextras
1364 1669 1654 1723 daturumque
1674 1666 1825 1708 honori
1842 1665 2101 1721 Germanici,

380 1741 428 1777 ut
457 1737 595 1792 ripam
627 1734 861 1791 Euphratis
893 1735 1142 1789 accederet3
1182 1742 1329 1791 petere
1360 1736 1544 1790 interim,
1578 1749 1633 1777 ne
1663 1735 1868 1789 Vonones
1899 1736 1945 1776 in
1976 1734 2104 1791 Syria

381 1803 623 1845 haberetur.
685 1803 755 1845 Ad
787 1817 838 1845 ea
869 1803 1153 1847 Germanicus
1189 1803 1242 1846 de
1273 1805 1475 1846 societate
1505 1804 1799 1846 Romanorum
1830 1802 2103 1845 Parthorum-

380 1886 464 1927 que
493 1871 731 1926 magnifice,
765 1871 818 1913 de
848 1871 1039 1914 adventu
1070 1873 1183 1927 regis
1215 1878 1257 1914 et
1284 1872 1403 1914 cultu
1435 1873 1499 1914 sui
1527 1887 1626 1914 cum
1646 1871 1801 1913 decore
1821 1885 1870 1913 ac
1892 1871 2104 1914 modestia
2140 1888 2166 1913 .’

380 1940 623 1996 respondit:
654 1940 858 1982 Vonones
890 1940 1228 1997 Pompeiopolim
1250 1939 1427 1983 Ciliciae
1458 1940 1610 1983 urbem
1641 1946 1807 1982 amotus
1838 1946 1904 1981 est
1929 1939 2026 1982 Tac.
2060 1953 2100 1984 α.

379 2011 422 2058 2,
442 2011 510 2052 58.
562 2007 728 2051 Eodem
767 2008 856 2050 fere
898 2015 1089 2064 tempore
1126 2023 1224 2050 cum
1253 2008 1442 2051 Asinaeo
1474 2015 1515 2050 et
1546 2007 1730 2050 Anilaeo
1761 2007 1984 2063 fratribus,
2027 2008 2101 2064 qui
2180 2063 2184 2066 ἡ

381 2076 496 2118 circa
515 2076 689 2119 Nearda
718 2092 768 2118 ac
789 2076 973 2118 Nisibim
1004 2077 1278 2133 praedatoria
1307 2092 1438 2119 manu
1459 2077 1796 2119 dominationem
1828 2075 2102 2129 exercebant,

380 2144 532 2186 foedus
571 2151 612 2186 et
651 2145 883 2187 amicitiam
923 2146 1020 2187 iniit
1049 2145 1214 2200 Ioseph.
1238 2149 1323 2188 ant.
1346 2148 1412 2196 18,
1435 2149 1473 2196 9,
1494 2148 1522 2187 3
1541 2159 1625 2199 sqq.
1675 2144 1861 2187 Artaxia
1889 2157 1991 2199 rege
2020 2143 2101 2186 Ar-

381 2213 548 2255 meniae
579 2227 691 2254 anno
714 2213 803 2255 fere
824 2214 880 2255 34
909 2220 1077 2255 mortuo
1097 2213 1346 2256 Artabanus
1367 2213 1561 2256 Arsacen
1583 2213 1721 2255 filium
1742 2219 1847 2255 natu
1866 2213 2102 2255 maximum

379 2280 598 2323 Armeniis
630 2295 775 2335 regem
807 2282 1020 2338 imposuit,
1055 2288 1211 2338 postea,
1246 2297 1342 2324 cum
1373 2283 1409 2324 is
1439 2282 1494 2324 ab
1523 2281 1783 2324 adversariis
1811 2275 1978 2324 veneno
2006 2281 2102 2323 sub-

378 2347 490 2390 latus
513 2355 637 2403 esset,
659 2348 847 2391 Orodem
868 2348 1050 2391 alterum
1072 2349 1208 2392 filium
1230 2350 1329 2392 Tac.
1347 2365 1387 2392 α.
1405 2353 1442 2401 6,
1458 2353 1524 2392 31.
1540 2353 1607 2400 33,
1629 2349 1793 2404 Ioseph.
1816 2352 1902 2391 ant.
1919 2351 1985 2400 18,
2000 2352 2044 2400 2,
2060 2352 2100 2400 4,

380 2417 529 2460 addita
558 2417 820 2459 contumelia
852 2424 892 2460 et
922 2419 1080 2473 missis,
1124 2420 1199 2475 qui
1229 2433 1380 2474 gazam
1411 2434 1436 2460 a
1466 2419 1647 2461 Vonone
1676 2417 1869 2460 relictam
1898 2419 1943 2460 in
1973 2417 2103 2473 Syria

376 2485 613 2542 Ciliciaque
634 2492 918 2542 reposcerent,
942 2486 1068 2529 simul
1087 2495 1254 2529 veteres
1272 2489 1502 2530 Persarum
1525 2502 1575 2529 ac
1590 2486 1878 2528 Macedonum
1897 2487 2101 2528 terminos

377 2568 510 2609 seque
541 2554 792 2596 invasurum
822 2569 1019 2610 possessa
1040 2554 1156 2611 Cyro
1189 2562 1230 2597 et
1259 2561 1357 2612 post
1375 2554 1626 2598 Alexandro
1653 2569 1730 2611 per
1759 2556 1897 2597 minas
1919 2553 2103 2596 iaciebat

385 2622 482 2664 Tac.
507 2636 546 2663 a.
570 2625 608 2672 6,
629 2625 704 2672 31,
748 2623 877 2664 etiam
917 2622 1237 2679 Cappadociam
1277 2624 1506 2666 attentavit
1544 2623 1633 2666 Dio
1652 2625 1719 2673 58,
1741 2625 1799 2666 26
1839 2628 1882 2665 et
1924 2621 2099 2664 Tiberio

377 2689 532 2731 litteris
564 2690 798 2746 parricidia
829 2697 871 2733 et
901 2691 1055 2734 caedes
1086 2697 1129 2733 et
1158 2692 1378 2746 ignaviam
1418 2698 1460 2734 et
1489 2691 1708 2734 luxuriam
1739 2691 1896 2733 obiecit
1927 2690 2098 2733 Sueton.

381 2758 519 2802 Tiber.
548 2761 612 2800 66.
674 2758 898 2813 Tiberius,
935 2774 1034 2801 cum
1064 2761 1273 2815 primores
1305 2759 1483 2816 quidam
1515 2759 1776 2802 Parthorum
1807 2764 1972 2801 secreto
2003 2773 2099 2801 eum

377 2826 585 2868 adiissent
622 2827 860 2883 principem
894 2842 949 2869 ex
987 2842 1147 2882 genere
1177 2827 1498 2882 Arsacidarum,
1541 2828 1614 2884 qui
1645 2833 1796 2870 contra
1825 2826 2099 2869 Artabanum

377 2895 722 2949 constitueretur,
761 2895 1096 2951 expostulantes,
1139 2896 1324 2952 primum
1354 2895 1587 2938 Phraatem
1618 2902 1672 2950 et,
1705 2910 1803 2937 cum
1830 2895 1866 2936 is
1897 2895 1941 2936 in
1972 2894 2101 2951 Syria

375 2969 573 3004 mortuus
605 2969 726 3016 esset,
749 2963 988 3006 Tiridatem
1020 2965 1240 3019 sanguinis
1263 2963 1454 3006 eiusdem
1475 2963 1690 3006 aemulum
1711 2962 1934 3006 Artabano
1957 2961 2097 3018 elegit,

378 3029 714 3073 Pharasmanem
745 3046 890 3086 regem
921 3032 1147 3075 Iberorum
1177 3039 1219 3075 et
1247 3032 1544 3074 Mithridatem
1574 3032 1764 3086 fratrem,
1797 3037 1844 3074 ut
1874 3032 1920 3073 in
1949 3030 2098 3074 Arme-

377 3099 491 3140 niam
523 3100 761 3141 exercitum
788 3100 1005 3154 ducerent,
1039 3100 1209 3157 impulit
1240 3107 1282 3143 et
1303 3101 1352 3144 L.
1375 3100 1601 3143 Vitellium
1632 3101 1807 3154 cunctis,
1840 3113 1952 3156 quae
1982 3098 2097 3155 apud

381 3167 589 3208 orientem
610 3168 887 3223 parabantur,
912 3169 1120 3224 praefecit
1141 3170 1239 3212 Tac.
1263 3184 1303 3211 a.
1325 3173 1362 3220 6,
1384 3172 1450 3211 31.
1471 3172 1543 3220 32,
1576 3168 1748 3212 Sueton.
1780 3167 1916 3210 Vitell.
1935 3170 1979 3218 2,
2010 3166 2098 3210 Dio

373 3237 441 3285 58,
464 3237 534 3277 26.
586 3235 819 3292 Postquam
851 3236 1017 3279 Orodes
1058 3237 1112 3279 ab
1147 3237 1285 3280 Iberis
1315 3251 1462 3294 pugna
1491 3238 1632 3279 victus
1661 3242 1703 3278 et
1730 3237 1923 3291 graviter
1949 3234 2096 3277 vulne-

379 3308 499 3344 ratus
530 3309 605 3357 est,
638 3302 887 3347 Artabanus
919 3320 972 3346 ne
1003 3305 1168 3348 cladem
1198 3305 1334 3348 ultum
1364 3306 1459 3360 iret,
1490 3305 1720 3347 contractis
1750 3303 1993 3359 legionibus
2022 3303 2096 3346 Vi-

377 3370 482 3413 tellii
524 3377 566 3413 et
606 3371 777 3414 subdito
815 3387 1008 3428 rumore,
1051 3380 1271 3430 tamquam
1310 3373 1665 3429 Mesopotamiam
1702 3373 1934 3415 invasurus
1972 3377 2094 3426 esset,
