2202 3730
141 310 384 347 CLAVDIVS
998 306 1082 348 349
1695 307 1942 345 CLAVDIVS

222 441 446 484 indulsisse
476 457 527 484 ex
551 443 687 485 titulis
707 443 963 497 dispicimus,
995 444 1034 484 et
1062 442 1151 496 ipse
1180 443 1227 484 in
1254 442 1494 484 nominibus
1523 438 1816 495 componendis
1842 453 1944 482 usus

223 523 319 552 esse.
353 535 407 540 ——
435 510 608 553 Atticus
639 511 756 565 apud
784 511 1039 553 Philostrat.
1070 511 1142 554 vit.
1172 509 1289 565 soph.
1310 514 1353 560 2,
1377 514 1413 560 1,
1434 512 1510 553 22.

307 578 445 621 Filius
482 579 550 621 Ti.
585 578 758 622 Claudii
796 578 931 622 Attici
969 579 1159 621 Herodis
1200 578 1416 634 sophistae
1453 584 1496 620 et
1536 576 1707 620 Anniae
1746 574 1941 630 Regillae

222 649 250 688 t.
278 649 322 697 2,
360 646 547 701 filiorum
577 647 754 689 duorum
784 645 854 701 (cf.
886 647 1006 701 infra
1034 661 1075 691 n.
1100 649 1195 700 655)
1229 650 1335 688 natu
1363 646 1514 695 maior,
1545 649 1593 687 ut
1624 659 1675 688 ex
1702 646 1943 689 nominibus

221 718 412 768 apparet.
444 714 754 769 Marathonius,
779 715 825 757 icl
841 718 900 757 est
921 729 941 757 c
962 715 1077 757 demo
1097 714 1416 757 Atheniensium
1438 714 1718 756 Marathonio
1740 714 1943 756 oriundus

221 785 249 824 t.
270 786 314 827 2.
334 786 374 827 3.
424 783 573 826 Infans
596 783 755 826 dicitur
775 798 859 839 quo
881 791 1074 839 tempore
1093 789 1230 825 mater
1250 790 1420 824 mortua
1440 789 1504 824 est
1524 782 1587 837 (icl
1605 785 1666 824 est
1686 797 1726 824 α.
1747 782 1942 836 160l161)

220 853 248 892 t.
269 855 297 893 4
324 865 360 893 v.
381 855 434 894 15
451 865 511 905 sq.
538 854 632 894 δοιὼ
666 851 701 894 δ’
717 852 772 895 ἔτι
802 854 917 894 παῖδε
943 852 1135 907 λιπέσῦῃν
1169 853 1365 908 νηπιάχω,
1399 852 1551 907 ἀγνῶτε
1580 855 1727 902 κακῶν,
1759 850 1813 893 ἔτι
1843 853 1943 907 πάμ-

219 935 295 962 παν
318 921 479 962 ἀπύστω
501 923 584 963 κτλ.
646 920 750 975 (Sed
776 920 879 962 haec
910 934 938 961 a
958 923 1090 973 poeta
1121 933 1177 961 an
1206 920 1344 961 niinus
1376 922 1572 961 accurate
1602 922 1710 961 certe
1734 919 1782 960 de
1802 932 1941 972 puero

219 987 333 1029 clieta
353 989 448 1038 sint,
481 988 673 1030 dubitari
683 991 848 1042 potest,·
875 1002 977 1030 nam
998 989 1043 1030 in
1062 1001 1193 1029 causa
1209 988 1463 1042 yravisse'ma
1482 1001 1608 1040 quam
1630 986 1713 1028 Pio
1742 990 1944 1041 reynante

219 1058 366 1097 eontra
395 1056 605 1106 Herodem
631 1055 849 1098 Cornelius
868 1055 1036 1098 Fronto
1065 1057 1148 1110 eyit
1177 1055 1286 1110 (vide
1315 1056 1437 1108 infra
1465 1056 1510 1096 in
1532 1057 1690 1110 patre),
1722 1056 1760 1096 ei
1785 1055 1946 1097 ‘dicen-

216 1122 318 1165 dum
355 1124 485 1178 (erat)
515 1124 569 1166 de
599 1124 686 1166 filio
724 1124 854 1180 impio
896 1131 938 1166 et
968 1131 1244 1180 paternarum
1279 1138 1454 1179 precum
1485 1124 1743 1165 immemore‘
1776 1123 1942 1165 Fronto

216 1206 264 1245 p.
285 1195 345 1234 42
365 1192 427 1236 ecl.
451 1192 613 1242 Naber,
645 1207 752 1246 quae
778 1193 906 1234 rerba
935 1196 982 1234 ut
1011 1192 1060 1234 cle
1089 1192 1180 1246 filio
1202 1191 1386 1234 Herodis
1415 1191 1693 1245 intelleqenda
1722 1192 1819 1241 sint,
1849 1206 1941 1233 cum

218 1260 276 1301 ad
310 1263 498 1302 nostrum
530 1261 776 1314 pertineant
807 1274 968 1302 necesse
1007 1261 1080 1310 sit,
1128 1259 1274 1302 (locent
1312 1274 1403 1301 eum
1444 1262 1541 1301 ante
1579 1262 1753 1301 mortem
1790 1261 1942 1301 matris

215 1328 447 1381 infantiam
469 1331 576 1370 certe
601 1341 809 1382 eyressum
830 1341 938 1379 essc;
966 1342 1218 1381 quamquam
1246 1330 1285 1369 et
1313 1327 1362 1369 de
1391 1327 1561 1369 Herode
1587 1328 1680 1381 ipso
1713 1328 1942 1381 impietatis

215 1396 263 1437 in
293 1399 464 1455 patrem
502 1400 714 1438 mortuum
752 1395 998 1438 insimulato
1038 1396 1224 1450 coyitare
1264 1395 1359 1437 licet
1399 1396 1454 1448 cf.
1486 1394 1688 1438 Philostr.
1724 1396 1795 1437 rit.
1825 1395 1941 1449 soph.

215 1467 259 1513 2,
290 1468 328 1514 1,
360 1464 416 1510 6.)
475 1465 616 1507 Matre
650 1472 820 1506 mortua
855 1465 1088 1520 imperator
1127 1464 1231 1505 Pius
1271 1478 1368 1505 eum
1410 1465 1464 1509 εἰς
1502 1464 1592 1509 τοὺς
1631 1464 1865 1519 εὐπατρίδας
1898 1463 1940 1506 ἐν

217 1531 359 1589 Ρώμῃ
390 1531 582 1589 ἐνέγραψε
586 1551 605 1575 ν
637 1534 815 1588 ἀνείκὼν
852 1533 906 1577 εἰς
939 1533 1009 1588 τὴν
1042 1533 1188 1588 βουλὴν
1221 1533 1437 1584 συνκλήτου
1470 1530 1632 1587 δόγματι
1663 1535 1690 1573 t.
1719 1536 1745 1573 5
1776 1532 1830 1585 cf.
1862 1534 1889 1573 t.
1915 1535 1942 1572 4

215 1614 252 1644 v.
271 1603 331 1643 23
349 1614 434 1654 sqq.
468 1601 588 1657 αὐτὰρ
619 1602 640 1643 ὁ
672 1600 848 1653 (scilicet
879 1601 1014 1656 βασιλε
1018 1600 1135 1653 ύς)α
1110 1599 1272 1656 ἀστερόε
1276 1616 1346 1642 ντα
1376 1601 1462 1655 περὶ
1494 1599 1625 1655 σφυρὰ
1660 1601 1765 1642 παιδὶ
1801 1600 1941 1642 πέδιλα

218 1671 322 1711 δῶκε
326 1686 345 1711 ν
369 1669 475 1725 ἔχειν
495 1673 593 1719 κτλ.,
622 1669 699 1710 ubi
729 1668 853 1710 lunae
882 1669 978 1722 ipsa
1007 1668 1160 1709 mentio
1183 1667 1356 1719 (seilicet
1383 1668 1587 1709 eburnea(
1609 1667 1784 1709 adsutae
1805 1668 1943 1709 calceo

216 1737 442 1787 senatorio,
464 1737 575 1790 quod
582 1737 871 1790 patriciorum
892 1739 983 1777 erat
1003 1736 1166 1789 insiyne
1185 1738 1441 1790 senatorum)
1467 1736 1574 1776 satis
1605 1735 1749 1777 docere
1770 1739 1942 1789 poterat

215 1805 353 1860 filium
373 1805 558 1847 Herodis
580 1806 633 1847 ab
654 1806 907 1858 imperatore
928 1804 1009 1846 Pio
1030 1804 1139 1845 inter
1159 1803 1371 1857 patricios
1397 1802 1600 1844 adlectum
1630 1816 1737 1853 esse,·
1766 1805 1942 1860 εὐπατρί-

218 1875 288 1930 δης
323 1876 351 1915 t.
379 1876 417 1915 3.
477 1872 589 1915 Cum
618 1888 727 1929 puer
762 1871 958 1914 indocilis
994 1878 1117 1925 esset,
1148 1870 1402 1913 adulescens
1432 1872 1558 1912 nimis
1588 1872 1690 1912 vino
1721 1879 1764 1913 et
1792 1870 1941 1912 veneri

141 1997 151 1999 Α
215 1941 480 1996 indulgeret,
519 1941 616 1983 odio
658 1948 751 1983 erat
792 1942 924 1997 patri,
967 1941 1040 1996 qui
1080 1946 1274 1982 mortuus
1314 1946 1481 1981 tantum
1520 1945 1714 1981 materna
1752 1938 1864 1981 bona
1903 1941 1941 1981 ei

217 2009 402 2066 reliquit.
455 2009 663 2053 Philostr.
697 2010 768 2053 vit.
804 2008 920 2063 soph.
954 2012 997 2062 2,
1036 2012 1074 2062 1,
1112 2012 1186 2058 22,
1222 2011 1293 2051 23.
1373 2007 1536 2050 Consul
1577 2022 1689 2049 anno
1724 2008 1802 2049 185
1843 2022 1941 2048 cum

214 2078 413 2120 Materno
434 2078 552 2131 fasti.
599 2077 775 2120 Archon
794 2077 979 2119 Athenis
999 2076 1080 2118 sub
1101 2075 1336 2118 Commodo
1366 2079 1394 2118 t.
1414 2079 1454 2117 3.
1480 2101 1528 2105 —-
1562 2075 1758 2121 Κλαύδιος
1778 2074 1943 2121 Ἀττικὸς

216 2145 483 2202 Μαραθώνιος
517 2147 634 2202 κῆρυξ
671 2148 817 2203 βουλῆς
850 2147 914 2188 καὶ
959 2147 1086 2201 δήμου
1126 2145 1171 2186 in
1201 2144 1426 2198 plebiscito
1455 2143 1600 2185 Attico
1638 2143 1739 2186 CIA
1774 2144 1862 2185 III
1889 2147 1942 2185 10

217 2229 257 2258 a.
277 2217 362 2258 209
392 2218 440 2256 ut
467 2214 632 2256 ridetur
660 2216 841 2267 fortasse
871 2213 988 2268 silius
1018 2216 1078 2255 est
1107 2212 1289 2254 consulis
1320 2227 1359 2257 α,
1380 2214 1473 2256 185.

131 2294 208 2335 641
245 2292 454 2336 Claudius
484 2280 752 2347 Arahianus,
796 2292 920 2334 homo
961 2291 1118 2334 nobilis
1158 2291 1213 2334 ab
1250 2293 1508 2348 imperatore
1539 2291 1746 2347 Septimio
1779 2291 1940 2334 Severo

219 2363 385 2404 occisus
414 2363 485 2406 vit.
518 2362 665 2405 Severi
692 2364 758 2411 13,
783 2365 821 2403 7.

131 2442 214 2483 642
246 2441 532 2494 CL(AVDIVS)
563 2446 860 2482 ARCHELAVS
892 2445 1231 2492 CLAVDIANVS,
1273 2438 1512 2480 consularis
1554 2438 1714 2493 (consul
1742 2437 1942 2490 suffectus

216 2522 328 2550 anno
358 2509 532 2562 incerto)
563 2508 735 2563 publice
769 2508 999 2550 honoratus
1029 2510 1058 2550 t.
1090 2507 1417 2561 Philadelphiae
1453 2510 1618 2560 reperto
1649 2507 1847 2549 Μουσεῖον
1877 2509 1939 2549 καὶ

219 2579 450 2635 βιβλιοθήκῃ
480 2582 549 2633 τῆς
579 2579 835 2634 εὐαγγελικῆς
864 2580 1016 2632 σχολῆς
1048 2575 1143 2633 Περ.
1176 2576 1209 2617 Ι
1224 2590 1270 2628 p.
1294 2578 1388 2617 119.

132 2657 216 2699 643
247 2663 493 2699 CLAVDIVS
533 2662 855 2698 ARISTOCLES
881 2656 1169 2697 honoratust
1199 2654 1435 2709 Olympico
1466 2653 1664 2697 Κλαύδιον
1696 2651 1939 2710 Ἀριστοκλέα

218 2725 431 2782 ῥήτο[ρα]
416 2725 600 2768 υπατικόν
612 2724 969 2779 Architoloyische
985 2724 1165 2803 Zeituny
1180 2722 1318 2765 XXX
1329 2722 1422 2764 VII
1431 2721 1575 2775 (1879)
1583 2737 1632 2776 p
1642 2724 1697 2763 36
1715 2735 1757 2764 n.
1773 2725 1872 2765 266.
1888 2748 1935 2752 —-

215 2793 348 2847 Apud
373 2794 600 2847 scriptores
628 2792 877 2836 Aristocles.

305 2863 599 2915 Pergamenus
639 2876 665 2903 a
704 2860 1002 2902 consularibus
1042 2859 1251 2913 originem
1282 2858 1444 2901 ducens
1474 2873 1573 2900 cum
1603 2857 1939 2900 adulescentiam

222 2929 364 2972 studio
398 2928 651 2985 disciplinae
680 2929 994 2984 Peripateticae
1030 2927 1234 2981 dedisset,
1268 2934 1498 2983 postquam
1528 2927 1689 2968 Romae
1719 2925 1938 2968 Herodem

219 2997 410 3040 Atticum
433 2997 612 3051 audivit,
644 2996 801 3039 scholis
823 2999 915 3039 eius
937 2995 1133 3038 interfuit
1152 3002 1195 3037 et
1225 2995 1279 3037 ad
1310 2995 1523 3052 sophistas
1555 2995 1746 3048 transiit3
1778 2995 1936 3048 Perga-

217 3080 335 3107 mum
364 3080 563 3106 reversus
594 3064 739 3106 rhetor
774 3071 817 3106 et
846 3063 1087 3106 rhetoricae
1116 3064 1322 3117 magister
1351 3062 1554 3104 inclaruit
1584 3062 1836 3106 Philostrat.
1866 3063 1938 3103 vit.

217 3133 333 3186 soph.
354 3137 397 3182 2,
419 3136 446 3174 3
470 3131 585 3185 (inde
614 3132 758 3174 eadem
786 3132 876 3185 fere
904 3132 1075 3186 repetiit
1098 3131 1298 3185 Synesius
1317 3129 1406 3172 Dio
1425 3131 1508 3184 35).
1555 3131 1733 3173 Romam
1755 3129 1939 3186 epistula

217 3202 489 3257 imperatoris
520 3200 606 3253 (M.
632 3199 805 3241 Aurelii
831 3203 878 3241 ut
906 3200 1087 3253 videtur)
1118 3206 1321 3241 evocatus
1350 3200 1394 3240 in
1425 3207 1621 3241 senatum
1651 3198 1843 3240 adlectus
1875 3205 1942 3239 est

218 3269 344 3314 Phot.
368 3268 466 3310 bibl.
489 3269 577 3310 cod.
601 3283 648 3322 p.
671 3268 791 3309 100b
814 3268 875 3310 ecl.
895 3268 1085 3319 Reducem
1110 3266 1347 3309 consularis
1369 3268 1435 3309 tit.
1478 3266 1605 3318 (Cum
1629 3266 1807 3308 adlectio
1830 3268 1940 3308 inter

218 3336 457 3379 consulares
476 3337 648 3378 nonnisi
667 3337 790 3378 tertio
816 3335 983 3378 saeculo
1002 3336 1254 3385 inveniatur,
1282 3348 1444 3377 neeesse
1463 3338 1524 3377 est
1543 3334 1776 3376 Aristocles
1796 3335 1940 3377 consul
