2176 3750
118 310 350 348 ALFENVS
996 306 1052 349 49
1702 314 1834 351 ALFE
1838 315 1934 353 NVS

119 442 231 486 377a
249 441 471 497 Alf(enus)
487 442 755 500 Apollinaris
773 444 1092 502 (Ἀπολλιναρίου
1110 445 1170 500 t.),
1194 444 1401 501 patruelis
1417 446 1469 488 T.
1486 444 1704 500 Ant(onii)
1722 445 1933 502 Cl(audii)

204 510 351 554 Alfeni
386 510 600 567 Arignoti,
633 528 659 554 a
689 513 889 556 censibus
920 513 1110 568 Augusti
1149 513 1231 568 (ἐπὶ
1269 517 1411 571 κῆνσον
1441 517 1510 557 τοῦ
1539 513 1761 573 Σεβαστοῦ)
1792 520 1932 557 aetate

205 579 455 623 Caracallae
483 579 595 624 GIG
617 584 729 624 3497
758 585 785 624 t.
814 581 1110 637 ThyatirenuS.

135 673 191 678 —
235 649 285 692 T.
315 648 573 703 Ant(onius)
605 649 852 704 Cl(audius)
883 650 1068 693 Alfenus
1097 650 1350 706 Arignotus,

119 717 202 761 378
232 716 415 760 Alfenus
433 718 588 772 Varus,
611 719 855 774 praefectus
878 726 1117 762 castrorum
1139 719 1220 762 sub
1241 718 1379 762 Fabio
1401 718 1586 762 Valente
1612 719 1711 762 Tac.
1732 719 1774 762 Ῐι.
1793 723 1836 771 2,
1857 722 1930 772 29,

205 785 322 842 apud
341 786 592 828 Betriacum
613 794 763 829 contra
785 787 1054 831 Othonianos
1081 789 1296 844 pugnavit
1315 788 1400 832 ibd.
1422 791 1465 839 2,
1486 791 1552 839 43,
1585 788 1704 831 Plut.
1734 788 1829 832 oth.
1851 792 1932 840 12;

203 853 448 912 praefectus
488 856 703 912 praetorio
740 857 786 898 in
825 856 969 899 locum
1009 855 1187 898 Publilii
1218 856 1370 899 Sabini
1405 872 1430 898 a
1458 856 1633 899 Vitellio
1674 856 1932 899 substitutus

205 938 242 966 a.
274 923 330 965 69
366 923 464 966 Tac.
490 924 530 967 h.
559 927 599 975 3,
620 927 686 975 36,
720 924 812 967 dux
841 925 1176 967 Vitellianorum
1206 924 1291 967 ibd.
1312 927 1351 975 3,
1373 926 1439 969 55.
1461 928 1526 967 61.
1581 925 1758 968 Vitellio
1790 926 1930 968 occiso

204 993 406 1047 ignaviae
445 991 734 1049 infamiaeque
774 1008 877 1036 suae
916 994 1131 1050 superfuit
1168 993 1255 1036 ibcl.
1280 997 1320 1044 4,
1353 997 1418 1037 11.
1443 1018 1502 1023 -
1535 993 1681 1036 Potest
1707 993 1818 1036 idem
1846 1007 1931 1037 esse

204 1061 253 1103 P.
273 1059 457 1103 Alfenus
479 1060 625 1103 Varus
647 1061 853 1117 (centurio
874 1061 1198 1116 praetorianus)
1220 1062 1486 1104 trecenarius
1507 1061 1622 1116 Aug.
1642 1077 1681 1104 n.
1702 1063 1749 1104 in
1773 1062 1932 1105 tabella

205 1132 350 1172 cerata
365 1128 629 1183 Pompeiana
644 1131 798 1172 aetatis
816 1131 1092 1174 Neronianae
1107 1131 1286 1174 Hermes
1301 1130 1409 1173 XII
1414 1133 1495 1173 136
1509 1131 1563 1184 ef.
1575 1131 1688 1185 th.
1706 1145 1768 1185 ep.
1779 1135 1818 1181 4,
1831 1134 1928 1176 142.

119 1197 203 1240 379
233 1203 274 1239 P.
288 1196 346 1251 (Ρ)
377 1204 608 1240 ALFENVS
635 1205 812 1253 VARVS,
844 1199 995 1241 consul
1025 1199 1119 1241 suff.
1151 1214 1189 1241 a.
1213 1199 1294 1242 715
1315 1218 1371 1233 =
1392 1200 1447 1242 39
1473 1214 1511 1243 a.
1539 1198 1589 1242 C.
1621 1213 1719 1241 cum
1747 1199 1800 1242 L.
1821 1198 1930 1242 Coc-

204 1266 309 1307 ceio.
370 1265 638 1309 Praenomen
675 1281 762 1309 non
801 1267 992 1309 traditur
1022 1294 1074 1298 —
1103 1281 1204 1309 nam
1244 1266 1364 1310 lectio
1394 1266 1578 1309 Alfenus
1608 1267 1751 1310 Varus
1792 1268 1929 1312 Gaius

204 1333 408 1388 Pompon.
428 1333 590 1390 Diyest.
611 1338 651 1386 1,
672 1339 716 1386 2,
738 1339 781 1386 2,
800 1339 854 1378 44
886 1336 1051 1378 omnino
1077 1335 1195 1390 falsa
1223 1339 1284 1378 est
1314 1336 1369 1389 cf.
1401 1335 1543 1378 adnot.
1576 1335 1833 1378 Mommseni
1858 1360 1928 1388 —,

201 1402 275 1445 sed
292 1403 582 1456 probabiliter
611 1404 653 1447 ei
681 1404 895 1455 tribuitur,
938 1404 1049 1458 quod
1076 1404 1125 1446 P.
1158 1403 1341 1446 Alfenus
1374 1404 1422 1446 P.
1454 1404 1483 1446 f.
1514 1404 1563 1446 P.
1596 1419 1637 1446 n.
1667 1404 1811 1447 Varus
1842 1419 1929 1448 cos.

196 1485 235 1513 a.
267 1471 349 1514 755
380 1491 435 1506 =
464 1474 490 1514 2
519 1486 561 1528 p.
594 1471 642 1515 O.
673 1472 792 1527 filius
831 1473 920 1515 eius
960 1473 1092 1526 fuisse
1131 1472 1309 1515 videtur.
1368 1472 1425 1514 In
1463 1472 1705 1515 consulatu:
1742 1472 1928 1516 Alfenus

197 1539 341 1582 Varus
370 1540 471 1594 fast.
501 1541 602 1583 min.
633 1540 717 1584 IV.
768 1540 952 1583 Alfenus
973 1541 1130 1584 Horat.
1151 1540 1369 1583 Ammian.
1401 1541 1539 1584 Index
1567 1540 1746 1596 Diyest„
1783 1541 1927 1583 Varus

198 1607 350 1663 Veryil.
364 1642 374 1659 ,
413 1612 593 1652 ceterum
620 1608 805 1652 Alfenus
835 1610 992 1664 Varus,
1022 1610 1112 1652 nisi
1138 1609 1250 1664 quod
1276 1609 1508 1652 scholiasta
1534 1609 1766 1664 C'ruquian.
1821 1609 1928 1653 Alfi-

198 1677 321 1719 nium
350 1675 514 1720 Varum
545 1677 723 1721 exhibet.
952 1676 954 1678 ’
1741 1716 1747 1720 .

285 1744 484 1789 ‘Alfenus
513 1746 636 1789 vafer
665 1747 780 1790 omni
812 1746 978 1790 abiecto
1016 1748 1300 1790 instrumento
1342 1747 1447 1790 artis
1483 1746 1718 1803 clausaque
1749 1746 1929 1790 taberna

196 1821 316 1857 sutor
346 1821 452 1857 erat’
485 1815 642 1860 Horat.
676 1819 757 1858 sat.
788 1819 827 1866 1,
859 1819 900 1867 3,
930 1819 1010 1858 130
1040 1829 1148 1870 seq.,·
1189 1815 1367 1859 adnotat
1395 1815 1636 1870 Porphyrio
1668 1831 1717 1870 p.
1748 1820 1834 1860 206
1858 1817 1926 1860 M.

200 1882 422 1926 ‘Alfenum
450 1883 618 1926 Varum
659 1883 992 1927 Cremonensem
1032 1884 1221 1940 deridet,
1265 1886 1342 1941 qui
1371 1884 1541 1927 abiecta
1570 1886 1759 1938 sutrina,
1798 1900 1928 1942 quam

198 1953 244 1995 in
272 1953 508 2009 municipio
537 1967 616 1995 sua
646 1958 901 1995 exercuerat
931 1952 1107 2008 (scilicet
1122 1967 1206 2007 per
1234 1967 1447 1995 servorum
1466 1953 1713 2010 familiam),
1747 1954 1928 1997 Romam

197 2021 306 2076 petit
343 2021 637 2077 magistroque
677 2036 781 2064 usus
821 2020 1004 2073 (Servio)
1045 2021 1240 2077 Sulpicio
1281 2023 1388 2064 iuris
1431 2021 1628 2064 consulto
1664 2022 1721 2064 ad
1760 2029 1926 2065 tantum

196 2090 405 2146 pervenit,
430 2095 478 2131 ut
503 2096 545 2132 et
565 2089 837 2132 consulatum
857 2096 1028 2145 gereret
1050 2097 1091 2132 et
1114 2089 1287 2146 publico
1308 2089 1461 2132 funere
1487 2091 1720 2133 efferetur’.
1764 2090 1926 2133 Consul

194 2158 291 2201 suff.
317 2173 356 2201 a.
379 2158 460 2201 715
490 2172 527 2200 v.
549 2172 693 2213 supra,
726 2158 930 2213 Pompon.
955 2158 981 2200 l.
1004 2158 1031 2203 l.
1081 2158 1201 2201 Idem
1231 2172 1318 2201 esse
1346 2158 1512 2201 videtur
1542 2159 1692 2209 Varus,
1726 2159 1784 2202 ad
1808 2173 1926 2213 quem

195 2227 367 2281 scripsit
402 2226 610 2282 Veryilius
643 2227 828 2282 ecloyam
859 2227 927 2270 VI
932 2261 942 2277 ‚
985 2228 1107 2269 cuius
1138 2227 1287 2269 laudes
1318 2227 1524 2270 Mantuae
1553 2242 1712 2284 cycnos
1742 2227 1926 2270 sublime

196 2295 359 2338 laturos
390 2310 484 2338 esse
515 2295 619 2338 dicit
647 2295 720 2339 ecl.
750 2299 790 2346 9,
820 2299 984 2339 26-29.
1047 2295 1220 2338 Servius
1260 2296 1371 2338 inter
1408 2296 1544 2338 multa
1573 2299 1613 2338 et
1641 2296 1819 2350 confusa
1850 2295 1925 2338 acl-

195 2366 316 2406 notat
347 2363 405 2406 ad
433 2363 505 2406 ecl.
537 2367 574 2414 6,
606 2367 653 2406 6:
691 2363 780 2406 ‘alii
821 2363 918 2406 fuso
959 2364 1196 2420 fugatoque
1226 2363 1379 2406 Asinio
1410 2363 1609 2406 Pollione
1639 2363 1693 2406 ab
1723 2364 1923 2419 Augusto

197 2431 533 2487 (intelleqendum
577 2435 636 2474 est
676 2431 828 2474 bellum
866 2431 1136 2487 Perusinum)
1176 2431 1383 2474 Alfenum
1420 2433 1589 2475 Varum
1628 2432 1921 2488 substitutum,

197 2501 271 2556 qui
299 2500 616 2556 transpadanae
637 2501 889 2557 provinciae
911 2507 952 2543 et
972 2501 1088 2555 agris
1109 2500 1362 2543 dividundjs
1381 2507 1612 2557 praeesset,
1645 2503 1719 2557 qui
1740 2503 1922 2557 curavit,

197 2583 252 2610 ne
275 2582 379 2623 ager
398 2567 591 2623 Vergilio
612 2568 887 2611 auferretur‘.
930 2569 982 2611 Vt
1003 2572 1218 2623 patronus
1238 2572 1278 2611 et
1304 2569 1464 2612 amicus
1484 2569 1662 2624 Veryilii
1678 2571 1924 2612 nominatur

138 2652 143 2657 ·
195 2637 268 2679 vit.
299 2636 418 2691 Very.
452 2636 543 2681 Val.
575 2636 706 2680 Prob.
729 2652 778 2692 p.
805 2639 872 2688 59,
904 2637 1071 2680 Donati
1092 2652 1140 2692 p.
1160 2640 1215 2680 59
1246 2637 1362 2682 Suet.
1392 2638 1469 2680 rel.
1499 2638 1581 2689 R.,
1610 2628 1758 2681 Pboca
1785 2652 1822 2683 v.
1853 2641 1920 2690 89,

196 2705 371 2748 Anthol.
403 2705 477 2748 lat.
509 2708 602 2756 671,
634 2708 689 2749 89
699 2719 713 2758 ,·
749 2706 917 2748 audivit
956 2722 1043 2748 una
1077 2721 1173 2749 cum
1204 2705 1398 2761 Vergilio
1430 2706 1628 2750 Sironem
1658 2707 1922 2764 Epicureum

195 2775 321 2819 schol.
349 2774 569 2818 Veronens.
597 2774 717 2830 Very.
735 2775 807 2819 ecl.
826 2779 863 2826 7,
887 2779 924 2826 9,
949 2775 1067 2818 Serv.
1090 2775 1162 2818 ecl.
1184 2779 1221 2826 6,
1244 2778 1298 2817 13
1327 2775 1381 2829 cf.
1400 2775 1509 2818 Aen.
1532 2779 1570 2826 6,
1591 2778 1689 2819 264.
1703 2800 1755 2805 -
1778 2775 1923 2819 Potest

196 2843 306 2886 idem
327 2857 412 2886 esse
433 2842 627 2898 Alfenus,
662 2843 721 2886 ad
738 2858 857 2897 quem
876 2844 1049 2898 scripsit
1074 2842 1267 2886 Catullus
1289 2857 1418 2886 carm.
1438 2847 1506 2893 30,
1529 2843 1603 2886 secl
1622 2844 1825 2886 incertum
1847 2848 1918 2895 est,

195 2927 295 2955 num
314 2912 432 2955 Varo
463 2911 580 2966 apud
607 2911 780 2954 eundem
810 2926 842 2956 c.
866 2916 932 2954 10.
962 2916 1026 2955 22
1053 2913 1185 2966 fuerit
1210 2913 1377 2955 omnino
1404 2926 1556 2955 nomen
1581 2911 1737 2967 yentile
1754 2912 1918 2966 Alfeni.

281 2980 632 3035 Iurisconsultus,
662 2980 901 3037 discipulus
933 2981 1074 3024 Servii
1105 2980 1286 3037 Sulpicii
1318 2981 1519 3036 Pompon.
1538 2980 1641 3036 Dio.
1662 2985 1700 3032 1,
1722 2985 1764 3035 2,
1787 2984 1829 3032 2,
1853 2985 1918 3025 44.

194 3050 302 3095 Gell.
325 3054 364 3102 7,
385 3053 424 3101 5,
445 3053 496 3101 1;
524 3051 635 3092 inter
663 3053 818 3092 veteres
847 3050 1166 3092 iurisconsultos
1194 3050 1439 3092 nominatur
1459 3050 1676 3092 Ammian.
1698 3053 1765 3100 30,
1786 3054 1826 3100 4,
1848 3053 1918 3093 12.

197 3118 383 3175 Scripsit
426 3118 692 3173 digestorum
735 3117 870 3160 libros
911 3117 1199 3174 quadraginta
1237 3117 1334 3160 Ind.
1374 3118 1570 3162 Florent.
1615 3118 1801 3173 Diyest„
1848 3119 1921 3172 qui

196 3188 382 3230 citantur
411 3188 579 3242 passim
616 3187 662 3228 in
702 3186 896 3241 diyestis,·
933 3185 1117 3228 Alfenus
1158 3188 1201 3228 in
1235 3185 1344 3229 libro
1376 3186 1641 3242 digestorum
1670 3187 1917 3228 tricensimo

197 3262 240 3298 et
278 3261 455 3311 quarto,
497 3256 871 3297 coniectaneorum
911 3261 1054 3296 autem
1093 3254 1280 3296 secundo
1319 3254 1428 3299 Gell.
1461 3255 1487 3297 l.
1529 3255 1556 3297 l.
1626 3254 1798 3298 Scilicet
1826 3262 1919 3296 ‘non

199 3337 302 3379 opus
340 3323 519 3366 alterum
559 3326 865 3377 composuerat,
903 3322 977 3365 secl
1005 3323 1208 3377 partibus
1247 3323 1500 3378 diyestorum
1539 3323 1683 3366 titulos
1716 3322 1919 3377 speciales

196 3392 484 3447 inscripserat.
527 3391 793 3446 Fraymenta
821 3391 985 3446 colleyit
1013 3391 1143 3434 Lenel
1172 3391 1472 3447 Palinyenesia
1501 3393 1536 3434 I
1549 3407 1596 3447 p.
1618 3395 1675 3434 37
1693 3404 1777 3444 sqq.

178 3464 461 3500 Prosopographia
478 3463 563 3499 imp.
582 3464 675 3492 Rom.
711 3463 738 3492 1.
1621 3459 1645 3494 4
