2202 3730
305 300 588 337 ARGAITHVS
1167 293 1248 334 130
1724 267 2111 334 ARIOBARZANES

392 447 439 487 p.
460 435 546 475 207
555 431 610 482 A,
651 431 850 473 Iulianus
890 429 1006 483 epist.
1037 431 1090 470 51
1119 443 1167 482 p.
1197 428 1355 480 434A,'
1393 429 1556 470 amicus
1597 436 1640 471 et
1679 430 1885 484 magister
1924 429 2111 484 Augusti

394 501 563 544 Sueten.
582 499 693 553 Auy.
716 501 782 549 89,
806 496 1030 539 Plutarch.
1052 497 1211 539 Anton.
1233 500 1301 547 80,
1323 497 1522 539 Iulianus
1549 497 1668 541 Caes.
1681 513 1730 552 p.
1750 497 1890 541 3261}
1898 511 1912 550 ;
1939 499 2112 541 Liviam

391 568 445 609 de
466 574 603 609 morte
625 566 795 610 Claudii
818 566 952 607 Drusi
975 565 1219 607 consolatus
1242 572 1305 607 est
1327 565 1488 608 Seneca
1508 565 1609 608 dial.
1638 565 1706 608 VI
1714 569 1801 609 4—5
1809 580 1822 618 ;
1851 570 1889 618 6,
1912 570 1961 618 1,·
1990 581 2108 623 prae-

392 642 537 692 ceptor
563 635 825 677 Maecenatis
843 633 1053 675 Aelianus
1079 647 1170 675 var.
1191 633 1288 675 hist.
1310 637 1379 683 12,
1401 636 1471 676 25.
1523 633 1605 691 Τὴν
1628 633 1822 692 Αἴγυπτον
1849 635 2113 692 ἐπιτροπεύειν

390 706 644 760 παρῃτήσατο
673 702 871 745 Iulianus
893 702 1010 756 epist.
1038 701 1095 743 ad
1117 702 1391 744 Themistium
1414 717 1462 756 p.
1484 705 1568 745 265
1586 702 1632 745 O.
1663 706 1747 746 266
1756 703 1823 755 A;
1854 703 2112 758 (Augustus)

389 772 429 814 ἐν
464 773 621 827 Σικελίᾳ
653 769 798 827 Ἄρειον
837 772 918 813 ἀντὶ
960 769 1170 827 Θεοδώρου
1212 771 1428 826 κατέστησε
1470 772 1665 827 διοικητήν
1701 771 1973 827 [Plutarch]
2014 785 2112 826 apo-

380 840 592 894 phtheym.
607 854 692 893 req.
708 854 755 893 p.
772 842 861 883 207
870 838 924 880 B.
940 863 991 867 —
1009 838 1250 894 Dionysius
1272 845 1313 880 et
1332 839 1524 881 Nicanor
1543 838 1619 880 filii
1642 840 1732 881 eius
1749 839 2111 894 Sueton.Au9ust.

387 911 452 952 89.
481 934 530 938 -*
556 908 823 950 Memoratur
843 907 960 961 apud
979 906 1232 950 Strabonem
1261 910 1326 958 14,
1347 909 1387 958 5,
1408 910 1435 949 4
1454 921 1503 962 p.
1525 910 1618 958 670,
1650 907 1932 950 Plutarchum
1951 907 2110 950 Anton.

386 979 452 1027 81,
470 976 651 1018 Dionem
666 978 736 1026 52,
747 979 813 1026 36,
834 975 1034 1017 Marcum
1050 977 1103 1022 εἰς
1119 975 1258 1019 ἑαυτόν
1274 978 1313 1026 8,
1325 978 1392 1026 31,
1405 975 1626 1018 Iulianum
1641 977 1759 1030 epist.
1778 979 1831 1019 51
1838 991 1885 1030 p.
1897 978 1978 1018 434
1987 975 2043 1020 A.
2055 1000 2111 1005 --

287 1088 291 1091 .
387 1044 506 1087 Idem
534 1044 699 1086 videtur
719 1043 860 1086 Areus
892 1043 1038 1086 rhetor
1073 1043 1323 1102 Quintilian.
1353 1045 1531 1086 institut.
1553 1048 1596 1094 2,
1619 1047 1682 1094 15,
1704 1047 1760 1087 36
1769 1057 1783 1096 ;
1810 1047 1849 1094 3,
1871 1048 1908 1100 1,
1931 1047 1996 1087 16.

304 1114 386 1156 847
419 1112 669 1167 Argaithus,
702 1112 793 1154 dux
824 1112 1064 1156 Gothorum
1093 1112 1301 1155 Iordanes
1336 1111 1469 1155 Getio.
1502 1115 1567 1163 91,
1600 1113 1654 1166 cf.
1682 1113 1865 1167 Aryunt.

304 1183 386 1224 848
417 1181 719 1236 Argentarius,
744 1181 951 1234 Graecus,
985 1180 1221 1236 discipulus
1244 1187 1286 1222 et
1305 1181 1495 1223 imitator
1516 1180 1648 1223 Cestii
1673 1181 1752 1235 Pii,
1785 1181 1930 1223 rhetor
1951 1180 2113 1224 Seneca

387 1253 568 1292 controv.
586 1253 624 1300 9,
640 1252 679 1300 3,
698 1252 867 1300 12—13,·
894 1249 1053 1291 iudicia
1075 1249 1128 1291 de
1150 1248 1395 1305 eloquentia
1416 1249 1507 1291 eius
1528 1249 1614 1291 ibd.
1637 1252 1676 1291 et
1696 1252 1877 1291 controv.
1899 1252 1939 1300 9,
1961 1253 2005 1300 2,
2026 1253 2112 1301 22;

389 1319 638 1372 sententiae,
658 1318 833 1372 colores,
852 1317 1085 1360 divisiones
1098 1318 1266 1372 passim
1281 1317 1398 1371 apud
1412 1317 1627 1360 Senecam.
1649 1343 1698 1347 —
1711 1317 1902 1360 Dubium
1917 1321 1989 1368 est,
2010 1332 2111 1360 num

386 1386 496 1428 idem
525 1387 581 1428 sit
609 1386 669 1428 M.
698 1386 999 1441 Argentarius,
1040 1386 1159 1428 cuius
1197 1387 1510 1440 epiyrammata
1537 1385 1672 1427 multa
1702 1389 1848 1428 extant
1875 1386 1921 1428 in
1948 1386 2111 1429 Antho-

388 1454 501 1509 l09ia
527 1469 696 1509 yraeca.

301 1522 384 1564 849
413 1529 740 1564 ARGENTARIA
770 1528 932 1563 POLLA
963 1521 1105 1576 (Polla
1133 1521 1396 1576 Argentaria
1426 1521 1594 1566 Statius
1622 1522 1713 1567 silv.
1744 1525 1776 1566 2
1796 1522 1956 1576 praefi,
1989 1522 2112 1565 Polla

388 1591 504 1645 apud
524 1591 804 1647 Martialem),
829 1605 939 1633 uxor
959 1590 1127 1632 Annaei
1149 1591 1316 1632 Lucani
1338 1596 1501 1646 poetae,
1528 1591 1597 1632 cui
1627 1591 1892 1647 scripserunt
1921 1591 1963 1632 in
1997 1590 2112 1633 diem

388 1659 573 1702 natalem
594 1660 736 1702 mariti
757 1659 914 1701 mortui
930 1658 1141 1700 Martialis
1165 1660 1474 1714 epigrammata
1495 1659 1692 1702 Martial.
1714 1662 1750 1710 7,
1767 1663 1929 1710 21-23,
1949 1659 2111 1703 Statius

387 1727 689 1782 genethliacon
717 1727 830 1770 Stat.
860 1727 954 1769 silv.
981 1730 1023 1777 2,
1049 1730 1096 1778 7,·
1128 1734 1310 1783 patrona
1339 1726 1550 1768 Martialis
1582 1727 1783 1769 Martial.
1815 1731 1882 1778 10,
1905 1731 1970 1770 64.
2017 1720 2116 1770 Mess

387 1799 580 1838 moratur
610 1795 757 1848 Sidon.
788 1795 932 1850 Apoll.
965 1796 1082 1849 epist.
1104 1799 1147 1846 2,
1170 1799 1237 1846 10,
1260 1799 1297 1846 6,
1330 1809 1460 1837 carm.
1490 1798 1560 1846 23,
1582 1799 1675 1850 166.

303 1865 386 1906 850
416 1864 759 1919 Argentocoxus,
793 1865 1027 1906 Britannus
1058 1863 1236 1919 quidam
1267 1869 1407 1906 aetate
1439 1864 1635 1919 Septimii
1668 1864 1818 1907 Severi
1848 1863 1937 1907 Dio
1957 1868 2020 1915 76,
2044 1868 2109 1907 16.

303 1934 381 1975 851
416 1932 608 1988 Argivus
647 1932 723 1988 (sic
759 1931 953 1983 Sueten,
995 1931 1155 1986 Argius
1193 1932 1304 1987 Tac„
1345 1930 1510 1989 Ἀργεῖος
1549 1932 1807 1989 Plutarch),
1847 1932 2030 1976 libertus
2071 1939 2114 1976 et

390 2001 660 2057 dispensator
699 1999 865 2044 Galbae
907 2014 1063 2055 corpus
1103 2000 1274 2056 patroni
1316 2001 1445 2041 occisi
1491 1999 1738 2056 sepulturae
1781 2000 1901 2042 dedit
1940 2000 2111 2045 Sueten.

387 2069 531 2112 Galba
559 2072 629 2119 20,
662 2068 885 2112 Plutarch.
924 2067 1068 2110 Galba
1097 2070 1168 2118 28,
1206 2068 1304 2111 Tac.
1335 2067 1376 2110 h.
1407 2071 1446 2119 1,
1467 2071 1534 2110 49.

304 2138 387 2180 852
419 2137 669 2191 Argolicus,
700 2137 887 2178 Laconis
917 2136 1054 2191 filius,
1088 2151 1111 2178 e
1146 2135 1403 2192 primoribus
1433 2136 1727 2192 Achaeorum,
1762 2137 1992 2193 Pompeiae
2022 2137 2113 2180 Ma-

390 2206 535 2247 crinae
564 2206 756 2260 maritus,
790 2221 816 2247 a
846 2204 1020 2247 Tiberio
1052 2204 1240 2247 afflictus
1277 2205 1374 2248 Tac.
1408 2219 1448 2247 a.
1479 2208 1517 2255 6,
1540 2207 1606 2248 18.

304 2275 387 2317 853
416 2274 604 2330 Argunt,
638 2274 898 2330 Scytharum
927 2289 1007 2316 rex
1038 2280 1177 2316 aetate
1201 2274 1411 2317 Gordiani
1441 2274 1509 2316 III
1537 2275 1609 2316 vit.
1639 2273 1848 2316 Gordian.
1868 2277 1934 2325 31,
1957 2277 1995 2318 1.
2025 2272 2112 2316 Ar-

387 2343 579 2397 9a2‘thum
593 2357 736 2385 verum
752 2356 836 2385 esse
850 2356 999 2385 nomen
1016 2342 1132 2384 docet
1145 2341 1462 2394 Mullenhoffin
1477 2342 1615 2385 indice
1625 2342 1828 2385 Iordanis
1839 2342 1901 2385 ed.
1915 2342 2111 2385 Momms.

382 2426 430 2466 1⁹·
457 2415 537 2454 146
546 2425 559 2463 ,·
592 2411 665 2454 sed
700 2425 800 2453 num
840 2411 948 2453 idem
977 2411 1034 2452 stt
1068 2410 1304 2465 Argaithus
1347 2411 1438 2453 dux
1469 2410 1709 2455 Gothorum
1739 2410 1857 2453 Iord.
1896 2410 2030 2454 Getic.
2060 2414 2114 2454 91

389 2483 511 2533 atque
541 2479 612 2522 ille
640 2479 822 2534 Aryunt,
854 2479 901 2521 id
928 2479 1040 2533 quod
1066 2479 1277 2522 contendit
1303 2493 1384 2521 von
1410 2478 1670 2530 Gutschmid,
1700 2480 1906 2522 incertum
1935 2482 2007 2522 est.

306 2549 389 2590 854
419 2548 668 2603 Argynnus,
693 2562 804 2602 puer
833 2548 884 2590 L.
906 2547 1112 2590 Arruntii
1131 2547 1302 2599 Stellae,
1333 2550 1382 2590 ut
1409 2547 1574 2590 videtur
1595 2547 1796 2590 Martial.
1831 2551 1868 2599 7,
1890 2550 1955 2599 15,
1974 2550 2002 2591 5
2011 2561 2026 2600 ,·
2057 2549 2111 2603 cs.

391 2631 497 2670 quae
528 2616 747 2658 adnotavit
775 2616 1074 2658 Friedldnder.

306 2685 388 2726 855
419 2691 541 2726 ARIA
573 2691 799 2739 CYRIAOE,
829 2684 1068 2727 clarissima
1096 2684 1254 2726 femina
1281 2684 1330 2726 X
1356 2687 1464 2727 1689
1495 2687 1523 2726 t.
1554 2683 1826 2729 PuteolanuS.

307 2753 391 2796 856
420 2752 635 2806 Aridelus,
658 2752 838 2795 libertus
860 2767 915 2795 ex
936 2753 1060 2795 domo
1083 2754 1360 2809 imperatoria
1376 2754 1604 2808 (‘vester‘),
1623 2767 1750 2810 quem
1767 2754 2112 2809 procurationem

392 2827 609 2878 petentem
625 2822 787 2863 Fronto
808 2821 865 2863 M.
877 2821 1055 2863 Aurelio
1073 2821 1247 2864 Caesari
1270 2821 1541 2863 commendat
1551 2820 1715 2864 Fronto
1732 2821 1791 2863 ad
1802 2822 1868 2865 M.
1888 2821 2113 2864 Gaesarem

391 2892 430 2940 5,
451 2892 509 2932 37
525 2903 573 2944 10.
593 2892 651 2931 87
671 2889 727 2933 Ν.
1403 2899 1407 2902 ’

320 2982 378 2989 ——
420 2958 472 3000 T.
503 2957 756 3012 Ant(onius)
789 2957 1033 3012 Cl(audius)
1065 2957 1247 3000 Alfenus
1276 2957 1529 3013 Arignotus.

308 3026 390 3069 857
421 3025 751 3079 Ariobarzanes,
783 3041 860 3067 rex
889 3026 1059 3068 Mediae
1080 3014 1385 3082 Atrotapenae,
1416 3020 1572 3068 deinde
1603 3031 1645 3068 et
1662 3025 1896 3069 Armeniae
1923 3026 2113 3071 maioris.

395 3093 452 3136 ‘A
482 3108 550 3135 me
579 3099 730 3148 gentes
760 3094 1020 3136 Parthorum
1062 3100 1104 3136 et
1132 3094 1361 3137 Medorum
1397 3109 1476 3150 per
1514 3093 1678 3148 legatos
1718 3095 1935 3151 principes
1965 3109 2113 3137 earum

393 3162 587 3217 gentium
626 3177 748 3217 reges
788 3163 943 3218 petitos
983 3169 1242 3219 acceperunt
1276 3187 1334 3192 —
1372 3187 1429 3192 —
1463 3162 1581 3204 Medi
1620 3162 1958 3205 Ariobarzanem
1998 3163 2112 3218 regis

315 3264 318 3267 Α
395 3230 650 3273 Artavasdis
670 3229 818 3284 filium,
842 3231 956 3285 regis
974 3230 1260 3274 Ariobarzani
1281 3236 1496 3287 nepotem'
1515 3229 1735 3285 Auyustus
1753 3231 1799 3273 in
1816 3230 1955 3273 indice
1972 3244 2113 3274 rerum

312 3343 315 3344 ⁷
392 3301 606 3352 qestarum
635 3311 669 3340 e.
689 3301 755 3342 33.
802 3297 947 3341 Filius
977 3313 1073 3354 eryo
1093 3298 1352 3342 Artavasdis
1379 3298 1490 3352 reyis
1512 3297 1750 3349 Medorum,
1782 3298 1856 3352 qui
1873 3299 1927 3341 ab
1948 3298 2114 3341 Artaxe

394 3380 521 3420 reyno
547 3366 699 3420 pulsus
729 3369 788 3408 est
818 3366 872 3419 cf.
903 3367 1024 3420 infra
1052 3381 1093 3409 n.
1124 3370 1227 3419 955,·
1254 3381 1374 3422 quem
1403 3365 1570 3409 Artaxe
1601 3367 1747 3417 occiso,
1778 3366 1851 3421 qui
1869 3381 1952 3422 per
1981 3379 2115 3411 annos
