2202 3730
104 284 347 322 ASELLIVS
971 278 1050 320 159
1716 281 1916 319 ASINIVS

105 417 189 459 998
219 423 462 459 ASELLIVS
494 422 822 459 AEMILIANVS.
885 415 1155 457 Memeratur
1184 415 1230 457 in
1269 414 1391 457 titulo
1427 428 1581 469 yraece
1610 414 1657 457 in
1687 414 1919 458 Batanaea

189 488 353 540 reperto
375 485 840 539 Lebas-Waddinyton
868 487 995 527 2213.
1019 508 1068 514 -
1095 483 1259 526 Nomen
1275 483 1535 538 yentilicium
1557 483 1703 526 titulus
1723 485 1917 535 servavit,

191 556 369 596 ceterum
395 553 548 607 ubique
576 553 860 597 Aemilianus.

278 621 470 676 Legatus
503 621 658 678 Syriae
690 622 914 676 (ὑπατικοῦ)
946 637 984 663 a.
1009 621 1088 663 189
1111 621 1188 671 tu„
1221 621 1265 662 in
1296 636 1383 677 qua
1406 620 1624 676 legatione
1653 622 1918 664 Pescennius

192 689 328 743 Niger
350 691 386 731 ei
411 691 617 732 successit
638 690 874 733 Herodian.
895 692 934 740 3,
957 693 1001 740 2,
1022 692 1072 741 3,·
1100 689 1332 746 proconsul
1358 688 1489 732 Asiae
1520 705 1558 732 a.
1576 691 1658 732 193
1678 689 1916 734 Herodian.

189 761 229 808 3,
250 761 294 808 2,
315 761 368 810 2;
396 758 488 800 dux
517 773 544 800 a
571 758 707 813 Nigro
730 758 904 812 electus,
937 757 1053 814 quod
1083 758 1129 799 in
1157 757 1305 800 multis
1331 758 1568 814 provinciis
1594 758 1794 813 regendis
1824 773 1919 816 pro·

193 825 319 869 batus
360 834 403 869 et
442 827 583 870 Clodii
621 826 768 869 Albini
807 827 1074 869 necessarius
1120 833 1213 869 erat
1249 826 1338 869 Dio
1380 830 1452 878 74,
1482 830 1523 878 6,
1563 827 1679 883 apud
1710 827 1919 884 Cyzicum

190 895 333 937 vietus
374 911 400 937 a
442 895 593 938 Severi
634 894 821 937 ducibus
862 901 904 936 et
942 895 987 936 in
1017 894 1122 950 fuga
1152 897 1320 938 occisus
1348 896 1420 939 vit.
1452 895 1600 938 Severi
1624 898 1665 947 8,
1698 895 1921 939 Pescennii

193 963 250 1005 N.
276 966 315 1014 5,
346 963 436 1006 Dio
467 963 493 1006 l.
526 964 567 1014 l.,
599 963 834 1006 Herodian.
864 966 903 1013 3,
930 966 974 1006 2.
1009 988 1061 992 -
1100 962 1176 1005 Ad
1201 963 1555 1017 proconsulatum
1584 963 1719 1006 Asiae
1756 964 1921 1007 rettulit

193 1031 481 1087 Waddinqten
519 1032 651 1086 fastes
672 1046 722 1086 p.
749 1034 834 1075 245
862 1032 1147 1086 fragmentum
1178 1031 1459 1087 Smyrnaeum
1487 1031 1598 1075 CIG
1627 1035 1740 1076 3211
1769 1032 1919 1089 [ἀ]νθυ-

192 1101 430 1148 πατεόοντος
459 1100 720 1157 Αἰμιλι[ανοῦ]
750 1104 834 1143 κτλ.

107 1168 192 1210 999
223 1168 413 1211 Asellius
452 1168 739 1224 Claudianus,
781 1169 907 1211 homo
948 1168 1103 1211 nobilis
1143 1183 1170 1210 a
1209 1169 1419 1225 Septimio
1449 1169 1609 1212 Severo
1651 1171 1817 1212 occisus
1846 1170 1918 1214 vit.

195 1237 343 1281 Severi
370 1241 434 1289 13,
461 1242 498 1280 1.

111 1306 224 1349 1000
257 1305 443 1348 Asellius
484 1305 696 1361 Sabinus,
737 1305 937 1348 Tiberius
974 1306 1013 1347 ei
1046 1306 1243 1348 sestertia
1282 1305 1470 1349 ducenta
1510 1306 1688 1350 donavit
1723 1322 1800 1364 pro
1832 1307 1920 1350 dia-

194 1373 314 1429 logo,
357 1375 403 1416 in
444 1390 528 1431 quo
570 1374 703 1417 boleti
745 1381 788 1417 et
825 1373 1036 1416 ficedulae
1077 1380 1120 1417 et
1159 1380 1326 1417 ostreae
1365 1381 1408 1417 et
1446 1375 1563 1418 turdi
1604 1382 1821 1418 certamen
1859 1379 1919 1419 in·

194 1443 383 1485 duxerat
411 1443 583 1486 Sueten.
612 1443 751 1485 Tiber.
772 1446 842 1486 42.
889 1442 1009 1485 Idem
1037 1442 1202 1485 videtur
1228 1442 1414 1485 Sabinus
1435 1442 1599 1486 Asilius
1621 1444 1698 1499 (sic
1719 1444 1922 1499 traditur)

196 1512 528 1554 venustissimus
569 1512 683 1554 inter
722 1511 916 1553 rhetores
953 1526 1103 1554 scurra
1143 1511 1306 1555 Seneca
1341 1525 1506 1555 suasor.
1546 1515 1591 1563 2,
1623 1516 1703 1564 12;
1739 1514 1923 1567 fortasse

193 1580 322 1622 etiam
350 1579 530 1622 Asillius
562 1579 734 1623 Sueten.
763 1579 900 1634 Galiy.
922 1582 962 1622 8.

111 1648 218 1692 1001
255 1648 564 1704 [A]SIA[TI]CA,
598 1649 676 1704 (M.
707 1648 837 1691 Lollii
875 1647 1085 1703 Paullini)
1126 1648 1291 1691 Valerii
1331 1648 1511 1691 Asiatici
1554 1648 1815 1705 (Saturnini)
1856 1650 1922 1693 bis

194 1716 382 1759 consulis
414 1718 512 1773 (cos.
542 1718 604 1760 II
627 1732 667 1760 a.
689 1717 789 1771 125)
821 1732 933 1760 uxor
960 1716 1072 1760 OIG
1101 1719 1218 1761 2587
1246 1721 1273 1760 t.
1303 1717 1525 1762 Cretensis.

121 1809 180 1815 —
221 1792 439 1828 AEMILIA
469 1792 691 1828 PAVLINA
720 1792 968 1828 ASIATIGA.

111 1854 221 1897 1002
251 1853 482 1909 Asiaticus,
505 1854 595 1897 dux
617 1854 843 1899 Gallorum
864 1870 941 1911 pro
951 1854 1138 1897 Vindice
1167 1855 1226 1910 (a.
1248 1854 1317 1910 68)
1343 1854 1581 1897 bellaverat
1606 1855 1703 1898 Tac.
1726 1855 1766 1898 h.
1788 1859 1832 1906 2,
1855 1859 1920 1898 94.

110 1924 220 1971 1003
251 1923 490 1978 Asiaticus,
537 1922 702 1966 Vitellii
742 1923 944 1973 libertus,
970 1923 1170 1979 '‘foeduin
1209 1924 1475 1980 ‘fiianeipium
1515 1930 1558 1966 et
1595 1924 1719 1966 malis
1755 1925 1922 1967 artibus

198 1991 503 2046 ambitiosum‘,
537 2007 703 2034 summa
733 1991 848 2049 apud
881 2007 977 2034 eum
1013 1993 1207 2048 potentia
1240 1992 1337 2036 Tae.
1375 1992 1415 2034 h.
1452 1996 1495 2044 2,
1530 1995 1597 2037 57.
1634 1995 1708 2043 95,
1750 1993 1920 2036 Sueten.

200 2059 335 2102 Vitell.
366 2064 437 2111 12,
469 2060 692 2105 Plutarch.
730 2060 874 2103 Galba
903 2063 986 2112 20;
1024 2061 1213 2117 equestri
1255 2060 1466 2115 dignitate
1506 2076 1531 2102 a
1572 2060 1747 2104 Vitellio
1783 2062 1922 2118 primo

196 2129 366 2184 imperii
395 2128 466 2171 die
497 2136 674 2171 ornatus
701 2129 801 2172 Tae.
822 2128 863 2171 h.
885 2132 928 2180 2,
949 2131 1017 2180 57,
1051 2129 1222 2172 Sueten.
1256 2129 1282 2173 l.
1315 2129 1367 2181 l.,·
1396 2136 1493 2186 post
1522 2144 1672 2171 necem
1702 2129 1868 2173 Vitellii
1898 2144 1924 2171 a

194 2197 397 2239 Muciano
428 2198 592 2240 occisus
629 2198 726 2240 Tac.
757 2197 798 2247 h.
829 2201 868 2248 4,
899 2201 966 2244 11.
1028 2197 1298 2240 Memoratur
1329 2198 1476 2241 Sidon.
1506 2198 1700 2253 Apollin.
1732 2213 1793 2254 ep.
1819 2201 1859 2250 5,
1882 2201 1921 2241 7.

138 2290 195 2295 --
252 2272 293 2310 Ρ.
326 2271 607 2308 CORNELIVS
640 2272 798 2308 SCIPIO
829 2272 1106 2308 ASIATICVS.

139 2359 196 2363 —
254 2333 389 2376 Iulius
420 2334 653 2379 Asiaticus.

138 2427 196 2432 -—
253 2409 306 2444 M.
335 2408 548 2445 LOLLIVS
579 2408 858 2445 PAVLLINVS
889 2409 1140 2444 VALERIVS
1171 2409 1432 2445 ASIATICVS
1465 2409 1794 2446 SATVRNINVS.

140 2496 199 2501 --
256 2477 506 2513 VALERIVS
538 2477 813 2513 ASIATICVS.

137 2565 194 2570 -
252 2546 300 2582 D.
330 2545 582 2582 VALERIVS
612 2545 888 2582 ASIATICVS.

137 2633 196 2638 —-
253 2607 307 2661 Q.
339 2608 539 2651 Valerius
570 2607 802 2651 Asiaticus.

138 2701 198 2708 —-
256 2677 544 2731 (VALERIVS)
576 2682 771 2719 TAVRVS
802 2682 1076 2719 ASIATICVS.

114 2746 225 2788 1004
255 2744 417 2788 Asilius
450 2745 637 2788 Sabinus
670 2745 831 2788 Seneca
861 2758 1025 2787 suasor.
1054 2748 1098 2796 2,
1125 2748 1184 2788 12
1214 2746 1266 2799 cf.
1297 2760 1340 2791 n.
1361 2749 1486 2788 1000.

113 2813 224 2856 1005
254 2812 457 2868 Asillius,
499 2828 640 2856 comes
679 2815 802 2870 pueri
833 2813 917 2857 Gai
948 2829 986 2856 a.
1010 2814 1065 2856 14
1095 2829 1135 2870 p.
1158 2813 1207 2857 O.
1241 2813 1412 2857 Sueten.
1441 2813 1578 2869 Caliy.
1610 2816 1638 2856 8
1667 2814 1714 2857 in
1742 2814 1924 2868 epistula

199 2881 398 2936 Auyusti.
456 2881 524 2936 Cf.
555 2896 596 2926 n.
618 2885 740 2924 1000.

142 2973 198 2979 —
255 2950 443 2993 Vinnius
474 2950 624 2993 Asina.

114 3018 224 3061 1006
254 3024 307 3061 M.
330 3025 541 3074 ASINIVS,
574 3034 616 3061 n.
640 3019 738 3075 Sep.
761 3018 821 3062 M.
843 3018 965 3062 Asin.
997 3017 1045 3061 O.
1068 3019 1160 3063 Pet.
1187 3017 1302 3074 (cos.)
1331 3019 1366 3061 I
1389 3022 1468 3061 766
1496 3020 1543 3062 in
1573 3023 1729 3062 tessera
1756 3019 1923 3074 ylaslia-

199 3087 324 3129 toria.
384 3087 594 3142 Boryhesi
632 3102 726 3142 opp.
758 3087 848 3129 III
870 3101 919 3141 p.
949 3089 1029 3129 355
1073 3086 1358 3129 demonstrare
1399 3087 1563 3130 studuit
1604 3087 1926 3142 intelleyenclum

199 3168 284 3198 esse
324 3155 390 3198 M.
425 3155 625 3198 Asinium
664 3155 906 3210 Ayrippam
944 3155 1152 3197 consulem
1192 3155 1458 3198 ordinarium
1496 3171 1535 3199 a.
1567 3159 1625 3200 25
1664 3170 1756 3199 cum
1798 3156 1926 3198 Cosso

200 3222 396 3266 Cornelio
425 3224 629 3275 Lentulo;
667 3223 787 3266 illum
817 3238 902 3278 per
941 3226 1072 3265 totum
1112 3237 1270 3265 annum
1309 3225 1447 3278 fasces
1482 3226 1673 3279 yessifsse,
1707 3239 1799 3266 cum
1827 3224 1925 3266 huic

201 3290 248 3333 0.
279 3291 507 3334 Petronius
547 3291 748 3344 suffectus
793 3295 908 3335 esset.
978 3292 1040 3333 At
1083 3294 1393 3345 arcumentatio
1438 3293 1551 3336 docti
1591 3294 1701 3336 Itali
1742 3294 1925 3348 infirmis

199 3359 486 3413 fundamentis
515 3362 743 3403 constituta
773 3363 845 3403 est.
