2202 3730
118 314 290 350 BAREA
985 305 1068 349 229
1661 309 1925 346 BASILIDES

212 458 298 487 esse
320 442 405 486 non
422 441 783 492 Barchochebam,
810 441 885 484 sed
903 441 1117 485 Simonem
1136 440 1274 496 filium
1290 439 1525 484 Gamalieli
1535 444 1707 496 patrem
1723 439 1931 484 Jehudae.

211 511 344 556 Cuius
382 514 632 565 aryumenta
671 511 915 553 examinare
951 513 999 551 ut
1035 523 1119 554 non
1157 524 1292 552 meum
1320 523 1451 563 neque
1479 509 1603 552 huius
1634 509 1716 552 loci
1743 511 1830 559 est,
1868 508 1933 550 ita

205 579 464 626 monendum,
482 578 646 622 videtur
668 593 897 633 perperam
919 579 1087 620 omnino
1110 578 1230 620 illum
1252 592 1300 632 p.
1322 580 1409 621 290
1428 580 1697 634 saa-tempus
1715 576 1933 620 seditionis

205 647 533 691 Barchochebae
555 648 671 689 circa
697 661 736 691 a.
759 649 959 690 119-120
981 646 1191 696 statuisse,
1219 660 1326 699 quae
1354 660 1401 688 re
1429 660 1531 688 vera
1559 647 1645 700 fuit
1673 659 1709 688 c.
1730 659 1769 690 a.
1790 647 1931 688 132-

170 725 172 727 “
203 718 286 760 135
293 730 307 768 ;
336 715 594 758 Iudaeorum
625 715 735 758 enim
766 714 955 765 traditio,
987 728 1113 768 quam
1142 713 1214 755 ille
1242 714 1442 767 sequitur,
1465 718 1644 768 praeter
1671 713 1806 756 multa
1827 712 1933 756 alia

202 784 336 839 plane
366 783 507 838 futilis
536 783 723 838 efficitur
752 783 815 825 vel
843 783 899 825 iis
926 796 1033 836 quae
1064 781 1113 824 de
1144 795 1270 824 cursu
1300 781 1505 825 honorum
1535 782 1634 826 Scae.
1656 781 1765 825 Iulii
1788 780 1934 825 Severi

206 851 276 907 (cf.
307 853 428 906 infra
457 852 491 894 I
512 851 608 905 374)
643 851 887 897 certissimis
917 850 1164 893 testimoniis
1193 852 1400 893 constant.
1689 862 1691 866 ·

116 920 172 964 46
202 927 372 963 BAREA
404 926 641 975 SORANVS,
673 919 824 962 consul
850 918 1101 973 designatus
1131 933 1169 962 a.
1192 919 1245 961 52
1277 918 1323 959 in
1353 923 1506 960 senatu
1535 919 1795 961 sententiam
1816 917 1931 960 dixit

210 989 309 1032 Tac.
331 1003 371 1032 a.
392 992 462 1039 12,
483 991 562 1040 53;
592 987 736 1031 consul
757 1001 854 1041 erqo
875 985 1075 1039 suffectus
1105 1000 1145 1028 a.
1164 987 1236 1029 52.
1286 985 1525 1028 Proconsul
1544 985 1677 1029 Asiae
1700 999 1811 1029 anno
1833 999 1933 1040 pro-

204 1056 422 1100 consulari
449 1056 576 1100 61l62
613 1059 662 1098 ut
699 1055 875 1098 videtur.
935 1054 1064 1097 Anno
1096 1056 1150 1097 66
1191 1054 1245 1097 ab
1276 1053 1450 1099 Ostorio
1482 1054 1644 1098 Sabino
1681 1061 1932 1108 accusatusr,

206 1126 376 1168 crimini
416 1124 603 1167 dabatur
641 1124 831 1166 amicitia
869 1122 1060 1165 Rubellii
1099 1122 1243 1165 Plauti
1284 1122 1341 1178 (a.
1381 1125 1453 1166 62
1477 1123 1524 1166 in
1561 1122 1685 1165 Asia⁴
1719 1121 1935 1176 interfecti

162 1227 165 1229 .
211 1193 310 1237 Tac.
340 1206 382 1236 a.
401 1196 467 1243 14,
487 1195 647 1248 57-59)
679 1199 722 1234 et
752 1192 928 1234 ambitio
955 1191 1529 1248 conciliandaep'rovinciae
1561 1191 1616 1233 ad
1647 1206 1745 1247 spes
1774 1205 1933 1245 novas3

203 1267 353 1303 vetera
396 1260 523 1316 haec,
566 1260 641 1302 sed
680 1267 831 1302 recens
870 1259 1032 1301 crimen
1071 1259 1286 1302 obiectum
1327 1264 1412 1314 est,
1455 1258 1572 1315 quod
1614 1259 1802 1302 Servilia
1844 1257 1934 1300 filia

203 1330 433 1386 pecuniam
459 1329 598 1383 magis
628 1327 833 1382 dilargita
862 1333 999 1382 esset3
1033 1342 1133 1369 cum
1162 1327 1212 1370 P.
1238 1328 1452 1382 Egnatius
1475 1326 1602 1370 Celer
1632 1327 1787 1370 falsum
1817 1326 1934 1368 testi-

203 1399 395 1440 monium
415 1399 460 1439 in
481 1412 580 1439 eum
600 1396 817 1452 edixisset,
847 1395 1075 1438 damnatus
1106 1402 1171 1438 est
1201 1410 1302 1438 cum
1326 1395 1415 1438 filia
1443 1397 1593 1438 mortis
1624 1395 1802 1438 arbitrio
1832 1394 1933 1436 dato

210 1466 308 1509 Tac.
340 1474 380 1508 a.
410 1469 476 1516 16,
506 1469 579 1510 21.
609 1468 680 1508 23.
709 1467 877 1517 30-33;
916 1463 957 1507 h.
995 1468 1035 1515 4,
1066 1467 1136 1507 10.
1168 1467 1235 1515 70,
1278 1464 1443 1506 brevius
1482 1468 1521 1507 et
1559 1465 1700 1507 minus
1739 1465 1935 1506 accurate

205 1534 293 1578 Dio
315 1538 385 1586 62,
411 1538 490 1586 26,
484 1547 494 1557 ·
527 1533 712 1577 ‘Stoicus
743 1533 900 1575 occidit
929 1534 1125 1587 Baream,
1158 1532 1325 1575 delator
1355 1533 1553 1587 amicum,
1586 1531 1935 1589 discipulumque

151 1609 156 1613 ’
205 1609 354 1645 senex’
387 1602 577 1645 Juvenal.
607 1605 689 1644 sat.
720 1605 760 1652 3,
792 1605 906 1644 116-
908 1605 990 1644 117
1018 1615 1111 1643 cum
1139 1600 1265 1643 schol.
1298 1601 1353 1654 cf.
1381 1604 1463 1643 sat.
1496 1604 1533 1652 7,
1565 1604 1618 1644 91
1650 1604 1689 1644 et
1716 1600 1845 1644 schol.
1869 1599 1936 1643 ‘ad

205 1674 288 1713 sat.
316 1675 355 1721 1,
385 1674 462 1722 33,·
492 1673 530 1721 6,
560 1671 656 1714 552.
687 1693 745 1700 ·-
772 1669 953 1713 Amicus
984 1670 1242 1751 Vespasiani
1279 1669 1377 1712 Tac.
1409 1668 1451 1712 h.
1479 1672 1521 1721 4,
1540 1672 1592 1712 ’7

119 1739 274 1794 -.(C
304 1739 518 1794 Licinius)
549 1739 703 1781 Barea.

118 1832 176 1837 —-
206 1814 250 1859 Q.
280 1813 502 1850 MARCIVS
533 1813 719 1850 BAREA.

120 1901 179 1906 —
208 1882 252 1927 Q.
281 1881 503 1918 MARCIVS
533 1881 703 1923 BAREA
734 1881 876 1918 SVRA.

112 1945 174 1998 <47
207 1946 439 2000 Bargioras
466 1944 557 1988 Dio
587 1947 652 1995 66,
684 1947 713 1986 7
738 1963 795 1979 =
826 1943 973 1986 Simon
1007 1944 1168 1988 Giorae
1198 1942 1312 1986 filius
1341 1957 1379 1986 v.
1411 1943 1573 1986 Simon.

120 2014 175 2056 48
205 2013 368 2056 Barrus
399 2019 447 2055 ut
476 2012 603 2055 homo
634 2012 872 2055 maledicus
902 2013 1151 2058 nominatur
1180 2012 1337 2054 Horat.
1369 2015 1450 2056 sat.
1484 2015 1522 2062 1,
1557 2014 1595 2062 7,
1625 2013 1653 2052 8
1689 2025 1780 2054 cum
1808 2010 1935 2053 schol.

207 2082 328 2129 Idem
355 2081 520 2124 videtur
541 2082 678 2124 Baros
700 2082 776 2136 (sic
798 2080 999 2125 traditur)
1031 2095 1193 2135 scurra,
1226 2081 1302 2137 qui
1324 2080 1544 2135 Gargonio
1567 2094 1658 2121 rem
1685 2078 1936 2122 venustissi-

163 2157 166 2162 ’
207 2164 323 2191 mam
353 2149 465 2192 dixit
494 2150 656 2193 Seneca
685 2153 865 2193 controv.
887 2153 926 2199 1,
950 2152 986 2200 7,
1010 2151 1076 2193 18.
1097 2173 1156 2178 -
1175 2148 1381 2192 Diversus
1411 2152 1472 2191 est
1491 2149 1653 2191 Barrus
1675 2147 1830 2190 Horat.
1854 2149 1935 2189 sat

207 2222 245 2269 1,
267 2221 306 2268 6,
325 2221 379 2260 30
411 2219 464 2272 cf.
497 2218 810 2261 adnotationem
841 2218 1096 2272 Kiesslinyii
1125 2217 1183 2260 ad
1209 2217 1249 2260 h.
1284 2217 1310 2259 l.

108 2287 178 2329 ,49
209 2287 475 2342 Barsemias‚
522 2287 816 2329 Hatrenorum
854 2301 940 2329 rex
963 2286 1210 2330 Pescennio
1251 2285 1388 2340 Nigro
1426 2301 1463 2329 a.
1497 2260 1578 2328 193
1618 2282 1783 2326 auxilia
1821 2283 1938 2324 misit

207 2355 442 2398 Herodian.
473 2358 512 2404 3,
543 2358 582 2406 1,
613 2358 663 2406 3,·
705 2354 891 2397 Severus
932 2369 969 2398 a.
1004 2354 1086 2396 194
1124 2353 1286 2396 bellum
1323 2353 1532 2396 adversus
1570 2352 1745 2395 orientis
1786 2357 1936 2405 gentes

208 2424 378 2480 paravit
396 2423 596 2481 πρόφασιν
620 2423 854 2480 ποιουμενος
873 2424 943 2479 τὴν
969 2421 1200 2479 Βαρσημίου
1232 2423 1330 2479 πρὸς
1354 2421 1500 2479 Νιγρον
1530 2422 1662 2478 φιλίᾱν
1691 2420 1750 2498 id.
1771 2422 1811 2470 3,
1833 2422 1872 2470 9,
1893 2422 1936 2462 1.

208 2491 278 2534 De
307 2492 568 2546 expeditione
598 2491 746 2536 Severi
774 2492 830 2546 cf.
860 2490 949 2534 Dio
981 2493 1225 2550 75,1-3.1

122 2585 180 2591 —
174 2567 254 2605 Τ.
284 2565 503 2607 HELVIVS
534 2566 729 2604 BASILA.

124 2653 183 2659 —
209 2629 271 2672 M.
299 2627 502 2671 Aurelius
530 2628 741 2671 Basileus.
1715 2665 1719 2667 c

124 2698 180 2742 50
210 2696 468 2752 Basilianus,
500 2697 743 2753 praefectus
764 2695 957 2752 Aegypti
988 2711 1025 2740 a.
1047 2696 1142 2750 218,
1175 2710 1202 2737 a
1220 2694 1415 2738 Macrino
1446 2693 1690 2751 praefectus
1719 2695 1935 2751 praetorio

211 2767 257 2808 in
280 2765 422 2807 locum
444 2764 600 2822 (leii)
622 2765 781 2807 Iuliani
802 2771 995 2819 creatus3
1028 2779 1127 2806 cum
1146 2770 1244 2820 post
1264 2763 1430 2807 cladem
1449 2763 1633 2807 Macrini
1656 2778 1712 2804 ex
1730 2762 1934 2819 Aegypto

213 2834 259 2876 in
287 2833 459 2876 Italiam
488 2833 756 2889 profugisset,
790 2833 907 2889 apud
935 2832 1222 2876 Brundisium
1250 2831 1544 2921 deprehensus
1574 2838 1617 2875 et
1640 2831 1936 2875 Nicomediam

164 2907 166 2909 ’
212 2902 368 2944 missus
398 2901 617 2957 iugulatus
649 2908 713 2944 est
740 2900 829 2944 Dio
861 2904 926 2952 78,
956 2902 1022 2944 35.
1538 2934 1540 2937 >

124 2970 176 3013 51
209 2969 423 3013 Basilides
467 2985 490 3011 e
531 2970 793 3026 primoribus
831 2969 1167 3026 Aegyptiorum,
1216 2982 1346 3025 quem
1384 2968 1679 3025 Vespasianus
1719 2982 1758 3010 a.
1799 2939 1854 3011 70
1892 2968 1937 3010 in

211 3037 370 3095 templo
412 3038 634 3095 Serapidis
674 3039 889 3095 respicere
928 3037 1012 3080 sibi
1050 3038 1173 3079 visus
1212 3043 1278 3080 est
1316 3037 1414 3079 Tac.
1453 3036 1496 3080 h.
1532 3040 1573 3088 4,
1603 3039 1684 3088 82,·
1722 3035 1936 3079 Basilides

210 3106 392 3149 libertus
423 3106 593 3150 Sueton.
627 3106 872 3161 Vespasian.
905 3109 943 3157 7,
984 3106 1062 3148 ubi
1095 3105 1239 3148 eadem
1266 3119 1335 3148 res
1364 3108 1607 3150 enarratur.
1639 3129 1692 3135 —
1722 3104 1936 3148 Basilides

157 3215 161 3216 ⁷
207 3174 382 3233 quidam
395 3173 602 3232 Καίσαρος
623 3175 893 3231 ἀπελευθερος
899 3177 1160 3229 procurator
1176 3177 1224 3217 ut
1241 3174 1409 3217 videtur
1425 3176 1683 3217 memoratur
1702 3173 1749 3216 in
1766 3172 1935 3216 'decreto

210 3242 283 3287 On.
319 3242 496 3297 Veryilii
522 3242 742 3297 Capitonis
764 3243 977 3298 praefecti
1004 3241 1191 3296 Aeyypti
1221 3256 1259 3285 a.
1289 3245 1343 3285 49
1375 3239 1496 3285 GIG
1513 3243 1639 3299 4956.

108 3312 182 3354 ,52
211 3311 447 3366 Basilides,
489 3312 688 3354 sacerdos
729 3310 917 3354 Carmeli
956 3311 1224 3367 Vespasiano
1268 3325 1308 3356 a.
1345 3310 1401 3354 69
1446 3310 1673 3367 imperium
1692 3296 1943 3365 praedixit

217 3379 316 3436 Tac.
344 3379 385 3424 h.
414 3382 459 3431 2,
492 3382 546 3423 78
568 3380 630 3434 cf.
661 3379 834 3437 Sueton.
865 3379 1115 3434 Vespasian.
1142 3381 1182 3423 5.
