2202 3730
140 315 327 354 ANNIvs
1023 310 1079 355 69
1756 313 1950 356 'ANNJv's

142 448 226 490 518
255 447 442 490 ANMVS
472 454 652 492 POLLIO
695 455 739 491 et
769 448 976 503 (Annius)
1006 449 1262 492 Vinicianus
1301 448 1414 490 filius
1455 449 1547 490 eius
1585 463 1697 490 anno
1729 450 1783 492 32
1825 448 1952 492 simul

226 517 461 559 maiestatis
490 516 694 573 postulati
725 523 835 572 sunt,
871 517 991 560 ‘clari
1012 532 1150 573 genus
1175 523 1306 574 atque
1326 517 1440 559 idem
1462 518 1640 559 summis
1671 516 1950 580 honoribus'3

225 586 301 628 sed
321 585 522 628 Tiberius
553 600 727 628 causam
755 600 904 628 eorum
933 586 1099 628 distulit
1124 586 1222 630 Tac.
1245 599 1286 628 a.
1307 589 1346 636 6,
1368 589 1407 630 9.
1450 585 1557 628 Cum
1577 599 1628 628 ex
1646 586 1786 629 verbis
1810 587 1952 629 Taciti

226 657 436 708 appareat
456 653 689 696 Pollionem
710 654 916 697 consulem
934 655 1079 708 fuisse,
1107 654 1166 697 ad
1184 669 1277 697 eum
1300 657 1490 709 spectare
1508 653 1674 696 videtur
1703 654 1772 698 VI
1783 658 1946 699 14221.
1941 669 1951 678 ·

226 722 317 764 ΙΠΙ
345 736 446 764 11011.
468 722 586 779 Sept.
607 722 791 765 Blando
807 729 849 765 et
878 722 1071 765 Pollione
1101 738 1186 767 cos
1239 722 1396 766 Consul
1423 723 1557 777 iyitur
1585 721 1787 774 suffectus
1814 737 1951 767 mense

226 790 466 844 Septembri
492 791 598 833 anni
623 791 778 833 incerti
802 791 962 834 saeculi
980 792 1121 845 primi
1146 792 1343 834 ineuntis.
1370 815 1418 821 —
1447 790 1547 834 Sive
1574 790 1685 833 idem
1713 792 1802 834 sive
1821 795 1952 877 pater

222 858 386 901 videtur
412 858 459 901 C.
489 859 659 902 Annius
689 859 828 901 Pollio
857 874 898 902 n.
929 863 1026 903 520.

139 927 223 969 519
252 933 437 969 ANNIVS
469 933 656 969 POLLIO
686 943 723 972 a.
755 929 810 970 65
850 929 1147 970 coniuratione
1175 928 1410 971 Pisoniana
1450 928 1620 971 detecta
1658 929 1703 971 in
1732 923 1950 972 Neronem

225 995 472 1038 coniurasse
501 995 695 1038 defertur
730 996 828 1040 Tac.
859 1010 898 1038 a.
929 999 993 1046 15,
1026 998 1103 1048 56;
1131 995 1363 1039 infamatus
1393 998 1532 1052 magis
1563 1012 1692 1053 quam
1723 997 1948 1040 convictus

225 1064 270 1105 in
311 1063 489 1106 exilium
528 1070 648 1106 actus
687 1070 751 1106 est
779 1063 865 1106 ibd.
898 1067 962 1114 15,
995 1067 1059 1106 71.
1116 1064 1300 1106 Maritus
1332 1065 1565 1120 Serviliae,
1597 1065 1765 1108 Barcae
1794 1067 1948 1110 Sorani

223 1131 337 1174 filiae
367 1131 453 1174 ibd.
485 1135 550 1183 16,
580 1135 648 1174 30.
707 1131 852 1174 Filius
880 1132 1044 1175 videtur
1072 1132 1212 1175 Annii
1240 1133 1450 1175 Pollionis
1478 1147 1520 1176 n.
1542 1137 1638 1178 518.

138 1201 222 1244 520
252 1206 293 1244 C.
309 1201 497 1243 ANNIVS
518 1207 713 1243 POLLIO.
744 1201 1074 1243 Monumentum
1094 1200 1347 1243 libertorum
1362 1208 1403 1243 et
1418 1201 1674 1244 libertarum
1695 1207 1738 1244 et
1758 1201 1947 1244 familiae

226 1268 274 1311 O.
315 1268 434 1312 Anni
475 1268 523 1312 O.
564 1269 593 1311 f.
655 1268 754 1312 Cor.
786 1268 994 1311 Pollionis
1026 1268 1094 1311 VI
1118 1271 1224 1312 7395
1265 1270 1419 1312 aetatis
1447 1269 1635 1325 Auyusti
1663 1271 1719 1324 cf.
1749 1284 1793 1313 n.
1824 1273 1945 1321 7398,

222 1338 300 1380 ubi
334 1337 551 1380 indicatur
587 1351 626 1379 a.
657 1341 683 1379 1
714 1352 760 1392 Ρ.
800 1337 861 1389 O„
901 1340 1158 1380 memoratur
1198 1338 1244 1379 in
1273 1341 1300 1380 t.
1332 1352 1475 1380 eorum
1515 1338 1584 1381 VI
1606 1341 1870 1381 7396-7404.
1891 1363 1949 1369 ——

223 1406 295 1449 Vel
323 1405 433 1448 idem
460 1405 627 1448 videtur
653 1409 776 1460 atque
805 1406 976 1448 Annius
1006 1405 1148 1448 Pollio
1177 1420 1217 1448 a.
1245 1409 1305 1449 32
1335 1409 1556 1448 accusatus
1586 1407 1658 1462 (cf.
1689 1421 1732 1449 n.
1753 1406 1854 1462 518)
1883 1406 1948 1449 vel

224 1478 355 1530 pater
398 1475 499 1517 eius.
572 1473 705 1517 Cuius
742 1474 859 1529 filius
904 1488 996 1516 cum
1034 1475 1273 1516 nominetur
1310 1474 1482 1517 Annius
1517 1475 1772 1518 Vinicianus
1813 1478 1854 1518 et
1901 1476 1947 1517 in

221 1544 458 1598 fraymento
498 1542 616 1586 tituli
642 1542 710 1585 VI
734 1546 842 1585 7401
882 1556 932 1585 ex
971 1542 1111 1585 eodem
1149 1546 1413 1585 monumento
1452 1543 1627 1586 Vinicia
1667 1543 1873 1598 quaedam
1916 1546 1945 1586 t.

223 1612 416 1667 posuerit
445 1609 528 1654 sibi
557 1617 600 1653 et
618 1610 762 1653 Annio
783 1611 847 1653 V.
866 1643 876 1653 .
894 1644 904 1653 .
925 1647 934 1656 .
955 1611 1127 1666 (marito
1142 1611 1219 1654 'vel
1239 1611 1361 1667 filio),
1392 1612 1485 1654 veri
1509 1611 1648 1654 simile
1678 1615 1740 1655 est
1769 1612 1952 1654 matrem

221 1680 285 1722 vel
313 1680 455 1722 aviam
483 1679 700 1722 Viniciani
728 1679 860 1734 fuisse
890 1694 910 1722 e
936 1682 1058 1734 yente
1089 1679 1269 1722 Vinicia.

137 1749 215 1791 521
249 1782 259 1792 .
277 1781 286 1791 .
308 1747 478 1791 Annius
499 1747 776 1803 Postum[us],
808 1754 1063 1804 procurator
1083 1747 1271 1803 Augusti
1301 1763 1328 1790 a
1357 1744 1658 1804 bybliothecis,
1691 1754 1947 1806 procurator

220 1817 454 1860 vicesimae
467 1817 686 1872 magister,
703 1822 958 1873 procurator
972 1816 1163 1872 Augusti
1185 1816 1255 1872 [ad
1275 1816 1507 1872 ann]onam
1523 1816 1669 1871 Ostiis,
1693 1824 1948 1874 procurator

220 1886 410 1941 Augusti
437 1886 687 1928 Pannoniae
712 1885 925 1927 inferioris
957 1888 986 1928 t.
1015 1899 1150 1940 nuper
1179 1888 1370 1939 repertus
1400 1885 1569 1928 Saldis·
1578 1886 1624 1928 in
1647 1885 1945 1928 Mauretania.

136 1956 219 1997 522
249 1953 466 2009 ANN[IVS]
489 1953 780 2008 [PV]BLICIV²S
801 1959 1116 2009 HONORATVS,
1134 1953 1399 1995 clarissimus
1415 1954 1485 1995 vir
1501 1954 1547 1996 in
1559 1954 1722 2009 fistulis
1733 1954 1946 2008 plumbeis

223 2022 400 2078 ori'yinis
420 2018 622 2065 ¹incertae
661 2022 880 2065 Lanciani
914 2022 1006 2077 syll.
1038 2036 1190 2076 aquar.
1219 2036 1261 2064 n.
1291 2025 1396 2065 506:
1436 2055 1446 2064 .
1466 2055 1475 2065 .
1493 2055 1503 2065 .
1534 2028 1639 2064 ANN
1658 2055 1824 2066 ......
1844 2029 1945 2064 LICI

221 2096 480 2133 HONORATI
512 2096 553 2133 C.
583 2097 644 2146 V.,
675 2104 718 2133 n.
738 2093 843 2134 507:
873 2123 883 2133 .
902 2123 912 2133 .
928 2097 1063 2132 BLICI
1093 2096 1334 2133 HONORAT
1351 2123 1362 2133 .
1380 2123 1390 2133 .
1409 2123 1419 2133 .
1437 2123 1447 2132 .

136 2161 219 2203 523
249 2166 294 2202 L.
320 2165 506 2201 ANNIVS
536 2165 716 2202 RAVVS.
772 2159 938 2202 Titulus
967 2160 1057 2202 eius
1081 2158 1254 2201 mutilus
1285 2158 1354 2201 VI
1370 2161 1477 2201 1339
1507 2157 1580 2214 (1),
1610 2162 1869 2201 memoratur
1898 2159 1945 2201 in

222 2228 350 2282 fastis
379 2227 600 2271 Saliorum
628 2227 688 2270 VI
718 2230 829 2270 1978
859 2226 936 2283 (2).

307 2295 447 2338 Plena
475 2296 651 2338 nomina
680 2295 844 2338 exhibet
873 2299 903 2338 t.
932 2299 975 2340 2.
1027 2328 1065 2338 ..
1083 2328 1091 2338 .
1111 2329 1120 2338 .
1138 2327 1148 2338 .
1166 2328 1176 2338 .
1207 2295 1353 2337 Ravus
1384 2298 1412 2339 t.
1443 2298 1482 2339 1.
1531 2295 1582 2338 L.
1614 2294 1657 2349 f„
1689 2294 1807 2338 tribu
1837 2293 1944 2339 Arn.

223 2369 251 2408 t.
283 2368 320 2420 1,
350 2365 553 2407 triumvir
581 2364 807 2406 monetalis
837 2379 936 2406 aere
966 2370 1144 2419 argento
1175 2378 1280 2406 auro
1309 2363 1455 2406 flando
1483 2355 1705 2418 feriundo,
1743 2368 1946 2418 quaestor

220 2433 474 2487 candidatus
494 2433 596 2489 imp.
621 2432 744 2475 Caes.
764 2432 824 2474 M.
846 2432 999 2475 Aureli
1022 2432 1248 2474 Commodi
1261 2431 1359 2488 (hoc
1377 2439 1526 2474 nomen
1546 2432 1593 2474 in
1610 2430 1756 2486 >lapide
1777 2444 1945 2473 erasum

220 2502 295 2557 est)
326 2501 536 2544 Antonini
564 2500 678 2556 Aug.
712 2501 780 2542 Pii
811 2500 980 2555 Felicis,
1012 2507 1160 2557 praet„
1195 2499 1310 2555 [cos.]
1341 2503 1370 2542 t.
1401 2503 1440 2547 1.
1472 2494 1784 2554 —'Pontifex‚
1813 2498 1944 2541 salius

222 2570 444 2613 Palatinus
462 2573 489 2614 t.
501 2573 540 2621 1,
564 2575 857 2624 exauguratus
878 2585 916 2613 a.
931 2570 1013 2612 170
1029 2573 1055 2613 t.
1069 2573 1123 2620 2;
1143 2575 1350 2625 patronus
1372 2568 1584 2611 sodalium
1596 2561 1942 2610 Herculanorum

222 2642 250 2681 t.
271 2634 314 2683 1.
346 2663 402 2669 —
434 2638 536 2681 Sine
566 2637 719 2680 idonea
749 2651 881 2680 causa
909 2637 1018 2680 idem
1039 2641 1224 2692 putatur
1251 2637 1445 2680 Anneius
1474 2637 1655 2693 Rav(us)
1684 2651 1726 2680 n.
1746 2639 1839 2680 463.

147 2732 204 2738 —
249 2713 291 2750 C.
323 2713 636 2749 CAERELLIVS
667 2713 902 2748 FVFIDIVS
933 2712 1120 2748 ANNIVS
1148 2712 1311 2748 RAVVS
1342 2711 1720 2750 POLLITTIANVS.

135 2777 219 2819 524
251 2775 333 2831 [AN
345 2775 503 2831 ?]N1VS
535 2775 798 2831 RV[FIN]VS,
830 2774 1091 2817 clarissimus
1111 2775 1192 2829 vir,
1225 2775 1300 2831 qui
1321 2773 1572 2831 Thysdrum
1593 2788 1649 2816 ex
1674 2769 1945 2828 indulgentia

218 2845 425 2901 principis
447 2850 571 2886 curat
592 2844 663 2899 (=
685 2846 858 2886 curator
881 2843 1069 2885 coloniae
1094 2838 1425 2897 Thysdritanae)
1457 2843 1580 2885 VIII
1600 2845 1654 2886 51
1685 2845 1712 2886 t.
1741 2841 1944 2896 Thysdri-

220 2916 358 2964 tanus,
378 2912 546 2955 ‘litteris
565 2912 701 2954 medio
716 2911 882 2954 saeculo
899 2912 1021 2954 tertio
1037 2925 1120 2954 non
1134 2911 1459 2966 posterioribus’
1484 2911 1724 2955 VVilmanns
1737 2910 1817 2964 qui>
1824 2908 1943 2950 vidit.

134 2982 216 3024 525
246 2980 418 3024 Annius
438 2981 632 3035 Rufinus,
666 2981 734 3022 vir
765 2981 977 3035 egregius,
1009 2985 1265 3036 procurator
1290 2985 1333 3021 et
1352 2978 1596 3035 praefectus
1618 2977 1795 3034 Alpium
1815 2977 1943 3018 mari-

173 3049 179 3053 “
217 3050 420 3092 timarum
451 3050 558 3092 XII
590 3052 643 3091 78
679 3052 706 3091 t.
738 3048 1086 3098 Ebrodunensis,
1128 3047 1246 3090 cuius
1286 3047 1406 3090 lectio
1443 3061 1529 3090 non
1567 3047 1676 3089 satis
1715 3049 1834 3089 certa
1869 3047 1942 3087 esu⁴

219 3117 384 3161 Nomen
414 3115 682 3173 imperatoris
703 3118 850 3172 per-iit,
883 3116 942 3159 ad
968 3095 1287 3159 Diocletianum
1317 3118 1347 3158 t
1375 3116 1540 3158 rettulit
1567 3114 1829 3168 Hirschfeld.

132 3187 215 3229 526
245 3186 414 3229 Annius
435 3185 586 3240 Rufus,
595 3192 868 3242 procurator
888 3184 1074 3227 Iudaeae
1098 3199 1147 3226 eo
1175 3190 1368 3240 tempore
1389 3182 1478 3240 quo
1498 3183 1724 3238 Augustus
1748 3187 1943 3224 mortuus

217 3260 283 3297 est
312 3253 446 3307 (circa
476 3269 515 3297 a.
537 3257 706 3299 12-15
726 3269 774 3309 Ρ.
803 3253 881 3309 G),
913 3253 1080 3308 Ioseph.
1113 3255 1199 3297 ant.
1232 3255 1299 3303 18,
1321 3255 1365 3304 2,
1386 3256 1433 3296 2.

132 3323 214 3366 527
244 3321 415 3365 Annius
445 3322 598 3378 Rufus,
631 3323 681 3367 L.
713 3322 755 3377 f.,
788 3321 906 3364 tribu
936 3320 1050 3375 Ouf.‚
1082 3326 1288 3377 patronus
1317 3319 1636 3363 Canusinorum
1666 3317 1746 3361 IX
1770 3320 1852 3360 340
1882 3317 1939 3370 cf.

213 3390 404 3433 Anniam
432 3389 651 3445 Rufinam.
1704 3386 1706 3388 ’
