2202 3730
123 303 425 345 CAPITOLINV
429 308 452 345 S
984 300 1067 343 303
1706 306 1929 353 CARISIVS

135 462 194 469 ·—
236 445 280 490 Q.
310 438 598 494 MAMIL(IVS)
631 444 971 482 CAPITOLINVS.

120 508 204 550 353
235 506 484 564 Capreolus,
509 518 636 564 quem
658 522 736 564 pro
758 506 934 549 Herode
956 505 1137 560 (Attico)
1163 520 1336 549 eausam
1356 506 1574 548 dicturum
1605 520 1698 547 esse
1730 507 1931 562 opinatur

204 576 367 618 Fronto
399 576 458 618 ad
486 576 553 618 M.
583 575 808 619 Caesarem
836 579 875 625 3,
908 579 935 617 4
957 589 1003 628 p.
1024 578 1079 617 43
1100 574 1168 617 N.

120 644 205 687 354
234 643 419 700 Caprius
451 650 500 686 ut
528 645 763 687 acerrimus
792 643 1008 685 latronum
1039 642 1207 684 delator
1235 650 1498 684 memoratur
1527 643 1682 688 Horat.
1713 647 1793 686 sat.
1825 648 1862 698 1,
1889 648 1928 696 4,

206 716 270 757 66.
301 715 355 754 70
377 712 478 755 'eum
507 711 633 756 schol.

119 781 202 823 355
235 787 580 833 CARACYLAEA,
617 780 764 835 stirpis
795 780 940 833 regiae
971 778 1186 834 (ἀπόγονον
1218 779 1425 835 βασιλέων,
1460 779 1658 836 θυγατέρα
1687 785 1756 837 τῆς
1787 798 1927 837 μητρο-

204 849 361 896 πόλεως
388 848 548 891 seilieet
566 847 797 902 Ancyrae),
830 846 917 901 (C.)
940 847 1039 889 Iulii
1063 847 1212 890 Severi
1244 846 1444 901 (consulis
1474 862 1513 890 a.
1536 848 1631 902 155)
1663 863 1775 890 uxor
1802 849 1929 891 hono-

202 920 305 959 rata
334 920 360 960 t.
393 917 624 971 Aneyrano
656 916 723 959 CI
723 915 765 959 G
789 919 915 958 4030.

118 986 230 1028 355a
260 985 510 1039 Caratacus,
543 986 790 1027 Britannus.
841 984 1077 1027 Caratacus
1109 983 1224 1038 apud
1250 984 1442 1026 Tacitum
1463 987 1640 1038 praeter
1661 999 1759 1028 ann.
1782 989 1852 1034 12,
1875 989 1930 1027 36

204 1057 307 1098 extr.
337 1054 414 1096 ubi
433 1053 713 1096 Catarataeus
744 1052 943 1102 traditur,
977 1051 1261 1108 Καταράτακος
1276 1052 1365 1094 Dio
1387 1050 1588 1109 (Xiphil.)
1609 1056 1676 1103 60,
1697 1056 1765 1103 20,
1800 1052 1931 1110 Καρά-

202 1139 320 1168 τακος
347 1122 546 1164 Zonaras
572 1126 636 1172 11,
664 1125 731 1172 10,
764 1120 975 1178 Καρτοίκης
1003 1124 1200 1175 excerpta
1231 1120 1441 1163 Vaticana
1467 1120 1596 1164 Dion.
1631 1122 1672 1164 V
1685 1137 1734 1175 p.
1755 1125 1835 1164 191
1867 1122 1928 1164 ed.

206 1190 420 1245 Dindorf,·
451 1190 686 1233 Caratacus
707 1193 823 1232 reeta
847 1190 988 1243 forma
1006 1190 1221 1243 probatur
1242 1189 1376 1231 titulis
1396 1191 1656 1245 nummisque
1678 1191 1730 1244 ef.
1752 1191 1927 1241 Holder,

202 1258 524 1302 Alt—Oeltiseher
553 1257 866 1313 Spraehsehatz
895 1271 927 1300 s.
958 1271 994 1300 v.

289 1326 562 1370 Cunobellini
605 1327 740 1382 filius,
783 1342 863 1368 rex
894 1326 1084 1369 Silurum
1125 1326 1180 1368 ab
1210 1326 1264 1368 A.
1299 1326 1470 1368 Plautio
1511 1328 1651 1369 vietus
1691 1335 1929 1384 captusque

205 1395 303 1438 Tae.
336 1410 376 1438 α.
407 1399 478 1447 12,
503 1399 659 1438 33-37.
690 1398 847 1446 38-40,
878 1395 918 1438 h.
938 1398 977 1445 3,
998 1398 1064 1446 45,
1096 1394 1185 1437 Dio
1217 1395 1244 1437 l.
1271 1395 1298 1440 l.

128 1489 186 1494 —
226 1470 470 1506 MANILIVS
502 1470 679 1506 CARBO.

126 1556 184 1562 ——
224 1538 266 1574 P.
297 1538 522 1574 MANLIVS
554 1537 729 1575 OARBO.

127 1625 182 1630 -
225 1607 266 1644 C.
298 1607 524 1642 PAPIRIVS
557 1606 736 1642 GARBO.

113 1669 198 1712 356
228 1668 431 1724 Carfinia,
459 1676 540 1711 ‘est
558 1668 737 1711 moecha
755 1667 953 1722 Fabulla,
987 1667 1218 1710 damnetur
1248 1670 1284 1710 si
1311 1669 1379 1710 vis
1406 1669 1535 1711 etiam
1563 1668 1764 1723 Carfinia,
1796 1668 1926 1711 talem

202 1753 288 1780 non
327 1744 468 1780 sumet
506 1738 711 1780 damnata
749 1743 909 1792 togam'
943 1737 1132 1779 Juvenal.
1163 1741 1243 1781 sat.
1275 1741 1317 1788 2,
1350 1740 1506 1787 68-70,
1546 1738 1624 1780 ubi
1659 1738 1928 1792 siqnifieatur

199 1810 398 1848 matrona
419 1806 625 1860 quaedam
655 1805 870 1860 impudica
892 1806 1046 1847 aetatis
1066 1806 1156 1859 fere
1174 1805 1430 1849 Domitiani.
1464 1805 1699 1861 Perperam
1727 1806 1930 1848 Cuiaeius

199 1878 364 1917 mutare
392 1875 535 1925 voluit,
576 1874 781 1917 Carfania
811 1888 861 1916 ex
891 1873 1079 1928 leiano
1109 1873 1273 1928 Diyest.
1304 1877 1344 1925 3,
1375 1878 1414 1925 1,
1444 1878 1483 1925 1,
1513 1877 1540 1917 5
1569 1875 1646 1917 ubi
1672 1878 1930 1917 memoratur

140 1990 152 1992 ζ
202 1942 408 1985 Carfania
447 1943 765 1999 improbissima
803 1942 984 1996 femina,
1027 1958 1138 1999 quae
1174 1942 1470 1985 inverecunde
1501 1942 1721 1999 postulans
1753 1958 1927 1985 eausam

199 2011 319 2053 dedit
358 2010 498 2053 edicto
539 2011 713 2066 (scilieet
740 2025 792 2053 ne
822 2011 1007 2064 feminae
1033 2025 1118 2065 pro
1151 2012 1249 2071 aliis
1278 2011 1590 2066 postularem&
1624 2014 1670 2052 at
1700 2012 1754 2065 ef.
1789 2011 1927 2054 Valer.

201 2079 386 2121 Maxim.
406 2081 446 2129 8,
467 2082 508 2130 3,
529 2083 572 2126 2,
818 2071 822 2074 ’

127 2171 186 2177 —
227 2154 330 2190 IMP.
363 2154 558 2190 CAESAR
587 2155 640 2190 M.
671 2154 921 2190 AVRELIVS
953 2154 1167 2190 CARINVS
1199 2154 1469 2190 AVGVSTVS.

114 2216 197 2259 357
230 2223 272 2258 P.
303 2222 542 2258 CARISIVS.
602 2216 780 2258 Nummi
814 2217 867 2258 ab
908 2231 955 2258 eo
994 2217 1085 2258 cusi
1112 2216 1328 2266 Babelon,
1372 2216 1602 2258 Monnaies
1631 2215 1680 2257 de
1711 2215 1755 2257 la
1783 2215 1927 2270 Re'pu-

201 2284 337 2338 blique
357 2284 569 2326 Romaine
588 2285 622 2326 I
635 2299 683 2339 p.
704 2287 787 2326 318
806 2298 892 2338 sqq.
925 2285 971 2326 in
993 2288 1122 2339 parte
1153 2284 1330 2326 adversa
1361 2288 1489 2338 eaput
1516 2284 1705 2338 Auyusti
1734 2284 1927 2326 exhibent

201 2366 292 2394 cum
330 2353 606 2406 inscriptione
643 2353 754 2409 Imp.
786 2351 948 2394 Caesar
974 2352 1199 2406 Augustus
1229 2352 1292 2394 vel
1323 2352 1483 2394 Caesar
1512 2352 1626 2407 Aug.
1656 2352 1926 2406 tribun(icia)

200 2421 461 2476 potest(ate),
498 2421 545 2462 in
583 2434 732 2464 aversa
762 2422 811 2464 P.
844 2420 1037 2463 Carisius
1067 2421 1272 2475 leg(atus)
1303 2436 1380 2477 pro
1410 2436 1474 2477 pr.
1500 2421 1564 2463 vel
1592 2420 1675 2475 leg.
1703 2435 1746 2462 n.
1772 2424 1845 2464 20.
1873 2423 1926 2462 30

198 2489 262 2531 vel
290 2489 374 2544 leg.
400 2489 590 2543 Augusti
621 2504 663 2532 n.
688 2493 865 2541 26-29,·
895 2490 939 2531 in
969 2490 1150 2531 nummis
1179 2504 1220 2531 n.
1242 2492 1398 2532 24-28
1417 2490 1532 2531 muri
1550 2493 1787 2543 portaeque
1805 2489 1926 2530 urbis

199 2557 418 2600 Eineritae
437 2561 822 2612 repraesentantur,
844 2559 890 2600 in
909 2559 1062 2612 quibus
1080 2559 1331 2612 inseripimn
1353 2561 1413 2600 est
1432 2559 1627 2600 Emerita
1643 2557 1707 2600 vel
1728 2557 1927 2611 Augusta

172 2668 188 2677 .
202 2626 409 2668 Emerita.
480 2626 651 2669 Similes
689 2627 851 2668 nummi
888 2627 978 2668 sine
1016 2627 1182 2669 nomine
1223 2625 1385 2681 Garisii
1422 2626 1642 2669 Emeritae
1681 2626 1774 2668 cusi
1812 2625 1928 2680 apud

198 2693 406 2748 Delqado,
440 2694 586 2737 Nuevo
612 2695 772 2737 me'todo
795 2694 844 2737 de
873 2695 1160 2750 elasifieaeion
1190 2695 1239 2738 de
1270 2695 1335 2737 las
1363 2694 1569 2736 medallas
1600 2695 1847 2736 auto'nomas
1878 2693 1927 2736 de

198 2762 381 2816 Espana
410 2763 472 2806 II
485 2778 533 2818 p.
556 2767 608 2805 10
638 2777 679 2805 n.
701 2767 759 2806 24
777 2777 862 2817 sqq.

285 2831 335 2874 P.
376 2831 568 2874 Carisius
607 2833 789 2882 nummi,
828 2833 879 2874 T.
921 2832 1115 2875 Carisius
1156 2831 1245 2874 Dio
1272 2835 1339 2883 53,
1369 2835 1447 2883 25,
1489 2836 1668 2874 ceterum
1709 2831 1926 2885 Carisius3

197 2899 284 2941 Dio
324 2913 416 2941 eum
456 2900 694 2954 confudisse
731 2900 897 2942 videtur
936 2914 1025 2943 eum
1073 2901 1118 2942 Τ.
1152 2899 1320 2943 Carisio
1358 2901 1578 2942 triumviro
1617 2899 1820 2942 monetali
1848 2900 1924 2941 sub

202 2967 246 3010 C.
277 2967 458 3010 Caesare
489 2968 694 3010 dictatore
724 2968 779 3022 ef.
800 2968 996 3011 Babelon
1018 2969 1053 3011 I
1066 2983 1115 3023 p.
1135 2971 1228 3019 318,
1261 2970 1334 3022 qui
1362 2970 1546 3023 fortasse
1574 2969 1684 3011 idem
1714 2971 1775 3011 est
1804 2971 1926 3021 atque

199 3036 250 3079 T.
283 3035 477 3079 Carisius
507 3036 559 3078 T.
590 3036 618 3078 f.
651 3036 861 3092 pr(aetor)
890 3036 1163 3090 Volear(um)
1184 3037 1292 3079 XII
1303 3039 1429 3080 1028.
1475 3037 1617 3080 Huius
1638 3039 1781 3090 potest
1810 3035 1925 3090 filius

201 3117 286 3146 esse
306 3103 358 3146 P.
380 3103 584 3147 Carisius.
606 3129 661 3134 —
682 3105 874 3159 Legatus
894 3104 1083 3159 Augusti
1114 3119 1192 3161 pro
1213 3112 1411 3161 praetore
1443 3106 1486 3146 in
1508 3103 1923 3161 Hispanianummi,

199 3186 312 3214 anno
345 3172 428 3215 729
458 3192 514 3207 =
543 3173 598 3214 25
629 3187 666 3215 a.
701 3172 749 3215 C.
789 3181 940 3215 eontra
968 3172 1151 3215 Astures
1190 3174 1407 3229 pugnavit
1446 3180 1488 3215 et
1523 3174 1732 3216 Laneiam
1772 3171 1925 3214 urbem

200 3241 316 3296 cepit
343 3239 432 3282 Dio
459 3242 525 3290 53,
557 3243 627 3291 25,
658 3241 821 3283 Florus
850 3245 894 3292 2,
920 3244 986 3292 33,
1025 3241 1201 3284 Orosius
1230 3244 1268 3291 6,
1293 3245 1363 3290 21.
1422 3242 1550 3284 Iussu
1578 3241 1769 3295 Augusti
1801 3239 1923 3282 finito

200 3307 312 3350 bello
356 3307 515 3351 milites
559 3316 789 3351 veteranos
829 3310 875 3351 in
915 3309 1158 3364 Augustam
1200 3309 1451 3357 Emeritam>
1481 3309 1695 3352 coloniam
1740 3309 1924 3351 deduxit

199 3376 371 3427 nummi,
401 3375 490 3418 Dio
518 3379 585 3429 53,
614 3380 672 3434 26
699 3377 751 3432 cf.
775 3376 874 3420 CIL
903 3377 965 3420 II
978 3392 1025 3432 p.
1048 3380 1120 3420 52.
1171 3376 1284 3421 Cum
1313 3392 1427 3420 anno
1458 3379 1542 3422 732
1572 3398 1628 3414 =-
1657 3379 1712 3421 22
1741 3376 1923 3420 Astures
