2202 3730
242 297 418 335 CRINAS
1097 291 1180 333 482
1782 298 2037 336 CRISPINVS

325 430 623 483 epigrammate
661 428 797 482 filium
827 427 964 469 Drusi
1002 426 1305 476 intellexerunt,
1345 440 1506 469 neeesse
1542 430 1602 469 est
1633 429 1845 482 pertinere
1885 429 1942 471 acl
1970 444 2038 472 εω-

321 496 556 550 peditiones
587 510 626 537 a.
657 498 778 537 15s16
799 510 847 549 p.
877 494 923 536 O.
981 493 1119 536 Prout
1149 495 1318 547 quisque
1347 494 1496 536 borum
1524 495 1588 537 vel
1607 496 1806 549 priorum
1835 497 2035 539 iudicium

323 564 538 617 probabit,
571 564 634 604 ita
656 562 910 604 Mommseni
938 563 1164 604 sententiae
1186 562 1269 617 (die
1297 562 1569 605 Oertliebkeit
1589 563 1662 605 der
1682 563 2040 607 Varus-Sehlaekt

319 645 367 684 p.
390 635 446 673 62
466 630 567 686 sqq.)
601 631 850 672 assentietur
871 633 946 672 aut
969 630 1263 683 refrayabitur
1284 631 1413 684 epiyr.
1437 634 1474 684 9,
1498 634 1581 674 291
1612 631 1669 673 ael
1698 632 1858 674 cladem
1887 632 2039 675 Varia-

322 713 420 740 nam
446 700 676 752 referentis.
717 699 994 752 Quamquam
1013 701 1062 740 ut
1079 712 1125 740 re
1143 712 1244 740 vera
1271 698 1533 753 Crinayoras
1559 699 1617 741 ad
1634 700 1856 754 imperium
1881 700 2043 743 Tiberii

325 766 553 816 advixerit,
585 768 713 809 verba
743 768 831 808 eius
862 767 1178 821 epiyrammatis
1207 768 1348 820 aptius
1378 767 1436 809 ael
1462 766 1709 810 Germanioi
1737 768 2039 822 expeditionem

324 848 363 875 a.
384 837 437 875 16
449 849 496 888 p.
516 834 562 877 G.
583 835 804 888 referenda
824 848 909 876 esse
934 835 1026 876 iure
1050 834 1306 876 Rubensobn
1321 849 1370 888 Ρ.
1392 838 1449 877 21
1471 836 1708 877 observasse
1732 836 1838 878 mihi
1860 837 2037 879 videtur.

322 902 459 955 Atque
492 902 724 945 Mommsen
765 917 816 945 ea
856 903 1069 952 earmina,
1109 917 1214 956 quae
1254 903 1312 944 acl
1342 902 1643 945 Germanicum
1671 903 1810 946 Drusi
1838 905 1974 959 fllium
2001 908 2041 947 et

323 970 381 1011 ad
410 970 569 1012 cladem
599 970 833 1012 Varianam
862 970 1094 1020 rettulerat,
1128 971 1254 1013 aliter
1275 984 1401 1024 posse
1432 971 1640 1025 explicari
1667 973 1756 1026 iyose
1775 976 1928 1026 postea
1956 987 2041 1015 non

321 1039 488 1091 neyavit
517 1039 772 1093 (Siteunysb.
794 1053 842 1092 Ρ.
865 1038 976 1093 981).
998 1063 1053 1068 ——
1082 1038 1269 1093 Augusti
1300 1038 1450 1080 laudes
1482 1039 1748 1095 praedicavit
1778 1039 2038 1095 Crinagoras

326 1106 454 1159 epiyr.
478 1110 515 1161 9,
538 1110 634 1150 291.
653 1110 745 1149 419.
768 1109 864 1157 562,
887 1107 941 1148 ad
962 1106 1028 1160 (C.
1054 1106 1323 1161 Sallustium)
1347 1106 1549 1163 Crispum
1571 1108 1709 1161 (infra
1729 1108 1766 1150 S
1783 1108 1851 1163 61)
1871 1109 2043 1165 scripsit

325 1174 452 1228 (qoiyr.
475 1179 538 1225 16,
560 1179 624 1217 40.
671 1174 926 1217 Parthenius
960 1174 1087 1230 poeta
1113 1174 1275 1217 librum
1306 1176 1344 1217 ei
1376 1175 1593 1216 dedicavit
1623 1177 1878 1231 inscriptum
1899 1175 2040 1233 Κρινα-

322 1242 441 1298 γόρας
462 1243 514 1295 ef.
537 1242 676 1296 Etym.
697 1242 847 1296 Maon.
870 1256 900 1284 s.
925 1257 961 1284 v.
984 1243 1118 1298 ἅρπυς.
1153 1243 1421 1285 Memoratur
1442 1243 1573 1297 epiyr.
1597 1243 1796 1297 Philippi
1814 1247 1851 1294 4,
1868 1243 1911 1294 2,
1928 1246 1967 1286 8.
1987 1268 2038 1273 -

324 1309 529 1351 Poemata
559 1310 721 1364 eolleyit
749 1310 1017 1360 Rubensohn,
1052 1310 1312 1364 Crinayorae
1343 1310 1593 1365 Mytilinaei
1619 1312 1937 1365 epiyrasmmata.

241 1378 346 1419 1291
382 1377 548 1432 Crinas,
577 1378 867 1432 Massiliensis,
896 1378 1089 1420 medicus
1117 1378 1421 1420 celeberrimus
1443 1386 1582 1421 aetate
1604 1379 1800 1430 Neronis,
1823 1381 1898 1436 qui
1917 1386 1994 1422 HS.
2016 1388 2043 1426 C

326 1445 499 1501 reliquit
536 1447 671 1488 muris
710 1447 876 1502 patriae
915 1446 1231 1503 moenibusque
1270 1447 1364 1488 aliis
1398 1462 1535 1502 paene
1564 1461 1651 1489 non
1681 1448 1845 1494 minore
1875 1463 2043 1490 summa

325 1516 533 1556 extructis
565 1514 682 1557 Plin.
714 1529 755 1557 n.
786 1515 824 1556 h.
855 1518 925 1565 29,
954 1518 992 1557 9.

267 1607 323 1611 —
352 1589 527 1624 VLPIVS
561 1589 802 1627 GRINITVS.

245 1650 349 1692 1292
381 1656 621 1705 CRISPINA,
653 1651 704 1695 T.
727 1651 846 1693 Vinii
878 1650 966 1693 filia
987 1666 1142 1706 corpus
1169 1652 1304 1707 patris
1332 1653 1460 1693 occisi
1482 1667 1519 1696 a.
1543 1653 1597 1694 69
1618 1652 1859 1708 composuit
1883 1652 1980 1696 Tae.
2002 1652 2042 1696 h.

326 1722 364 1768 1,
386 1722 452 1768 47,
485 1718 708 1760 Plutarch.
733 1718 877 1761 Galba
909 1722 987 1770 28,·
1017 1719 1150 1760 vidua
1183 1720 1280 1763 Tae.
1309 1719 1350 1762 h.
1377 1723 1415 1770 1,
1442 1723 1507 1770 13,
1540 1720 1764 1764 Plutarch.
1794 1719 1939 1762 Galba
1968 1724 2044 1772 17;

327 1801 352 1827 a
382 1786 595 1840 Tigellino
627 1794 799 1829 servata
835 1788 933 1829 Tae.
964 1788 1004 1829 h.
1036 1791 1073 1841 1,
1108 1791 1177 1830 72.

269 1879 325 1883 —
354 1860 523 1896 ASINIA
555 1861 796 1897 CRISPINA.

270 1947 325 1952 --
356 1924 607 1977 (BRVTTIA)
640 1929 870 1965 CRISPINA
899 1943 952 1958 z
986 1929 1216 1965 CRISPINA
1245 1929 1489 1965 AVGVSTA.

269 2015 325 2020 —-
354 1997 504 2032 LVCIA
535 1997 761 2033 LORENIA
793 1997 1045 2034 CORNELIA
1077 1998 1316 2034 CRISPINA.

269 2084 325 2088 —
355 2066 510 2102 NOVIA
540 2066 782 2103 CRISPINA.

267 2152 321 2157 -
355 2127 607 2182 [VAL]ERIA
638 2129 861 2184 MAR[OIA]
893 2136 1130 2171 HOSTILIA
1164 2135 1394 2171 CRISPINA
1426 2136 1619 2172 MOECIA
1651 2136 1916 2174 GORNELIA.

270 2220 326 2225 ——
356 2202 395 2237 G.
447 2202 790 2239 PRAECELLIVS
848 2204 1134 2240 AVGVRINVS
1185 2204 1396 2239 VETTIVS
1455 2205 1641 2240 FESTVS
1692 2205 2040 2240 CRISPINIANVS

327 2271 489 2306 VIBIVS
520 2271 683 2307 VERVS
717 2272 999 2310 CASSIANVS.

246 2333 353 2375 1293
384 2339 710 2388 CRISPINILLA,
743 2341 882 2376 mater
901 2334 949 2376 C.
967 2334 1130 2377 Valerii
1153 2334 1404 2377 Terentiani
1430 2335 1655 2377 clarissimi
1689 2335 1802 2390 [viri]
1833 2336 1922 2378 ΙΙΙ
1933 2338 2042 2378 1989

327 2403 354 2444 t.
387 2400 679 2443 Salonitanus.

268 2493 323 2497 -—
356 2474 538 2510 CALVIA
570 2475 898 2512 CRISPINILLA.

268 2561 324 2566 —
354 2542 546 2578 MARCIA
578 2538 938 2593 CRISP[1N1LL]A.

244 2606 353 2647 1294
384 2604 432 2647 C.
465 2604 706 2661 Crispinius
738 2606 927 2662 Hilarus,
961 2621 1017 2649 ex
1048 2608 1236 2662 ingenua
1266 2607 1391 2663 plebe
1420 2607 1664 2650 Faesulana
1693 2614 1833 2650 aetate
1853 2607 2039 2663 Augusti

325 2672 444 2729 prole
474 2674 654 2727 insignis
684 2674 802 2717 Plin.
834 2689 875 2718 n.
906 2675 946 2717 h.
979 2679 1016 2726 7,
1048 2679 1114 2718 60.

247 2742 352 2783 1295
385 2747 651 2795 CRISPINVS,
675 2742 911 2785 consularis
933 2759 971 2786 a.
993 2744 1075 2786 238
1097 2743 1341 2800 Aquileiam
1356 2754 1359 2757 ’
1373 2751 1522 2786 eontra
1542 2744 1829 2786 Maximinum
1849 2743 2043 2786 defendit

326 2809 559 2852 Herodian.
582 2812 620 2859 8,
647 2813 689 2860 2,
715 2814 763 2862 5,·
793 2814 831 2862 8,
859 2815 899 2862 3,
924 2816 962 2854 4.
986 2815 1023 2862 7,
1056 2812 1152 2854 inde
1180 2813 1251 2856 vit.
1275 2813 1513 2854 Maximini
1530 2816 1600 2856 21.
1621 2815 1685 2856 22
1704 2815 1743 2855 et
1761 2813 1833 2855 vit.
1854 2812 2044 2855 Maximi

328 2881 366 2919 et
393 2877 575 2919 Balbini
603 2881 670 2920 12.

244 2946 352 2987 1296
384 2944 620 3001 Crispinus,
645 2948 850 3001 centurio,
873 2949 947 3004 qui
979 2949 1188 3003 sanguine
1219 2950 1371 2991 Fontei
1401 2948 1624 3004 Capitonis
1655 2963 1701 2990 se
1724 2955 2038 3003 cruentaverat,

327 3029 351 3055 a
385 3012 557 3055 Vitellio
597 3028 709 3055 anno
750 3016 804 3057 69
844 3016 1053 3059 militibus
1098 3023 1146 3060 ut
1189 3017 1407 3073 piaculum
1452 3017 1643 3060 obiectus
1685 3023 1728 3059 et
1767 3018 1932 3059 occisus
1978 3024 2041 3059 est

333 3081 430 3124 Tae.
461 3081 500 3122 h.
532 3085 571 3132 1,
600 3084 666 3125 58.

247 3149 352 3191 1297
385 3148 621 3205 CrispinUS,
659 3157 772 3191 ‘cum
808 3166 906 3207 pars
936 3153 1129 3194 Niliacae
1159 3152 1308 3208 plebis,
1342 3168 1439 3195 cum
1471 3168 1606 3195 verna
1625 3152 1791 3209 Canopi
1814 3152 2039 3209 Crispinus

328 3218 484 3272 Tyrias
512 3232 658 3259 umero
687 3227 915 3262 revocante
945 3220 1138 3263 lacernas
1163 3221 1343 3264 ventilet
1370 3222 1583 3263 aestivum
1610 3221 1754 3275 digitis
1785 3220 2040 3262 sudantibus

328 3300 480 3327 aurum
524 3300 603 3327 nec
649 3286 828 3328 sufferre
869 3296 1000 3344 queat
1041 3290 1215 3331 maioris
1260 3289 1452 3345 pondera
1494 3303 1708 3344 gemmae,
1756 3288 1930 3330 difficile
1976 3294 2041 3330 est

328 3360 517 3395 saturam
539 3368 622 3394 non
645 3354 847 3396 seribere‘
867 3356 1055 3399 Juvenal.
1077 3360 1116 3408 1,
1137 3360 1295 3400 26-30.
1332 3358 1384 3399 In
1406 3372 1502 3400 eum
1524 3357 1746 3399 invehitur
1765 3357 1822 3399 id.
1843 3360 1881 3408 4,
1904 3358 2041 3398 1-33:
