2202 3730
139 291 419 328 CORNELIVS
709 296 717 304 '
999 285 1079 328 441
1659 290 1940 327 CORNELIVS

222 422 300 464 741
324 442 381 457 =
402 423 455 465 13
486 437 524 467 a.
553 422 601 465 C.
632 422 848 464 theatrum
878 422 1040 464 Romae
1070 422 1287 464 dedicavit
1318 421 1576 478 spectaculis
1607 420 1733 464 editis
1763 428 1806 463 et
1835 427 1939 463 tunc

223 491 267 532 in
298 490 504 532 honorem
526 490 682 533 theatri
703 491 905 534 Tiberius
928 505 1024 533 eum
1055 492 1241 546 primum
1271 492 1316 532 in
1347 496 1499 532 senatu
1529 490 1786 532 sententiam
1815 503 1939 544 roga-

220 560 283 602 vit
302 558 391 601 Dio
408 562 475 610 54,
496 562 554 602 25
563 572 577 610 ,⁰
608 558 823 601 theatrum
843 558 972 600 Balbi
992 565 1256 600 memoratur
1276 558 1446 601 Sueten.
1463 557 1643 613 Auyust.
1665 560 1736 609 29,
1774 558 1872 601 Tac.
1896 573 1937 601 a.

220 631 260 678 3,
285 631 353 677 72,
384 627 502 671 Plin.
522 642 564 669 n.
586 627 624 671 h.
646 630 712 678 36,
736 630 800 682 60,
832 626 920 669 Dio
942 630 1005 681 66,
1028 630 1110 678 24,-
1141 626 1312 669 Notitia
1340 627 1497 682 reqion.
1527 627 1620 669 urb.
1651 626 1740 681 IX,
1773 626 1938 670 Curios.

218 696 376 750 reyion.
398 696 499 747 IX;
527 710 628 738 num
657 702 812 752 crypta
832 695 959 738 Balbi
990 709 1097 749 quae
1125 694 1279 737 ibidem
1307 696 1353 736 in
1380 696 1547 750 reyione
1566 695 1647 738 IX
1669 700 1936 751 memoratur,

221 763 280 805 ad
310 763 518 806 theatrum
547 764 783 818 pertineat,
817 764 1020 806 incertum
1051 766 1121 805 est.
1159 787 1212 792 —
1248 762 1393 805 Potest
1433 763 1542 805 idem
1582 778 1674 806 esse
1713 763 1939 807 Cornelius

219 830 405 887 Balbus,
447 834 521 888 qui
553 833 607 874 de
637 832 891 888 Hymenaeo
923 833 1080 874 citatur
1107 831 1224 875 Serv.
1253 831 1371 885 Very.
1392 831 1499 873 Aen.
1525 835 1565 882 4,
1594 835 1691 886 127,
1724 831 1778 874 de
1810 832 1939 875 rebus

219 902 351 942 sacris
382 901 619 958 ἐξηγητικῶν
650 900 760 942 libro
792 907 945 942 octavo
974 900 1139 942 decimo
1167 899 1363 942 Macrob.
1385 903 1464 943 sat.
1486 903 1526 950 3,
1550 903 1588 950 6,
1612 903 1677 944 16.

304 968 377 1010 Ex
407 969 592 1022 posteris
632 969 722 1010 eius
761 968 926 1010 videtur
963 968 1014 1012 L.
1047 966 1272 1010 Cornelius
1312 967 1364 1010 L.
1404 966 1433 1009 f.
1474 967 1591 1009 tribu
1633 967 1735 1009 Pob.
1775 967 1938 1012 Balbus

218 1035 459 1091 Norbanus,
492 1037 561 1079 cui
581 1037 749 1091 positus
778 1040 839 1078 est
868 1036 910 1079 V
927 1038 1034 1078 3575
1061 1040 1089 1077 t.
1122 1035 1384 1078 Veronensis.

137 1104 246 1146 1074
277 1104 505 1147 Cornelius
535 1104 742 1159 Bocchus,
775 1111 926 1163 auctor
955 1103 1087 1147 Plinii
1118 1103 1237 1146 Plin.
1261 1117 1304 1145 n.
1331 1103 1371 1145 h.
1398 1102 1486 1146 ind.
1514 1103 1540 1145 l.
1571 1107 1637 1147 16.
1666 1107 1736 1147 33.
1769 1107 1836 1148 34.
1864 1109 1940 1158 37,-

220 1173 379 1215 citatur
401 1173 455 1215 de
486 1172 615 1215 rebus
636 1174 876 1230 Hispaniae
896 1172 982 1215 ibd.
1004 1175 1069 1222 16,
1091 1175 1201 1223 216;
1229 1174 1295 1222 37,
1318 1175 1388 1215 24.
1408 1174 1474 1215 97.
1495 1175 1592 1215 127.
1638 1172 1758 1215 Idem
1776 1173 1940 1216 videtur

219 1241 429 1296 Bocchus,
462 1257 518 1283 ex
537 1256 622 1298 quo
643 1241 947 1296 chronologica
969 1240 1183 1297 quaedam
1209 1239 1355 1282 hausit
1376 1239 1550 1283 Solinus
1568 1244 1608 1291 1,
1626 1244 1681 1283 97
1690 1255 1703 1293 ;
1722 1246 1766 1292 2,
1782 1245 1848 1285 11.
1870 1246 1938 1286 18.

218 1308 284 1364 Of.
314 1323 357 1352 n.
381 1312 502 1352 1075.
727 1361 730 1363 ,

134 1378 243 1421 1075
274 1378 325 1422 L.
349 1377 576 1421 Cornelius
596 1377 807 1420 Bocchus.
858 1377 992 1420 Tituli
1021 1377 1062 1419 ei
1079 1377 1216 1431 positi
1239 1379 1338 1418 sunt
1356 1376 1560 1419 Lusitani
1577 1377 1639 1420 II
1648 1380 1702 1421 35
1723 1379 1783 1434 (1)
1810 1379 1939 1423 Sala-

219 1447 381 1498 ciensis,
413 1447 475 1489 II
497 1447 544 1490 S.
574 1449 683 1489 5184
708 1446 769 1501 (2)
801 1443 1149 1500 Caetobriyensis.
1174 1468 1224 1474 ——
1257 1445 1308 1488 L.
1341 1444 1568 1488 Cornelius
1600 1445 1649 1491 C.
1681 1446 1709 1489 f.
1741 1447 1940 1492 Bocchus

218 1519 246 1560 t.
277 1519 325 1567 1,
368 1515 433 1570 [L.
466 1514 710 1570 C]0rnelius
743 1514 791 1557 C.
823 1515 853 1559 f.
885 1514 1092 1569 (traditur
1121 1514 1173 1556 L.
1205 1513 1254 1567 f.)
1283 1513 1483 1556 Bocchus
1513 1517 1541 1556 t.
1572 1518 1628 1566 2‚·
1656 1514 1813 1558 flamen
1843 1531 1939 1573 pro-

214 1585 383 1626 vinciae
423 1584 720 1638 (Lusitaniae),
760 1583 962 1626 tribunus
1004 1582 1188 1624 militum
1218 1585 1246 1626 t.
1274 1585 1313 1624 1.
1345 1584 1376 1624 2
1404 1582 1586 1637 legionis
1615 1584 1684 1626 III
1714 1584 1939 1640 Augustae

218 1655 246 1694 t.
266 1656 311 1695 2.
337 1677 390 1682 -
423 1651 495 1694 Vel
522 1651 634 1694 idem
663 1653 786 1705 atque
807 1654 954 1693 auctor
973 1650 1117 1693 Plinii
1139 1649 1204 1691 vel
1223 1650 1451 1704 parentela
1481 1664 1573 1692 cum
1604 1665 1651 1693 eo
1681 1654 1938 1703 coniunctus,

132 1720 243 1762 1076
273 1726 317 1762 G.
358 1720 657 1775 C(ORNELIVS
669 1719 711 1774 P)
755 1726 892 1762 CALP.
932 1723 1170 1772 RVFINVS',
1219 1719 1288 1759 vir
1329 1718 1591 1761 clarissimus
1630 1720 1692 1762 II
1723 1724 1837 1766 2395
1849 1724 1942 1766 α-ιί

220 1792 247 1831 t.
278 1788 526 1844 interpolati
554 1792 593 1831 et
623 1789 812 1831 lectionis
842 1788 1008 1832 dubiae.

135 1858 242 1900 1077
275 1856 501 1900 Cornelius
523 1856 807 1913 Capitolinus,
834 1871 980 1899 rerum
1012 1856 1198 1912 scriptor
1224 1855 1279 1897 de
1299 1854 1494 1898 Zenobia
1523 1855 1727 1900 laudatur
1746 1858 1817 1903 vit.
1841 1859 1937 1913 triy.

218 1929 297 1980 tyr.
317 1928 383 1976 15,
405 1929 446 1968 8.

132 1995 244 2037 1078
274 1994 328 2038 Α.
352 1993 578 2037 Cornelius
601 1993 767 2037 Celsus.
814 1993 888 2036 Sic
910 1992 1037 2047 plene
1066 1993 1112 2034 in
1141 1993 1488 2047 inscriptionibus
1518 1993 1723 2036 librorum
1744 1995 1793 2037 de
1812 1995 1941 2038 medi-

219 2063 329 2113 cina,
361 2062 588 2106 Cornelius
610 2062 761 2105 Celsus
790 2062 876 2104 sive
896 2060 1049 2104 Celsus
1070 2061 1188 2116 apud
1211 2063 1448 2116 scriptores.
1496 2062 1744 2105 Cornelium
1765 2063 1941 2107 Celsum

219 2138 262 2173 et
299 2130 462 2173 Iulium
502 2131 695 2173 Atticum
739 2136 935 2173 auctores
982 2131 1135 2172 aetatis
1180 2145 1285 2173 suae
1324 2130 1428 2172 dicit
1464 2130 1696 2174 Columella
1724 2136 1761 2186 1,
1793 2136 1832 2184 1,
1865 2136 1941 2185 14;

219 2202 258 2250 3,
290 2203 356 2250 17,
387 2203 438 2251 4,·
466 2203 504 2250 4,
534 2202 574 2250 8,
607 2203 658 2251 1;
688 2198 860 2254 (Iulius)
883 2198 1124 2241 Graecinus
1156 2198 1250 2254 (qui
1280 2214 1307 2240 a
1337 2198 1536 2253 Caligula
1566 2200 1848 2257 interemptus
1879 2208 1944 2244 est

225 2267 324 2310 Tac.
344 2267 551 2323 Aqricola
569 2269 614 2322 4)
634 2266 810 2310 Celsum
830 2267 1102 2322 transcripsit
1120 2266 1240 2309 Plin.
1261 2281 1302 2309 n.
1324 2266 1364 2308 h.
1386 2270 1452 2318 14,
1472 2271 1536 2322 33,
1562 2268 1720 2311 scilicet
1741 2269 1873 2312 libros
1893 2270 1942 2313 de

219 2336 485 2390 agricultura
522 2336 730 2390 confectos
769 2338 877 2378 certe
917 2338 1054 2377 aetate
1090 2335 1262 2377 Tiberii.
1324 2334 1416 2378 Sub
1451 2336 1623 2378 Nerone
1654 2335 1788 2389 (circa
1817 2353 1857 2381 a.
1890 2342 1942 2381 61

219 2404 283 2446 vel
302 2407 471 2463 postea)
501 2404 662 2447 librum
688 2403 952 2458 singularem
974 2403 1028 2445 de
1058 2404 1224 2445 ratione
1254 2402 1357 2445 belli
1379 2410 1529 2446 contra
1548 2405 1733 2448 Parthos
1762 2407 1942 2461 gerendi

222 2473 394 2528 scripsit
421 2487 456 2516 v.
489 2473 624 2527 infra.
685 2471 914 2515 Cornelius
946 2471 1110 2526 Celsus,
1142 2471 1348 2513 mediocri
1378 2473 1447 2514 vir
1476 2473 1662 2527 ingenio,
1687 2489 1773 2517 non
1804 2475 1942 2518 solum

223 2541 277 2583 de
307 2541 374 2583 his
405 2541 604 2583 omnibus
635 2541 889 2597 conscripsit
918 2540 1084 2582 artibus
1116 2539 1292 2595 (scilicet
1310 2554 1417 2594 quae
1443 2540 1501 2583 ad
1520 2541 1794 2597 pbilosqohos
1820 2547 1944 2597 atque

224 2613 412 2652 oratores
431 2609 676 2665 pertinent),
708 2609 784 2651 sed
814 2608 998 2665 amplius
1028 2609 1090 2650 rei
1120 2607 1318 2651 militaris
1346 2615 1388 2651 et
1417 2610 1603 2652 rusticae
1634 2617 1676 2653 et
1705 2611 1944 2654 medicinae

222 2684 454 2734 praecepta
483 2677 682 2735 reliquit,
725 2678 883 2732 dignus
913 2677 983 2719 vel
1012 2678 1106 2733 ipso
1138 2678 1379 2733 proposito,
1422 2684 1471 2720 ut
1508 2693 1608 2720 eum
1638 2680 1770 2721 scisse
1800 2683 1945 2723 omnia

224 2746 296 2788 illa
326 2746 552 2789 credamus
577 2746 752 2800 Quintil.
774 2747 874 2789 inst.
893 2749 964 2796 12,
986 2749 1052 2796 11,
1075 2749 1145 2788 24.
1209 2745 1307 2787 Non
1338 2745 1475 2788 solum
1502 2746 1834 2803 agricolationis,
1868 2749 1944 2791 sed

225 2815 452 2857 universae
491 2821 673 2857 naturae
712 2814 905 2870 prudens
943 2815 1013 2855 vir
1052 2813 1137 2856 Col.
1167 2816 1211 2864 2,
1240 2816 1284 2864 2,
1315 2816 1382 2856 15.
1444 2814 1596 2858 Celsus
1627 2815 1759 2858 libros
1790 2832 1889 2859 suos
1920 2833 1946 2859 a

224 2884 434 2925 varietate
464 2898 606 2925 rerum
637 2889 774 2925 cestos
803 2883 980 2924 vocavit
1008 2881 1133 2924 schol.
1165 2881 1312 2924 Plaut.
1343 2882 1501 2926 Bacch.
1526 2887 1594 2926 69.
1633 2884 1806 2927 Artium
1836 2884 1946 2928 liber

224 2957 372 2994 sextus
415 2952 462 2993 in
505 2951 628 2994 libris
668 2965 799 2993 manu
839 2950 1010 3004 scri-ptis
1045 2951 1215 3004 primus
1254 2950 1303 2992 de
1339 2951 1550 2994 medicina
1587 2952 1848 2996 inscribitur.
1890 2978 1945 2984 —-

226 3019 488 3074 Sinyillatim
516 3022 823 3061 memorantur:

311 3088 350 3142 I)
391 3087 515 3129 Libri
553 3088 745 3143 quinque
784 3087 838 3129 de
877 3101 922 3128 re
962 3086 1124 3128 rustica
1166 3085 1245 3128 sub
1284 3086 1459 3130 Tiberio
1499 3088 1683 3131 confecti
1722 3103 1759 3132 v.
1799 3102 1943 3143 supra,

227 3155 386 3212 quibus
407 3162 543 3197 totum
563 3170 718 3211 corpus
739 3154 992 3211 disciplinae
1014 3153 1262 3210 complexus
1284 3162 1347 3197 est
1368 3155 1456 3198 Col.
1478 3160 1518 3207 1,
1539 3160 1578 3207 1,
1599 3161 1653 3199 14
1673 3157 1728 3211 cf.
1748 3160 1787 3208 3,
1809 3161 1875 3208 17,
1895 3161 1947 3209 4;

227 3228 266 3274 4,
285 3227 326 3274 8,
347 3227 396 3275 1,·
423 3227 463 3273 4,
485 3227 552 3274 10,
575 3227 625 3275 1,·
654 3227 694 3274 9,
715 3227 758 3273 2,
781 3227 830 3274 1,·
870 3223 1057 3265 citantur
1087 3223 1254 3276 passim
1292 3224 1408 3278 apud
1442 3224 1717 3268 Columellam
1759 3229 1799 3268 et
1833 3225 1946 3268 Gar-

225 3291 377 3346 9ilium
408 3291 683 3342 Martialem,·
720 3290 895 3334 Plinius
924 3292 980 3333 iis
1008 3304 1109 3333 usus
1139 3293 1200 3332 est
1227 3305 1269 3334 n.
1298 3291 1339 3335 h.
1369 3293 1456 3337 ind.
1488 3293 1515 3336 l.
1548 3297 1586 3336 7.
1615 3297 1656 3336 8.
1686 3297 1752 3337 10.
1783 3298 1849 3337 11.
1880 3298 1946 3337 14.

229 3363 296 3403 15.
325 3363 483 3403 17—20.
513 3363 589 3410 31,
629 3359 781 3402 laudat
806 3374 849 3403 n.
879 3360 919 3401 h.
948 3363 1014 3410 10,
1048 3362 1150 3410 150,·
1188 3362 1261 3410 20,
1288 3364 1370 3412 20,·
1408 3365 1480 3413 21,
1510 3365 1614 3414 176;
1652 3366 1723 3412 27,
1756 3366 1852 3406 132.
1888 3387 1946 3392 -
