2202 3730
99 294 346 333 CLAVDIVS
955 288 1039 331 395
1656 290 1903 328 CLAVDIVS

183 425 371 469 Pulcher
398 440 578 482 procos„
607 427 655 468 in
685 439 835 468 aversa
866 425 914 470 C.
946 425 1122 469 Cassius
1154 424 1203 467 C.
1234 423 1262 466 f.
1293 425 1411 467 Hvir
1440 436 1490 468 c.
1512 457 1549 466 ..
1580 435 1663 466 Dm.
1694 434 1728 465 s.
1756 434 1792 465 c.
1821 433 1857 465 c.
1882 434 1908 463 R

142 541 146 544 ,
182 494 561 549 Imhoof-Blumer,
586 495 816 537 Monnaies
831 507 1029 549 qrecques
1040 509 1088 548 p.
1109 496 1193 536 231
1214 507 1256 536 n.
1272 496 1339 536 17.
1387 493 1507 535 Idem
1527 492 1676 534 duovir
1695 491 1909 533 invenitur

185 564 232 606 in
259 563 440 606 nummis
467 577 510 604 n.
536 565 590 605 15
620 565 660 604 et
687 565 741 604 16
771 563 881 604 cusis
911 576 1022 604 anno
1053 565 1141 604 727
1168 581 1224 595 =
1253 564 1315 604 27
1343 575 1382 603 a.
1411 561 1472 611 C.,
1511 561 1558 602 in
1585 573 1762 614 quorum
1791 562 1906 600 utro-

183 646 260 686 que
280 635 382 686 post
399 631 515 673 IIvir
537 630 700 672 litterae
721 633 867 672 extant
887 642 923 673 c.
944 642 971 672 Ι.
994 641 1030 674 c.
1052 643 1090 672 F.
1112 641 1148 672 c.
1171 629 1254 683 (vel
1273 629 1343 684 e.).
1395 630 1582 682 Quartus
1603 628 1728 670 huius
1744 629 1910 682 qeneris

180 713 376 742 nummus
415 702 476 741 est
513 700 558 741 in
594 711 736 740 museo
764 697 1035 740 Berolinensi
1068 701 1248 740 ceterum
1277 697 1429 739 similis
1456 711 1624 739 nummo
1656 698 1708 738 15
1738 696 1791 738 ab
1823 695 1910 737 Im-

181 768 319 823 hoofio
350 767 556 821 descripto
593 770 633 808 et
669 767 716 808 in
758 765 936 808 adversa
970 767 1199 820 inscriptus
1228 766 1336 821 Imp.
1369 765 1493 809 Caes.
1526 797 1649 807 .....
1680 763 1908 819 [A]ugusto

182 851 268 881 cos,
289 836 389 890 VII,
420 835 494 877 sed
522 835 599 888 qui
625 835 672 876 in
702 848 852 876 aversa
885 834 1050 876 exhibet
1079 833 1129 877 C.
1153 833 1327 876 Cassius
1359 833 1408 876 C.
1440 833 1468 875 f.
1500 834 1616 875 IIvir
1643 865 1652 874 .
1672 865 1681 875 .
1712 831 1910 888 Agrippa

182 919 267 948 cos.
299 905 367 946 III
396 915 477 946 DIF.
510 915 544 945 S.
575 914 611 945 c.
642 914 678 946 c.
709 915 770 956 R„
811 903 889 945 ubi
927 904 968 945 si
1007 903 1174 944 omnino
1215 902 1380 944 litterae
1419 900 1626 955 quaedam
1660 903 1757 954 post
1794 900 1911 942 IIvir

177 973 413 1027 perierunt,
434 971 481 1013 id
498 970 609 1024 quod
626 985 711 1013 non
727 972 819 1021 iam
834 974 943 1013 certe
951 972 1226 1025 perspicitur,
1245 970 1425 1011 duarum
1446 983 1651 1011 summum
1673 968 1911 1011 litterarum

182 1041 283 1096 (non
311 1042 491 1094 quinque
527 1042 577 1081 ut
612 1040 658 1081 in
693 1053 862 1081 nummo
893 1038 962 1093 15)
1001 1040 1186 1092 spatium
1217 1041 1288 1079 est.
1352 1037 1557 1079 Nummos
1585 1039 1650 1082 15.
1680 1040 1734 1079 16
1765 1036 1910 1078 Mion-

183 1112 325 1151 netum
344 1108 406 1150 II
419 1122 467 1162 p.
488 1110 573 1149 403
600 1121 642 1151 n.
665 1110 758 1157 101,
780 1122 829 1161 p.
850 1111 930 1149 404
958 1121 1000 1150 n.
1022 1110 1104 1148 104
1133 1108 1222 1148 sine
1252 1119 1384 1147 causa
1413 1105 1471 1147 ad
1491 1105 1677 1158 Sinopen
1703 1104 1911 1147 rettulisse

180 1178 343 1220 monuit
371 1176 554 1229 Imhoof.
610 1175 751 1228 Atque
786 1177 913 1217 etiam
942 1175 998 1218 A.
1029 1188 1108 1216 von
1139 1173 1277 1217 Sallet
1311 1174 1526 1227 fabricam
1554 1175 1717 1215 nummi
1743 1172 1910 1215 Beroli-

177 1246 319 1287 nensis
348 1257 531 1299 prorsus
568 1243 752 1286 alienam
791 1256 877 1285 esse
918 1257 946 1285 a
983 1245 1153 1285 moneta
1183 1241 1412 1296 Sintmensi
1439 1255 1525 1295 pro
1555 1244 1666 1283 certo
1693 1240 1908 1283 iudicavit.

182 1313 446 1366 Quamquam
475 1315 615 1354 autem
642 1313 732 1354 veri
760 1311 897 1354 simile
927 1314 988 1353 est
1016 1312 1063 1353 in
1092 1310 1245 1353 litteris
1274 1321 1309 1352 c.
1341 1322 1367 1351 1.
1400 1321 1433 1352 c.
1460 1322 1496 1351 F.
1525 1321 1561 1352 c.
1590 1309 1671 1363 (vel
1689 1308 1746 1362 G.)
1778 1308 1909 1350 latere
1974 1348 1978 1351 .

179 1395 328 1424 nomen
362 1381 561 1430 coloniae,
595 1381 713 1422 ouius
744 1380 890 1422 duovir
915 1378 965 1422 C.
991 1378 1164 1422 Cassius
1193 1379 1289 1431 fuit,
1320 1378 1428 1420 mihi
1456 1378 1697 1430 anquirenti
1723 1391 1831 1430 quae
1861 1390 1912 1418 ex

179 1448 389 1503 c(oloniis)
419 1449 581 1504 I(uliis)
612 1447 892 1503 intelleqenda
922 1450 1037 1497 esset,
1069 1460 1154 1488 non
1184 1447 1359 1500 contiqit
1386 1448 1435 1487 ut
1463 1448 1703 1487 statuerem.
1764 1445 1910 1498 Neque

177 1519 340 1560 nwmmi
365 1518 434 1560 illi
460 1517 519 1559 ad
544 1517 679 1559 ullam
710 1531 760 1559 ex
789 1518 844 1559 iis
870 1516 1044 1558 coloniis
1063 1515 1221 1568 referri
1240 1517 1434 1568 possunt,
1466 1515 1512 1556 in
1532 1527 1713 1567 quarum
1729 1515 1912 1556 nummis

182 1586 319 1628 adhuc
349 1585 517 1628 duoviri
541 1586 702 1639 reperti
728 1588 827 1627 sunt
856 1585 910 1638 cf.
934 1583 1072 1634 Head,
1096 1583 1294 1625 Historia
1319 1595 1585 1624 nummorum
1605 1596 1654 1635 p.
1678 1583 1770 1624 784.
1817 1581 1910 1623 Ita-

181 1668 259 1707 que
288 1656 408 1696 cuius
429 1653 678 1708 provinciae
699 1652 932 1708 proconsul
961 1651 1131 1706 Appius
1151 1650 1228 1702 ‚hic
1257 1651 1402 1704 suerit,
1434 1651 1481 1692 in
1509 1649 1644 1691 medio
1673 1649 1910 1703 relinquen-

182 1722 280 1764 dum
311 1726 382 1767 est.

98 1791 181 1834 779
211 1798 251 1834 Ρ.
284 1797 531 1834 CLAVDIVS
561 1795 805 1844 PVLGHER,
835 1790 887 1832 P.
909 1789 938 1832 f.
961 1789 1044 1846 Ap.
1066 1804 1109 1831 n.
1129 1788 1216 1845 Ap.
1238 1802 1359 1845 pron.
1387 1786 1455 1829 VI
1466 1789 1595 1837 1282,
1618 1786 1735 1841 filius
1752 1786 1912 1828 scilicet

183 1859 234 1904 P.
273 1859 420 1903 Clodii
447 1859 629 1901 Pulchri
663 1858 830 1901 inimici
855 1857 1070 1900 Ciceronis
1099 1860 1139 1899 et
1166 1856 1370 1906 Fulviae,
1410 1869 1539 1910 nepos
1567 1855 1707 1909 Appii
1737 1853 1914 1897 Claudii

183 1927 365 1971 Pulchri
392 1941 473 1971 cos.
505 1943 544 1972 a.
573 1930 654 1970 675
682 1947 739 1962 =
771 1929 823 1969 79
854 1941 894 1968 a.
927 1925 971 1970 C.
1003 1926 1057 1979 cf.
1088 1923 1300 1979 Borqhesi
1328 1939 1423 1979 opp.
1451 1924 1514 1966 II
1528 1938 1574 1977 p.
1597 1926 1698 1973 176,
1741 1923 1913 1966 Henzen

131 1994 138 1996 ⁷
162 1995 286 2039 JCIL
306 1998 358 2039 1²
376 2012 425 2052 p.
444 2000 512 2041 37.
554 1995 771 2039 Parvulus
802 2009 921 2051 puer,
955 2009 1058 2045 cum-
1080 2001 1204 2051 pater
1234 1992 1505 2034 occideretur
1534 2006 1647 2034 anno
1677 1991 1760 2034 702
1782 2011 1836 2025 =
1856 1992 1910 2033 52

182 2065 349 2108 Ascon.>
376 2065 424 2107 in
455 2064 687 2108 Milonian.
717 2079 766 2119 p.
795 2066 852 2106 30
881 2062 943 2105 ed.
976 2061 1363 2117 Kiessliny-Scho'll
1402 2061 1496 2116 (ubi
1530 2074 1679 2102 nomen
1720 2058 1911 2114 tacetur).

186 2134 235 2178 P.
259 2132 436 2176 Clodius
467 2134 512 2174 in
543 2135 706 2189 optima
736 2146 812 2188 spe
842 2145 952 2187 puer
981 2131 1196 2187 repositus
1218 2129 1435 2172 Antonius
1455 2129 1513 2171 ad
1533 2128 1774 2171 Ciceronem
1794 2128 1911 2182 epist.

189 2201 248 2243 ad
265 2201 357 2243 Att.
378 2205 442 2252 14,
465 2203 518 2243 13
546 2200 591 2242 Α
618 2204 652 2244 2
681 2201 810 2255 (anno
840 2202 921 2241 710
953 2218 1009 2233 =
1037 2201 1133 2255 44),·
1162 2213 1271 2254 puer
1301 2197 1480 2240 Clodius
1512 2194 1657 2239 Cicero
1685 2196 1770 2240 ibd.
1802 2195 1847 2237 B
1871 2199 1910 2237 4.

185 2269 412 2324 Quaestor,
444 2270 676 2326 quaesitor,
708 2274 893 2325 praetor,
923 2281 1063 2322 augur
1093 2268 1156 2309 tit.
1217 2267 1528 2322 Praeterquam
1558 2264 1675 2321 quod
1705 2278 1908 2306 enervem

187 2344 232 2380 et
261 2338 464 2393 frigidam
495 2339 713 2380 iuventam
745 2337 843 2391 egit,
888 2335 1056 2392 perdito
1089 2336 1216 2377 etiam
1245 2349 1391 2377 amore
1420 2333 1747 2388 vulgatissimae
1777 2346 1909 2374 mere-

186 2407 306 2448 tricis
351 2406 524 2448 infamis
569 2406 653 2448 fuit
700 2405 938 2460 mortisque
983 2403 1276 2446 erubescendo
1317 2417 1478 2458 genere
1522 2407 1801 2457 consumptus
1846 2406 1912 2442 est

193 2474 284 2518 Val.
317 2475 442 2518 Max.
466 2477 507 2526 3,
533 2477 573 2526 5,
598 2477 637 2518 3.

101 2543 183 2586 780
212 2550 254 2586 P.
287 2549 532 2586 CLAVDIVS
562 2547 780 2595 PVLCER,
821 2539 991 2595 consul,
1034 2547 1240 2597 patronus
1278 2539 1327 2582 X
1353 2541 1464 2582 1250
1492 2541 1521 2580 t.
1554 2537 1751 2580 Nolanus
1788 2537 1913 2579 semel

187 2612 431 2667 descriptus,
461 2612 536 2666 qui
563 2611 622 2653 ad
639 2611 765 2665 finem
784 2610 850 2651 rei
868 2608 1070 2663 publicae
1088 2608 1153 2650 vel
1173 2607 1230 2650 ad
1248 2608 1418 2650 initium
1437 2607 1591 2648 aetatis
1611 2606 1911 2659 imperatoriae

182 2681 398 2735 pertinere
424 2680 600 2724 videtur.
657 2677 813 2722 Consul
841 2675 1043 2729 suffectus
1071 2691 1183 2719 anno
1213 2677 1385 2718 incerto.

102 2748 181 2792 781
215 2748 423 2792 Claudius
453 2747 715 2805 Pyrrhicus,
756 2745 1019 2789 trierarchus
1058 2745 1397 2788 Liburnicarum
1437 2745 1482 2786 in
1518 2742 1698 2786 Corsica
1734 2744 1911 2785 navium

187 2832 300 2860 anno
332 2817 387 2859 69
417 2818 537 2859 iussu
566 2816 756 2858 Decumi
787 2815 957 2857 Pacarii
989 2813 1242 2856 interfectus
1277 2813 1375 2855 Tac.
1407 2812 1446 2854 h.
1477 2815 1521 2863 2,
1552 2814 1619 2855 16.

102 2886 185 2929 782
215 2892 276 2930 ΤΙ.
302 2891 548 2928 CLAVDIVS
580 2889 876 2935 QVARTINVS.
928 2881 1081 2924 Tituli:
1111 2882 1151 2924 ei
1170 2881 1338 2936 positus
1368 2883 1427 2923 est
1447 2879 1742 2935 Isuqdunensis
1772 2893 1800 2921 a
1829 2879 1913 2934 sine

186 2953 360 2996 mutilus
378 2953 574 2995 Boissieu
592 2951 867 3006 inscriptions
890 2950 938 2992 de
959 2950 1080 3004 Isyon
1101 2964 1149 3003 p.
1170 2951 1255 2992 254
1273 2963 1315 2991 n.
1331 2951 1385 2990 36
1405 2948 1464 3005 (1)
1484 2948 1540 3002 cf.
1562 2948 1651 2990 III
1665 2947 1711 2990 S.
1726 2962 1772 3001 p.
1790 2949 1910 2997 1979,

187 3022 410 3077 epistulam
452 3021 565 3064 dedit
603 3020 662 3062 ad
696 3018 1073 3074 Pompaelonenses
1102 3018 1164 3060 II
1184 3020 1297 3061 2959
1328 3017 1406 3074 (2),
1445 3019 1704 3059 memoratur
1731 3016 1777 3058 in
1807 3014 1910 3069 dipl.

183 3091 272 3133 mil.
304 3105 344 3134 a.
375 3093 456 3133 134
484 3090 573 3132 ΙΙΙ
595 3088 642 3132 S.
673 3089 712 3130 L
741 3087 813 3143 (3).

277 3159 383 3202 Tria
411 3159 585 3201 nomina
614 3157 779 3200 eoehibet
806 3159 834 3201 t.
867 3159 905 3206 1,
936 3154 1145 3198 Claudius
1166 3153 1406 3207 Quartinus
1437 3157 1466 3197 t.
1486 3157 1529 3198 2.
1552 3157 1594 3197 3.
1615 3177 1667 3183 ——
1689 3151 1757 3194 Ti.
1783 3151 1909 3206 filius,

189 3227 306 3270 tribu
336 3226 538 3269 Palatina
566 3228 594 3267 t.
617 3228 655 3267 1.
676 3249 734 3254 —
755 3223 977 3266 Tribunus
1006 3221 1191 3264 militum
1219 3221 1403 3277 legionis
1432 3221 1501 3264 III
1527 3220 1806 3276 Cyrenaicae,
1838 3218 1912 3261 ad-

182 3295 324 3338 lectus
354 3310 381 3336 a
401 3295 502 3337 divo
523 3294 711 3336 Traiano
734 3291 938 3335 Parthico
970 3292 1015 3333 in
1042 3289 1437 3347 splendidissimum
1467 3289 1675 3343 ordinem,
1708 3294 1913 3343 quaestor

188 3363 393 3420 urbanus,
436 3361 588 3405 aedilis
628 3359 776 3417 plebis,
817 3365 1000 3417 praetor,
1042 3357 1209 3413 legatus
1250 3357 1341 3414 [pro
1369 3357 1450 3414 pr.]
1486 3356 1736 3414 provinciae
1766 3354 1909 3411 Asiae,
