2202 3730
309 285 541 321 CEIONIVS
1162 277 1246 319 330
1879 284 2108 320 CEIONIVS

391 417 582 470 signatus
614 421 677 455 est
705 414 775 457 vit.
803 414 880 456 Pii
907 418 944 464 6,
977 417 1031 455 10
1059 413 1313 470 mediusque
1344 415 1455 456 inter
1482 414 1606 455 Pium
1638 419 1681 455 et
1709 414 1903 456 Marcum
1937 414 2106 468 resedit,

391 498 485 525 cum
517 488 717 538 quaestor
746 481 904 537 populo
934 496 1089 523 munus
1121 481 1243 523 daret
1270 482 1359 523 vita
1377 484 1416 531 3,
1438 485 1481 524 2.
1532 479 1636 522 Post
1665 489 1939 537 quaesturam
1971 498 1997 524 a
2028 482 2108 524 Pio

392 550 539 592 consul
569 549 706 591 factus
737 555 802 590 est
828 549 899 590 vit.
927 549 1003 590 Pii
1030 552 1096 599 10,
1127 552 1166 599 3,
1199 563 1294 590 cum
1326 548 1414 602 (Τ.)
1446 548 1595 591 Sextio
1627 549 1841 591 Laterano
1874 549 1963 591 vita
1990 551 2110 600 3,·3;

390 617 538 660 consul
558 618 580 659 I
600 633 637 661 a.
662 618 741 659 154
762 617 878 670 fasti.
938 617 1178 658 Interiectis
1199 618 1323 658 annis
1345 631 1443 658 cum
1463 616 1611 658 Marco
1635 616 1768 658 fratre
1791 618 1948 660 iterum
1969 616 2108 659 faetus

390 694 454 729 est
483 686 630 728 consul
659 687 747 728 vita
775 690 815 736 3,
843 689 892 737 3,·
922 685 1073 727 consul
1102 687 1147 728 II
1177 701 1214 728 a.
1250 687 1326 729 161
1361 686 1479 740 fasti.
1539 686 1629 727 Diu
1659 692 1804 728 autem
1837 692 1879 728 et
1908 686 2109 742 privatus

390 754 469 796 fuit
501 760 541 796 et
566 769 617 795 ea
646 754 972 796 honorificentia
992 755 1141 808 caruit,
1175 769 1262 810 qua
1281 754 1456 796 Marcus
1476 753 1733 808 ornabatur3
1765 768 1864 796 nam
1896 768 2037 809 neque
2063 753 2109 795 in

389 828 539 864 senatu
561 828 660 863 ante
680 828 955 878 quaesturam
977 821 1089 864 sedit
1110 836 1250 878 neque
1271 822 1315 863 in
1336 822 1487 863 itincre
1509 836 1607 863 cum
1628 827 1762 877 patre,
1782 821 1856 863 sed
1874 837 1973 863 cum
1989 835 2108 878 prae·

388 890 500 932 fecto
522 890 737 945 praetorio
764 896 912 932 vectus
934 896 998 932 est
1018 904 1097 931 nec
1118 889 1236 931 aliud
1257 891 1296 931 ei
1316 889 1668 932 honorificentiae
1688 889 1901 932 adnomen
1931 889 2106 931 adiunc-

389 964 479 999 tum
499 964 573 1011 est,
604 973 733 1013 quam
754 957 867 1014 quod
889 957 1077 1012 Augusti
1107 957 1221 1000 filius
1251 957 1491 1014 appellatus
1522 963 1586 999 est
1614 958 1702 999 vita
1721 961 1760 1008 3,
1781 960 1881 1000 4-5.
1921 957 1978 1000 Id
1997 956 2109 1011 quod

390 1026 685 1080 comprobatur
725 1026 860 1068 titulis
894 1026 1023 1068 veluti
1060 1026 1121 1068 II
1141 1029 1259 1076 1643,
1297 1026 1385 1068 III
1405 1028 1525 1076 3843,
1566 1026 1641 1067 nbi
1681 1025 1838 1068 dicitur
1876 1026 1928 1070 L.
1957 1024 2108 1067 Aelius

388 1093 590 1136 Aurelius
620 1093 733 1148 Aug.
765 1094 793 1136 f.
827 1093 1110 1147 Commodu83
1143 1108 1225 1148 per
1255 1095 1431 1136 abusum
1460 1094 1549 1135 vivo
1582 1093 1665 1135 Pio
1696 1093 1831 1136 dictus
1859 1096 1919 1135 est
1947 1093 2109 1136 Caesar

387 1163 433 1204 in
454 1165 481 1203 t.
506 1161 762 1204 Novariensi
790 1162 833 1204 V
847 1165 956 1205 6573
987 1165 1026 1204 et
1054 1163 1101 1204 in
1126 1162 1276 1217 teyulis
1297 1176 1336 1204 α.
1357 1165 1440 1204 148
1458 1161 1556 1204 XV
1570 1164 1691 1206 733a.
1712 1164 1806 1212 150,
1839 1163 1918 1204 735
1937 1161 1992 1215 cf.
2016 1163 2106 1203 734.

298 1256 305 1265 ›
389 1229 542 1284 Augur
571 1230 675 1271 vivo
705 1230 785 1272 Pio
813 1230 897 1272 fuit
925 1230 974 1272 X
998 1233 1118 1273 5051.

472 1297 690 1340 Antonino
726 1298 806 1340 Pio
846 1298 916 1340 die
947 1299 971 1341 7
1013 1299 1171 1340 mensis
1201 1297 1348 1340 Martii
1387 1313 1425 1340 a.
1460 1299 1537 1340 161
1578 1297 1783 1340 defuncto
1823 1311 1921 1339 cum
1959 1296 2108 1339 Marco

386 1366 463 1408 soli
504 1372 676 1408 senatus
716 1366 939 1409 detulisset
977 1367 1225 1422 imperium,
1272 1366 1446 1408 Marcus
1491 1366 1666 1408 fratrem
1707 1366 1752 1407 in
1798 1366 1967 1422 imperii
2005 1379 2106 1406 con-

387 1435 564 1476 sortium
586 1435 758 1476 vocavit
779 1434 1093 1491 Caesaremque
1116 1441 1245 1490 atque
1266 1433 1511 1489 Augustum
1541 1433 1664 1488 dixit,
1698 1439 1887 1489 tuncque
1916 1433 2107 1489 primum

386 1503 625 1544 Romanum
670 1502 897 1558 imperium
941 1502 1049 1544 duos
1095 1502 1314 1556 Augustos
1360 1501 1521 1544 habere
1565 1502 1705 1557 coepit
1743 1501 1832 1543 vita
1869 1504 1908 1551 3,
1949 1503 1978 1542 8
2005 1513 2105 1554 sqq„

388 1571 537 1613 Marci
557 1574 592 1621 7,
613 1573 639 1612 5
659 1583 759 1624 sqq„
790 1570 910 1612 Aelii
926 1573 965 1621 5,
987 1574 1050 1621 13,
1082 1571 1263 1624 Eutrop.
1284 1573 1325 1621 8,
1347 1574 1386 1621 9,
1419 1570 1560 1613 Victor
1587 1569 1706 1613 Caes.
1727 1574 1793 1621 16,
1824 1569 2021 1624 Epitome
2039 1571 2104 1611 16.

385 1639 499 1680 Dato
522 1639 698 1694 imperio
722 1644 764 1680 et
786 1638 951 1680 indulta
971 1638 1203 1681 tribunicia
1228 1644 1438 1695 potestate
1460 1639 1633 1680 Marcus
1655 1653 1751 1681 eum
1771 1638 1938 1680 Verum
1958 1638 2105 1679 vocari

385 1708 604 1763 praecepit
632 1722 757 1749 suum
788 1707 832 1748 in
860 1722 956 1749 eum
978 1706 1239 1749 transferens
1261 1721 1427 1760 nomen,
1462 1721 1559 1748 cum
1580 1712 1679 1748 ante
1700 1704 1961 1748 Commodus
1981 1699 2104 1746 voca-

382 1769 504 1817 retur
531 1775 619 1817 vita
647 1779 686 1825 4,
715 1778 740 1816 1
769 1778 890 1825 recte,
913 1789 1140 1829 perperam
1168 1775 1239 1817 vit.
1262 1775 1409 1816 Marci
1436 1774 1463 1817 l.
1495 1774 1520 1817 l.
1553 1775 1608 1828 cf.
1637 1787 1782 1828 supra.
1831 1772 1884 1815 A.
1902 1773 1990 1815 ’169
2019 1786 2103 1813 non

385 1842 512 1898 longe
542 1844 596 1886 ab
626 1843 773 1886 Altino
805 1843 947 1886 subito
978 1845 1023 1885 in
1053 1842 1251 1885 vehiculo
1292 1843 1463 1898 inorbo,
1505 1857 1632 1899 quem
1672 1842 1904 1898 apoplexin
1933 1846 2103 1893 vocant,

371 1904 606 1967 correptus
638 1911 857 1967 depositus
888 1926 910 1953 e
941 1910 1142 1954 vehiculo
1173 1911 1365 1953 detracto
1397 1911 1607 1965 sanguine
1631 1910 1828 1953 Altinum
1858 1907 2102 1965 perductus,

385 1994 483 2021 cum
513 1979 654 2021 triduo
684 1986 829 2021 mutus
856 1980 1048 2034 vixisset,
1082 1978 1194 2035 apud
1218 1978 1414 2021 Altinum
1444 1980 1575 2035 periit
1599 1980 1687 2021 vita
1706 1982 1745 2029 9,
1768 1982 1833 2029 11,
1862 1977 1933 2019 vit.
1957 1975 2107 2018 Marci

384 2051 449 2098 16,
474 2050 513 2098 8,
546 2047 687 2090 Victor
713 2046 831 2089 Caes.
858 2050 924 2098 16,
955 2047 1151 2101 Epitome
1180 2049 1244 2097 16,
1275 2047 1458 2101 Eutrop.
1475 2050 1528 2098 8,
1550 2051 1616 2098 10,
1646 2046 1819 2089 Aelian.
1849 2046 1904 2099 fr.
1925 2047 2012 2088 206
2040 2042 2102 2085 ed.
2188 2053 2191 2056 ·

384 2115 573 2159 Hercber
601 2116 672 2170 (z
704 2115 863 2158 Suidas
891 2129 924 2157 s.
953 2126 990 2157 υ.
1021 2116 1273 2172 ἀποπληξία),
1304 2114 1493 2158 Galenus
1521 2115 1647 2158 XIV
1658 2130 1707 2169 p.
1727 2118 1807 2158 649
1830 2113 1897 2160 K.
1935 2112 2103 2167 Corpus

385 2184 597 2226 Hadriani
614 2183 810 2239 sepulcro
822 2183 1001 2226 inlatum
1016 2187 1077 2226 est
1089 2184 1178 2225 vita
1187 2187 1251 2234 11,
1263 2187 1301 2234 1,
1318 2184 1395 2226 ubi
1407 2177 1493 2237 fuit
1509 2183 1659 2226 titulus
1672 2181 1920 2238 sepulcralis
1931 2180 2000 2223 VI
2005 2182 2106 2222 991.-

384 2253 483 2308 imp.
501 2251 677 2295 Caesari
693 2251 744 2295 L.
761 2251 937 2294 Aurelio
957 2252 1069 2294 Vero
1092 2251 1206 2306 Aug.
1223 2250 1482 2294 Armeniaco
1501 2251 1671 2294 Medico
1692 2250 1892 2293 Parthico
1914 2247 2102 2305 pontifici

383 2320 584 2362 tribunic.
616 2327 703 2377 pot.
734 2320 867 2363 VIIII
899 2321 999 2376 imp.
1031 2320 1073 2362 V
1103 2334 1187 2362 cos.
1218 2321 1286 2362 ΙΙΙ
1315 2321 1425 2376 patri
1455 2320 1631 2376 patriae.

467 2389 592 2431 Vixit
620 2391 744 2431 annis
775 2388 1063 2445 quadraginta
1092 2387 1282 2443 duobus,
1320 2389 1550 2444 imperavit
1580 2403 1679 2430 cum
1707 2387 1840 2429 fratre
1870 2386 1995 2430 annis
2025 2399 2100 2426 un-

382 2457 521 2499 decim
559 2458 647 2499 vita
684 2461 750 2508 11,
780 2461 830 2509 1;
875 2458 1073 2511 regnavit
1109 2458 1233 2499 annis
1274 2456 1475 2499 undecim
1513 2457 1717 2511 Eutrop„
1758 2455 1957 2510 Epitome
1991 2453 2017 2496 l.
2049 2452 2102 2504 l.;

383 2540 517 2567 annos
551 2526 615 2567 IX
645 2525 856 2567 Eusebius
882 2525 1004 2567 Arm.
1037 2525 1095 2567 ad
1123 2539 1163 2567 a.
1194 2524 1302 2569 Abr.
1333 2528 1457 2576 2186,
1500 2525 1610 2567 unde
1640 2525 1923 2578 Hieronymus
1961 2521 2101 2564 chron.

384 2592 442 2634 ad
480 2607 519 2635 α.
549 2596 661 2636 2185
699 2593 910 2647 Miropio
949 2593 1075 2635 simul
1109 2593 1298 2635 adhibito
1336 2594 1508 2647 scripsit
1544 2607 1656 2635 anno
1696 2593 1818 2647 regni
1859 2605 1970 2632 nono
2009 2583 2114 2631 sive'

384 2667 432 2702 ut
466 2661 639 2716 quidam
671 2668 845 2716 putant,
888 2661 1051 2704 decimo
1093 2663 1331 2716 extinctu-‘33
1372 2662 1572 2716 regnavit
1600 2662 1725 2703 annis
1756 2661 1842 2703 VII
1880 2658 2100 2702 mensibus

382 2729 491 2770 VIII
522 2728 671 2770 diebus
692 2729 781 2770 XII
809 2728 1180 2783 Chronoyraphus.
1236 2728 1387 2771 Verum
1413 2730 1528 2771 intra
1559 2729 1597 2773 d.
1620 2733 1673 2771 10
1703 2742 1828 2772 mens.
1855 2727 2102 2771 Decembris

384 2811 422 2840 a.
454 2799 535 2838 168
564 2799 604 2838 et
633 2796 670 2840 d.
701 2800 755 2839 10
783 2811 836 2840 m.
868 2797 925 2841 D.
959 2811 997 2839 a.
1031 2800 1112 2839 169
1144 2797 1292 2839 obiisse
1323 2797 1439 2839 docet
1467 2801 1495 2839 t.
1529 2797 1802 2852 sepulcralis,
1841 2797 1919 2839 ubi
1946 2795 2101 2838 dicitur

384 2863 584 2906 tribunic.
631 2871 716 2920 pot.
753 2865 886 2907 VIIII
925 2864 1042 2917 (nam
1085 2879 1199 2907 nona
1237 2865 1468 2908 tribunicia
1502 2869 1693 2920 potestas
1737 2865 1836 2908 Veri
1871 2864 2102 2919 incipiebat
2169 2875 2184 2882 ·

384 2931 422 2972 d.
453 2935 506 2972 10
539 2945 665 2974 mens.
701 2931 946 2975 Decembris
978 2932 1089 2988 168),
1133 2936 1171 2975 et
1211 2933 1463 2987 confirmant
1495 2933 1656 2975 nummi
1687 2932 1985 2982 Alexandrini,
2026 2932 2100 2986 qui

381 3012 464 3040 non
493 2999 609 3041 ultra
636 3014 791 3042 nonum
821 3014 978 3043 annum
1000 3001 1236 3055 procedunt
1267 3002 1321 3054 cf.
1352 3015 1432 3044 von
1453 3001 1601 3052 Sallet,
1630 3001 1776 3044 Daten
1808 3001 1883 3043 der
1910 3000 2098 3043 Alexan-

385 3066 623 3109 drinischen
645 3068 981 3111 Kaisermiineen
1000 3084 1049 3124 p.
1071 3073 1148 3121 40,·
1176 3069 1316 3112 media
1338 3073 1475 3112 antem
1495 3069 1626 3111 hieme
1653 3072 1862 3112 mortuum
1892 3082 1978 3112 esse
2006 3082 2099 3111 cum

382 3134 542 3175 scribat
570 3134 759 3177 Galenus
782 3135 805 3177 Z.
828 3136 867 3186 Z.,
900 3136 1030 3178 Verus
1059 3150 1194 3179 mense
1223 3138 1312 3191 fere
1341 3137 1551 3180 Ianuario
1582 3152 1621 3182 a.
1642 3141 1724 3180 169
1752 3140 1941 3180 mortuus
1969 3140 2040 3179 est.

467 3201 609 3245 onr:
651 3202 797 3244 Annia
834 3203 1005 3246 Lucilla
1043 3204 1087 3246 A
1116 3207 1208 3255 555,
1244 3205 1320 3247 ubi
1356 3204 1448 3247 vide
1488 3205 1537 3247 de
1574 3205 1671 3260 fiilia
1710 3205 1809 3248 Veri
1845 3219 1897 3248 ex
1924 3203 2097 3247 Lucilla

381 3269 563 3311 sublata.

299 3337 381 3378 505
413 3336 614 3379 Ceionius
644 3338 958 3395 postumianus,
991 3340 1145 3383 adfinis
1177 3339 1314 3384 Clodii
1338 3339 1485 3383 Albini
1515 3342 1585 3383 vit.
1611 3339 1753 3385 Clodii
1772 3340 1928 3397 Albini
1945 3343 1984 3391 6,
2005 3344 2044 3383 1.
