2202 3730
276 295 567 332 cAsslAmvs
1131 286 1215 328 310
1783 287 2071 331 GAsslAvas

360 440 443 482 que
483 425 574 480 ipse
612 423 840 479 imperium
879 423 1060 478 sumpsit
1098 422 1292 464 Zosimus
1318 426 1363 473 1,
1392 425 1459 472 38,
1502 422 1700 465 Zonaras
1727 426 1798 474 12,
1826 427 1896 474 24,
1936 424 2074 467 minus

361 495 559 535 accurate
587 491 658 532 vit.
688 489 878 532 Gallieni
905 492 943 539 4,
974 489 1045 532 vit.
1078 490 1175 543 triq.
1207 492 1286 543 tyr.
1309 493 1348 539 3,
1381 489 1523 532 Victor
1549 489 1667 534 Caes.
1687 493 1753 541 33,
1784 491 1980 545 Epitome
2002 494 2073 542 32,

358 561 539 614 Eutrop.
560 561 599 608 9,
621 561 660 600 9.
705 557 911 611 Aqnitum
932 570 1025 598 eum
1045 570 1130 599 esse
1149 557 1196 598 in
1213 555 1384 607 Galliis,
1405 556 1654 608 Britannia,
1675 558 1894 612 Hispania
1918 560 2074 602 Tarra-

358 628 526 670 conensi
555 625 700 668 docent
729 624 854 667 tituli.

447 693 694 738 Gallienum
734 691 843 734 duas
884 691 1182 747 expeditiones
1225 699 1374 734 contra
1403 693 1658 735 Postumum
1697 692 1898 735 rebellem
1928 694 2074 736 iniisse

357 764 490 816 refert
509 749 707 804 Zonaras
727 760 753 802 l.
777 760 818 811 l.,
850 760 924 802 sed
950 761 1088 802 nescio
1119 774 1176 802 an
1202 760 1352 811 altera,
1383 761 1430 802 in
1449 775 1534 814 qua
1561 760 1796 816 Gallienus,
1819 775 1911 804 cum
1929 763 2075 805 urbem

356 830 571 874 Gallicam
600 828 817 879 obsideret,
850 829 1008 883 saqitta
1026 828 1272 871 vulneratus
1293 842 1377 871 esse
1400 828 1659 883 perhibetur,
1690 829 1788 872 inde
1816 829 1950 872 solum
1980 834 2075 873 orta

355 900 424 949 sit,
456 897 566 952 quod
594 897 802 947 Zonaras,
839 900 887 938 ut
915 910 1122 951 persaepe
1160 897 1208 939 in
1244 896 1325 939 hac
1364 898 1501 951 operis
1530 900 1672 952 parte,
1702 897 1752 940 de
1781 897 1925 940 eadem
1950 911 1996 940 re
2026 912 2076 940 ea·

359 966 531 1009 diversis
562 965 768 1007 chronicis
798 968 994 1019 eoecerpta
1024 965 1344 1007 consarcinavit.
1385 964 1460 1007 Ad
1488 965 1669 1008 alteram
1689 966 1885 1008 Zonarae
1914 969 2076 1020 spectat

267 1067 270 1070 .
355 1037 395 1077 et
421 1034 492 1075 vit.
523 1032 715 1076 Gallieni
740 1036 779 1083 4,
811 1036 837 1074 4
867 1033 921 1086 cf.
947 1033 1019 1074 vit.
1051 1033 1147 1087 triq.
1180 1035 1257 1087 tyr.
1279 1036 1319 1084 3,
1349 1035 1376 1076 5
1386 1046 1400 1084 ;
1427 1032 1586 1087 legatio
1618 1033 1807 1077 Gallieni
1837 1033 1894 1076 ad
1925 1035 2075 1076 Postu-

358 1117 475 1144 mum
515 1106 777 1143 memoratur
817 1099 1057 1143 Continuat.
1077 1099 1254 1142 -Dionis
1292 1100 1334 1143 V
1355 1115 1403 1155 p.
1434 1104 1524 1144 223
1565 1100 1626 1143 ed.
1655 1100 1862 1155 Dindorf,
1899 1101 2076 1155 confusa

355 1173 452 1212 sunt
493 1183 599 1223 quac
635 1171 865 1222 praeterea
905 1167 1148 1219 afferuntur
1183 1169 1255 1210 vit.
1289 1167 1481 1210 Gallieni
1519 1171 1557 1219 7,
1599 1172 1645 1219 1,
1688 1169 1784 1223 triq.
1825 1172 1904 1224 tyr.
1941 1172 2008 1220 11,
2034 1172 2074 1214 3.

357 1237 552 1280 Zosimus
572 1241 610 1288 1,
632 1239 686 1279 40
717 1239 880 1278 tantum
909 1239 1113 1279 memorat
1132 1235 1381 1279 Gallienum
1410 1236 1541 1279 rebus
1573 1236 1788 1292 Scythicis
1818 1243 2076 1293 occupatum

358 1305 546 1348 Aureolo
577 1304 816 1358 mandasse,
850 1310 899 1346 ut
928 1304 1181 1346 Postumum
1211 1318 1265 1345 ne
1295 1306 1341 1346 in
1370 1303 1542 1347 Italiam
1572 1305 1783 1359 transiret,
1816 1304 2074 1361 prohiberet,

441 1374 672 1415 Postumus
702 1373 763 1414 ita
792 1372 1042 1428 imperavit,
1084 1378 1132 1414 ut
1163 1378 1440 1428 consumptas
1470 1387 1607 1428 paene
1636 1373 1880 1428 provincias
1910 1373 2076 1427 ingenti

354 1443 514 1484 virtute
545 1447 586 1483 et
614 1440 911 1483 moderatione
941 1441 1208 1496 reparaverit
1227 1440 1409 1495 Eutrop.
1432 1443 1471 1491 9,
1494 1444 1533 1491 9,
1555 1442 1776 1483 restitutor
1796 1440 2074 1495 Galliar(um)

354 1510 401 1552 in
427 1509 607 1551 nummis
633 1511 719 1552 256
744 1522 828 1562 sqq.
880 1509 1119 1552 Germanos
1150 1508 1314 1551 devicit
1344 1508 1449 1551 Vict.
1480 1507 1600 1551 Caes.
1621 1512 1687 1559 ,3.,3
1719 1509 1814 1564 triq.
1846 1512 1926 1564 tyr.
1956 1512 1995 1559 3,
2027 1511 2077 1560 6;

356 1578 640 1622 Germanicus
682 1577 849 1631 passim
892 1577 939 1619 in
978 1577 1159 1619 nummis
1202 1577 1257 1631 cf.
1302 1577 1485 1619 victoria
1529 1578 1791 1621 Germanica
1834 1577 1880 1619 in
1919 1590 2075 1620 numm.

355 1649 468 1688 331-
470 1647 561 1689 335.
612 1645 845 1700 Imperium
874 1644 986 1698 quod
1014 1645 1181 1687 tenebat
1200 1644 1457 1695 Postumum,
1489 1648 1703 1698 tamquam
1722 1659 1815 1688 vere
1834 1644 2077 1687 Romanum

355 1717 470 1764 esset,
501 1713 733 1755 instituisse
773 1712 888 1754 tituli
919 1712 1158 1766 nummique
1196 1712 1400 1755 indicant.
1459 1712 1611 1766 Itaque
1652 1716 1692 1755 et
1730 1712 1873 1755 consul
1910 1713 1999 1767 ipse
2033 1725 2078 1755 se

357 1782 466 1825 dixit
494 1781 712 1835 quinquies
741 1780 844 1834 (cos,
875 1780 917 1823 V
945 1780 992 1822 in
1020 1781 1201 1822 nummis
1229 1783 1330 1823 239.
1360 1780 1463 1835 240)
1505 1783 1544 1823 et
1581 1781 1793 1823 invenitur
1821 1781 1868 1823 in
1895 1781 2078 1824 nummis

357 1850 497 1893 aeneis
536 1852 698 1893 30-32.
737 1852 794 1891 37
827 1852 900 1891 etc.
942 1849 1152 1902 s(enatus)
1194 1848 1440 1903 c(0nsult0).
1500 1849 1636 1891 Periit
1677 1848 1863 1891 tumultu
1902 1849 2078 1892 militari

357 1933 456 1960 cum
485 1924 636 1960 contra
666 1917 725 1971 (V
726 1916 861 1973 lpium
891 1916 1157 1971 Cornelium)
1190 1916 1444 1959 Laelianum
1483 1916 1687 1959 rebellem
1726 1916 1946 1973 profectus
1985 1917 2076 1959 Mo-

353 1987 602 2042 gontiacum
641 1985 812 2040 urbem,
856 1986 976 2027 cuius
1006 1984 1173 2027 incolae
1203 1984 1458 2027 Laelianum
1490 1986 1700 2037 iuverant,
1731 1983 1940 2027 militibus
1971 1984 2075 2027 diri-

354 2054 556 2112 piendam
575 2054 746 2097 tradere
767 2053 963 2096 noluerat
994 2053 1148 2104 Victor,
1175 2053 1361 2107 Eutrop.
1384 2053 1411 2095 l.
1434 2053 1460 2096 l.
1511 2054 1752 2109 Imperavit
1771 2067 1906 2095 annos
1927 2052 2074 2095 decem

353 2123 549 2178 Eutrop„
579 2136 755 2176 quocum
784 2122 1045 2165 consentiunt
1064 2122 1225 2164 nummi
1243 2121 1482 2164 indicantes
1502 2121 1600 2164 trib.
1622 2127 1710 2178 pot.
1731 2122 1776 2163 X
1796 2135 1838 2165 n.
1855 2124 1954 2165 239.
1974 2124 2073 2172 240,

354 2191 494 2247 vo(ta)
524 2191 614 2233 XX
644 2194 743 2234 240.

444 2258 696 2301 Trebellium
725 2257 973 2308 Pollionem,
1014 2258 1132 2300 cuius
1159 2257 1342 2300 indolem
1370 2260 1480 2300 recte
1509 2258 1598 2300 iam
1618 2257 1790 2312 pridem
1810 2260 2076 2312 perspectam

352 2327 503 2370 habuit
545 2326 727 2377 Eckhel,
767 2326 877 2368 idem
923 2326 969 2368 in
1012 2325 1195 2368 historia
1234 2325 1428 2368 Postumi
1460 2326 1563 2380 plus
1605 2326 1730 2368 semel
1772 2326 1945 2369 mentiri
1982 2326 2076 2368 iwre

352 2395 513 2438 monuit
542 2396 597 2449 cf.
615 2409 660 2449 p.
680 2397 772 2438 446.
803 2396 896 2436 448.
937 2393 1075 2436 Veluti
1102 2394 1333 2436 Postumus
1363 2395 1516 2449 iunior,
1541 2395 1615 2451 qui
1636 2410 1663 2437 a
1683 2401 1804 2451 patre
1835 2393 1995 2437 Caesar
2022 2408 2076 2436 ac

355 2464 558 2520 deinceps
602 2463 827 2517 Augustus
871 2469 1148 2519 nuncupatus
1192 2469 1257 2505 est
1299 2463 1371 2505 vit.
1412 2463 1507 2517 triq.
1550 2466 1630 2517 tyr.
1659 2466 1698 2514 4,
1727 2467 1752 2506 1
1789 2463 1912 2518 fictus
1951 2465 2012 2505 est
2047 2477 2076 2505 a

353 2531 545 2574 Pollione
585 2530 643 2573 ad
683 2544 902 2573 numerum
941 2530 1121 2584 triqinta
1160 2533 1436 2585 tyrannorum
1475 2530 1725 2585 explendum
1766 2544 1896 2584 neque
1938 2531 2076 2585 mayis

354 2602 584 2653 aqnoscunt
621 2599 782 2641 nummi
821 2597 902 2650 (M.
944 2598 1216 2652 Piavonium)
1257 2598 1516 2641 Victorinum
1555 2613 1584 2640 a
1622 2598 1822 2641 Postumo
1856 2599 1902 2641 in
1930 2599 2075 2653 parti-

353 2668 538 2721 cipatum
567 2667 736 2721 imperii
761 2670 964 2709 vocatum.
1013 2666 1120 2709 Cum
1144 2666 1284 2709 Pollio
1305 2667 1574 2721 propositum
1603 2666 1785 2718 haberet,
1815 2670 1864 2709 ut
1892 2667 2073 2722 impera-

353 2738 462 2778 tores
497 2734 744 2777 Galliarum
772 2736 946 2777 summis
975 2734 1172 2777 lau‘dibus
1209 2735 1273 2776 vel
1310 2735 1515 2777 ementitis
1554 2733 1743 2786 efferret,
1785 2738 1933 2777 contra
1977 2748 2073 2778 con-

355 2816 520 2845 sensum
539 2802 796 2856 reliquorum
812 2803 1066 2858 scriptorum
1086 2802 1213 2857 finxit
1232 2802 1461 2858 plerosque
1482 2802 1710 2845 tradidisse
1731 2802 1866 2845 filium
1887 2802 2074 2847 Gallieni

352 2884 438 2912 non
468 2885 494 2912 a
522 2870 752 2925 Postumo,
795 2870 871 2912 sed
911 2886 937 2912 a
968 2869 1106 2913 Gallis
1149 2870 1336 2912 occisum
1377 2885 1470 2912 esse
1507 2871 1579 2912 vit.
1613 2871 1710 2925 triy.
1743 2873 1822 2925 tyr.
1850 2873 1889 2921 3,
1919 2873 1959 2913 3.
2018 2871 2074 2914 In

353 2937 478 2980 huius
518 2938 721 2980 ‘auctoris
759 2938 910 2980 totiens
947 2938 1174 2980 mendacis‘
1208 2939 1444 2981 testimonio
1471 2939 1598 2981 unius
1628 2939 1817 2993 positwm
1851 2941 1924 2989 est,
1964 2937 2076 2992 quod

351 3006 437 3048 viri
464 3005 576 3048 docti
607 3019 735 3059 usque
762 3006 898 3048 adbuc
928 3007 1049 3061 reyni
1083 3007 1269 3061 spatium
1299 3006 1494 3048 Postumi
1533 3007 1651 3048 intra
1681 3021 1721 3049 a.
1751 3009 1959 3049 258-268
1986 3009 2073 3048 sta-

354 3076 543 3124 tuerunt,
584 3087 835 3127 quamquam
863 3074 1023 3117 Eckhel
1061 3075 1154 3116 iure
1183 3075 1230 3116 in
1260 3074 1432 3116 dubium
1459 3077 1692 3118 vocaverat.
1743 3074 1800 3116 In
1829 3074 1937 3116 actis
1965 3074 2075 3116 enim

352 3141 463 3196 fictis
482 3141 552 3185 vit.
577 3141 755 3184 Claudii
777 3145 815 3192 4,
837 3146 887 3193 4‚·
918 3146 955 3192 7,
976 3145 1063 3185 4-5
1095 3145 1242 3185 auctor
1272 3141 1446 3184 simulat
1470 3142 1678 3184 Tetricum
1703 3141 1877 3184 Gallias
1903 3142 2072 3193 rexisse,

353 3222 446 3252 cum
481 3208 693 3252 Claudius
730 3210 952 3264 imperium
990 3211 1131 3261 iniret,
1171 3210 1237 3253 ita
1268 3213 1317 3252 ut
1345 3210 1592 3253 Postumum
1620 3210 1838 3264 aliquanto
1869 3212 1966 3252 ante
1994 3209 2071 3252 sub

357 3276 553 3320 Gallieno
583 3278 762 3320 occisum
793 3291 877 3320 esse
901 3292 1057 3332 ponere
1085 3291 1247 3321 necesse
1276 3281 1391 3321 esset.
1446 3277 1568 3332 Quod
1584 3277 1847 3320 mendacium
1867 3291 1947 3332 quo
1969 3290 2071 3332 pro-

359 3344 543 3387 babilius
587 3345 789 3400 efficeret,
835 3360 1009 3400 reynum
1052 3346 1246 3389 Postumi
1283 3347 1330 3388 in
1373 3352 1536 3402 septem
1576 3361 1711 3388 annos
1751 3345 1964 3388 contraxit
2000 3345 2071 3387 vit.
