2202 3730
306 280 502 316 ASINIVS
1165 272 1247 314 160
1908 280 1942 314 Α
1949 278 2111 315 SINIVS

308 411 416 453 1007
447 411 608 452 Herius
641 408 867 462 (Asinius),
900 407 1014 449 filius
1046 407 1093 450 O.
1126 406 1265 449 Asinii
1297 406 1517 450 Pollionis.
1569 407 1681 451 Cum
1709 415 1880 451 mortuo
1911 409 1956 451 in
1983 409 2113 466 Syria

389 478 531 533 (inimo
561 478 607 519 in
637 477 787 530 Lycia)
828 475 877 518 C.
908 475 1094 518 Caesare
1135 482 1313 532 questus
1354 482 1465 518 esset
1499 475 1744 531 Augustus,
1788 477 1905 533 quod
1944 478 1988 519 in
2024 484 2112 520 tam

390 561 546 600 magno
591 552 632 586 et
674 545 834 585 recenti
880 543 1001 585 luctu
1045 543 1182 586 Pollio
1223 543 1348 600 pleno
1389 545 1589 587 convivio
1631 551 1847 599 cenasset,
1893 547 2114 602 rescripsit

392 614 528 655 Pollio
563 621 627 654 ‘co
659 613 728 654 die
766 613 938 666 cenavi,
982 627 1066 668 quo
1109 612 1289 654 Herium
1327 612 1462 655 filium
1502 614 1640 655 amisi‘
1675 613 1836 656 Seneca
1876 617 2056 656 controv.
2086 617 2114 656 4

387 697 458 736 pr.
489 684 589 723 4—5.
647 681 850 722 Mortuus
877 684 937 722 est
965 681 1097 735 iyitur
1127 684 1224 723 ante
1255 695 1294 723 a.
1316 684 1342 723 4
1363 696 1411 736 p.
1441 680 1487 724 O.

310 751 416 793 1008
449 756 525 791 CN.
557 755 769 800 ASINIVS,
801 748 1009 791 Pollionis
1041 755 1082 791 et
1107 748 1329 805 Agrippae
1360 764 1506 805 nepos,
1538 755 1745 806 patronus
1776 749 2111 793 Puteolanorum

389 819 434 861 X
454 821 566 861 1682
592 821 619 859 t.
643 817 930 868 Puteolanus,·
960 816 1077 872 filius
1107 831 1204 872 eryo
1232 816 1278 861 C.
1306 817 1455 860 Asinii
1481 817 1605 861 Galli
1634 821 1672 861 et
1702 818 1933 873 Vipsaniae
1953 818 2112 873 Ayrip-

389 888 533 941 pinae.
590 886 656 939 Cf.
688 900 728 930 n.
753 890 864 929 1017
892 889 995 928 eoetr.

310 956 418 998 1009
449 962 500 997 M.
542 961 739 996 ASINIVS
780 961 1018 1006 AGRIPPA,
1064 954 1214 997 consul
1258 970 1295 999 a.
1330 956 1384 998 25
1425 970 1466 1011 p.
1507 955 1556 999 C.
1599 970 1697 997 cum
1737 954 1870 998 Cosso
1912 954 2111 999 Cornelio

392 1023 590 1066 Lentulo.
641 1023 696 1065 In
726 1023 969 1065 consulatu:
998 1023 1057 1065 M.
1081 1023 1257 1065 Asinius
1278 1023 1478 1080 Agrippa
1502 1023 1611 1078 fasti
1634 1023 1872 1075 Arvalium,
1901 1023 1982 1067 XI
1992 1026 2112 1075 3613,

391 1091 478 1134 Dio
509 1091 596 1133 incl.
631 1091 656 1133 l.
688 1094 745 1133 57
752 1104 765 1142 ;
803 1091 862 1134 M.
893 1091 1045 1134 Asinio
1076 1091 1200 1134 A.
1219 1125 1228 1134 .
1262 1092 1346 1146 (AV
1378 1091 1584 1146 traditur)
1627 1092 1816 1143 V5594;
1845 1092 1905 1136 M.
1936 1091 2114 1135 Asinius

392 1161 424 1202 Ι
430 1160 471 1202 V
482 1163 608 1211 2552,
643 1159 710 1202 VI
722 1162 868 1210 10051,
899 1159 1164 1211 Cassiodor.;
1185 1159 1363 1202 Asinius
1385 1159 1582 1217 Agrippa
1608 1161 1704 1203 Tac.
1728 1175 1767 1203 a.
1788 1164 1828 1212 4,
1847 1163 1915 1212 34,
1937 1163 2115 1203 ceterum

391 1228 588 1284 Agrippa
617 1229 734 1282 fasti.

482 1298 744 1350 Quamquam
774 1297 912 1339 Marci
943 1296 1056 1339 filius
1088 1296 1244 1339 dicitur
1266 1297 1354 1340 Dio
1376 1297 1462 1342 incl.
1486 1297 1513 1340 l.
1538 1300 1605 1348 57,
1635 1300 1775 1340 tamen
1803 1300 1912 1340 recte
1931 1300 2116 1352 putatur

390 1366 506 1421 filius
545 1378 630 1407 esse
667 1364 713 1407 O.
745 1365 894 1408 Asinii
927 1365 1069 1416 Galli,
1117 1366 1170 1419 cf.
1207 1365 1305 1410 Tac.
1339 1380 1378 1408 a.
1410 1369 1458 1416 4,
1490 1369 1565 1417 61,
1606 1366 1681 1408 ubi
1719 1365 1919 1420 Ayrippa
1958 1365 2114 1408 dicitur

392 1434 534 1477 ‘claris
575 1435 807 1477 maioribus
848 1449 978 1490 quam
1018 1434 1200 1476 vetustis
1242 1435 1421 1491 vitaque
1460 1449 1546 1476 non
1582 1434 1785 1489 degener‘
1831 1437 1870 1476 et
1899 1448 1939 1476 a.
1971 1437 2009 1485 6,
2041 1436 2111 1485 23,

385 1504 461 1545 ubi
487 1502 641 1545 Gallus
671 1503 742 1558 (cf.
773 1517 814 1545 n.
836 1502 959 1556 1017)
993 1509 1072 1545 ‘tot
1103 1502 1395 1545 consularium
1425 1509 1612 1559 parens’.
1664 1502 1863 1545 Mortuus
1894 1507 1959 1545 est
1988 1516 2025 1544 a.
2058 1502 2114 1546 26

394 1572 490 1614 Tac.
514 1586 611 1614 ann.
632 1575 671 1622 4,
695 1575 759 1614 61.

307 1641 417 1682 1010
447 1639 625 1681 Asinius
656 1639 892 1694 Amiantus,
926 1646 1179 1696 procurator
1212 1638 1258 1682 O.
1281 1638 1422 1681 Asinii
1443 1638 1696 1682 Nicomachi
1715 1638 1873 1681 Iuliani
1893 1637 2004 1681 IGI
2015 1640 2113 1682 283.

307 1709 412 1750 1011
448 1714 645 1750 ASINIVS
677 1714 872 1762 BASSVS,
905 1709 1120 1750 maximus
1153 1723 1207 1750 ex
1236 1707 1386 1749 liberis
1409 1707 1550 1750 Asinii
1575 1708 1674 1750 Rufi
1703 1706 1927 1749 familiaris
1958 1705 2113 1762 Plinii3

390 1775 557 1818 Plinius
575 1791 599 1817 a
617 1777 828 1831 (Minicio)
846 1776 1058 1818 Fundano
1073 1775 1170 1828 (cos.
1190 1791 1228 1820 a.
1241 1775 1352 1830 107),
1369 1777 1437 1818 cui
1455 1776 1723 1818 consulatum
1741 1775 2003 1818 destinatum
2023 1790 2115 1818 esse

390 1844 603 1899 credebat,
637 1845 772 1900 petiit,
795 1851 845 1887 ut
865 1845 1048 1887 Bassum
1070 1851 1339 1901 quaestorem
1362 1844 1539 1899 eligeret
1558 1844 1678 1887 Plin.
1701 1845 1818 1899 epist.
1839 1847 1879 1895 4,
1901 1846 1965 1894 15,
1987 1846 2113 1886 6-13.

309 1914 418 1956 1012
450 1919 558 1956 SEX.
580 1919 778 1955 ASINIVS
806 1918 982 1967 CELER,
1016 1912 1164 1955 consul
1187 1910 1402 1965 (suffectus
1428 1912 1606 1955 seeundo
1635 1913 1839 1969 semestri)
1870 1927 1908 1954 a.
1929 1912 1984 1954 38
2015 1926 2114 1954 cum

392 2014 517 2023 .....
537 1981 649 2022 tonio
694 1980 1010 2035 Quinctilian03
1051 1980 1152 2024 SeX.
1183 1981 1334 2023 Asinio
1367 1980 1518 2024 Celere
1550 2013 1559 2023 .
1580 2013 1588 2023 .
1608 2013 1617 2023 .
1636 1982 1807 2023 ..tonio
1844 1979 2113 2033 Quintiliano

389 2049 589 2092 Frontin.
632 2049 680 2091 de
720 2050 842 2103 aquis
881 2053 987 2100 102,
1032 2082 1211 2092 .......
1228 2051 1300 2092 nio
1333 2049 1629 2102 Quinctiliano
1669 2052 1767 2091 acta
1794 2048 1947 2091 Arval.
1990 2062 2030 2091 a.
2059 2050 2115 2091 38

391 2117 459 2159 VI
469 2117 624 2160 2028d
642 2120 709 2159 18.
732 2142 784 2148 ——
808 2118 1078 2160 Menzoratur
1107 2118 1152 2160 in
1175 2121 1202 2159 t.
1224 2118 1334 2159 servi
1352 2118 1470 2172 filiae
1501 2117 1569 2160 VI
1583 2121 1690 2160 9901
1712 2117 1770 2172 (1)
1792 2120 1831 2160 et
1854 2117 1902 2159 in
1922 2120 1950 2159 t.
1973 2115 2117 2159 liberti

390 2187 542 2227 matris
574 2185 641 2227 VI
656 2188 763 2228 9901
775 2200 802 2227 α
833 2187 920 2243 (2),·
951 2185 1010 2228 acl
1041 2200 1132 2228 eum
1152 2187 1370 2240 pertinere
1395 2185 1560 2228 videtur
1585 2186 1870 2240 fraymenturn
1894 2185 2114 2228 Teatinum

392 2252 492 2295 Sex.
525 2253 635 2296 Asin
651 2287 660 2296 .
678 2286 687 2296 .
707 2289 715 2298 .
750 2254 875 2297 Celer
893 2287 902 2296 .
921 2288 930 2296 .
949 2287 959 2296 .
978 2287 986 2296 .
1019 2254 1099 2296 IX
1124 2258 1238 2296 3017
1265 2253 1336 2309 (3).

475 2322 736 2364 Praenomen
768 2322 962 2365 emhibent
989 2322 1227 2365 Frontinus
1257 2326 1296 2365 et
1326 2326 1352 2365 t.
1385 2326 1424 2373 3,
1466 2325 1646 2365 ceterum
1681 2321 1858 2364 Asinius
1890 2320 2027 2365 Celer.
2061 2345 2113 2352 —

391 2389 505 2433 Galli
549 2390 664 2432 filius
705 2393 733 2432 t.
774 2394 806 2433 2
851 2390 1011 2433 scilicet
1051 2389 1094 2433 G.
1136 2390 1284 2433 Asinii
1321 2390 1443 2434 Galli
1486 2394 1525 2433 et
1564 2390 1792 2445 Vipsaniae
1831 2389 2110 2445 Agrippinae.

391 2457 553 2500 Consul
584 2474 621 2501 a.
654 2459 708 2500 38
736 2472 771 2500 v.
803 2472 948 2513 supra,
978 2459 1216 2501 consularis
1248 2459 1409 2502 Seneca
1439 2459 1720 2514 apocolocynt.
1751 2461 1823 2509 13,
1856 2457 1972 2500 Plin.
2001 2471 2043 2501 n.
2071 2456 2111 2500 h.

390 2529 429 2576 9,
451 2529 516 2576 67,
550 2527 747 2569 Macrob.
778 2530 858 2569 sat.
888 2531 926 2578 3,
961 2531 1027 2578 16,
1059 2531 1097 2570 9.
1152 2527 1193 2570 A
1224 2527 1333 2571 Graio
1365 2528 1561 2584 principe
1590 2528 1750 2584 piscem
1781 2527 1946 2581 ingenti
1974 2527 2112 2582 pretio

392 2601 605 2636 mercatus
647 2594 789 2645 Plin.,
833 2595 1030 2637 Macrob.
1068 2595 1094 2639 l.
1127 2595 1176 2646 l.,
1228 2596 1475 2638 Tertullian.
1515 2595 1564 2638 de
1591 2595 1731 2649 pallio
1769 2597 1797 2638 5
1806 2608 1820 2647 ,·
1863 2609 1890 2638 a
1929 2593 2112 2637 Claudio

391 2663 555 2704 occisus
588 2663 750 2704 Seneca
781 2662 806 2704 l.
837 2663 862 2705 l.
897 2690 948 2694 ——
982 2663 1135 2705 Asinia
1164 2663 1408 2720 Agrippina
1437 2663 1527 2705 filia
1557 2666 1585 2706 t.
1612 2667 1649 2707 1.

310 2729 418 2772 1013
448 2729 626 2772 Asinius
667 2731 906 2787 Epicadus,
948 2746 1004 2773 ex
1041 2738 1169 2787 gente
1200 2731 1409 2774 Parthina
1448 2731 1655 2787 hybrida,
1697 2745 1796 2774 cum
1832 2729 2026 2773 Audasio
2066 2730 2111 2772 in

390 2796 636 2852 Augustum
666 2799 745 2841 sub
776 2799 905 2841 finem
936 2801 1105 2856 imperii
1137 2801 1391 2854 coniuravit,
1415 2807 1463 2842 ut
1482 2799 1638 2842 Iuliam
1656 2798 1789 2841 filiam
1811 2805 1853 2841 et
1871 2798 2111 2855 Agrippam

391 2872 590 2921 nepotem
634 2881 687 2908 ex
732 2867 905 2922 insulis,
953 2867 1112 2924 quibus
1158 2869 1513 2922 continebantur,
1560 2868 1615 2910 ad
1656 2869 1871 2910 exercitus
1910 2872 2112 2923 raperent

394 2933 567 2976 Sueton.
588 2934 698 2989 Auy.
720 2939 786 2979 19.
838 2935 1042 2978 Fortasse
1074 2936 1247 2978 libertus
1275 2936 1320 2979 O.
1351 2936 1501 2978 Asinii
1526 2936 1744 2979 Pollionis.

310 3002 419 3043 1014
449 3009 646 3044 ASINIVS
680 3009 885 3057 GALLVS,
916 3004 1051 3046 Drusi
1083 3004 1215 3046 frater
1245 3006 1438 3047 uterinus
1467 3003 1557 3048 Dio
1589 3008 1654 3055 60,
1676 3007 1746 3055 27,
1779 3002 1987 3046 Pollionis
2016 3016 2108 3045 ora-

393 3071 497 3111 toris
526 3085 659 3127 nepos
692 3071 861 3114 Sueten.
897 3072 1048 3114 Claud.
1081 3076 1157 3124 13,·
1195 3073 1313 3127 filius
1342 3087 1438 3128 erqo
1475 3072 1521 3116 O.
1553 3073 1701 3115 Asinii
1736 3071 1857 3115 Galli
1884 3074 1925 3114 et
1950 3070 2111 3126 Ayrip-

388 3138 534 3191 pinae.
597 3138 706 3181 Cum
747 3140 915 3182 Statilio
952 3141 1142 3184 Corvino
1182 3156 1219 3183 a.
1251 3142 1306 3184 46
1347 3143 1390 3183 in
1432 3141 1663 3184 Claudium
1702 3140 1946 3182 coniuravit
1984 3145 2027 3181 et
2065 3138 2110 3180 in

389 3205 565 3248 exilium
597 3214 717 3248 actus
760 3215 844 3262 est,
887 3210 945 3252 ὅτι
976 3211 1040 3251 καὶ
1072 3208 1325 3266 σμικρότατος
1355 3212 1420 3252 καὶ
1453 3209 1746 3255 δυσειδέστατος
1775 3210 1830 3252 ὢν
1862 3210 1940 3252 κάκ
1969 3207 2108 3251 τούτου
2173 3254 2175 3256 ,

390 3276 706 3331 καταφρονηθεὶς
735 3276 891 3333 γέλωτα
924 3280 1075 3334 μᾶλλον
1106 3279 1131 3333 ἢ
1162 3279 1341 3321 κίνδυνον
1364 3279 1499 3334 ὦφλεν
1520 3277 1621 3328 Dio,
1645 3277 1815 3321 Sueton.
1839 3276 1866 3319 l.
1889 3276 1916 3319 l.
1960 3275 2108 3319 Nomi·
2149 3282 2153 3287 '

389 3345 520 3383 natur
548 3346 595 3384 ut
625 3343 758 3385 frater
787 3343 926 3386 Asinii
960 3344 1121 3387 Celeris
1143 3345 1226 3388 <VI
1247 3349 1368 3389 9901.
