<?xml version="1.0" encoding="UTF-8"?>
<!DOCTYPE html PUBLIC "-//W3C//DTD XHTML 1.0 Transitional//EN"
    "http://www.w3.org/TR/xhtml1/DTD/xhtml1-transitional.dtd">
<html xmlns="http://www.w3.org/1999/xhtml" xml:lang="en" lang="en">
 <head>
  <title>
</title>
<meta http-equiv="Content-Type" content="text/html;charset=utf-8" />
  <meta name='ocr-system' content='tesseract 3.04.00' />
  <meta name='ocr-capabilities' content='ocr_page ocr_carea ocr_par ocr_line ocrx_word'/>
</head>
<body>
  <div class='ocr_page' id='page_1' title='image "./prosopographiaim01akaduoft_0088.png"; bbox 0 0 2202 3730; ppageno 0'>
   <div class='ocr_carea' id='block_1_1' title="bbox 284 293 2084 340">
    <p class='ocr_par' dir='ltr' id='par_1_1' title="bbox 284 293 2084 340">
     <span class='ocr_line' id='line_1_1' title="bbox 284 293 2084 340; baseline 0.003 -7"><span class='ocrx_word' id='word_1_1' title='bbox 284 297 354 333; x_wconf 89' lang='lat' dir='ltr'>AN</span> <span class='ocrx_word' id='word_1_2' title='bbox 357 297 470 335; x_wconf 84' lang='lat' dir='ltr'>NIVS</span> <span class='ocrx_word' id='word_1_3' title='bbox 1159 293 1214 336; x_wconf 83' lang='grc'>72</span> <span class='ocrx_word' id='word_1_4' title='bbox 1898 301 2084 340; x_wconf 79' lang='lat' dir='ltr'>ANNIVS</span> 
     </span>
    </p>
   </div>
   <div class='ocr_carea' id='block_1_2' title="bbox 288 363 453 367">
    <p class='ocr_par' dir='ltr' id='par_1_2' title="bbox 288 363 453 367">
     <span class='ocr_line' id='line_1_2' title="bbox 288 363 453 367; baseline 0 0"><span class='ocrx_word' id='word_1_5' title='bbox 288 363 453 367; x_wconf 95' lang='lat' dir='ltr'> </span> 
     </span>
    </p>
   </div>
   <div class='ocr_carea' id='block_1_3' title="bbox 279 428 2087 3426">
    <p class='ocr_par' dir='ltr' id='par_1_3' title="bbox 282 428 2087 622">
     <span class='ocr_line' id='line_1_3' title="bbox 368 428 2087 484; baseline 0.003 -14"><span class='ocrx_word' id='word_1_6' title='bbox 368 432 407 481; x_wconf 91' lang='lat'>1,</span> <span class='ocrx_word' id='word_1_7' title='bbox 429 428 510 480; x_wconf 84' lang='lat'><strong><em>13),</em></strong></span> <span class='ocrx_word' id='word_1_8' title='bbox 553 429 781 472; x_wconf 89' lang='lat' dir='ltr'>Claudium</span> <span class='ocrx_word' id='word_1_9' title='bbox 819 429 1026 471; x_wconf 86' lang='lat' dir='ltr'>Severum</span> <span class='ocrx_word' id='word_1_10' title='bbox 1066 429 1155 470; x_wconf 83' lang='lat' dir='ltr'>vita</span> <span class='ocrx_word' id='word_1_11' title='bbox 1184 432 1227 480; x_wconf 91' lang='grc'>2,</span> <span class='ocrx_word' id='word_1_12' title='bbox 1260 432 1399 480; x_wconf 89' lang='grc'><strong><em>7-3,</em></strong></span> <span class='ocrx_word' id='word_1_13' title='bbox 1429 432 1457 471; x_wconf 90' lang='grc'><em>3</em></span> <span class='ocrx_word' id='word_1_14' title='bbox 1486 430 1540 484; x_wconf 80' lang='lat' dir='ltr'>cf.</span> <span class='ocrx_word' id='word_1_15' title='bbox 1570 428 1660 473; x_wconf 88' lang='lat' dir='ltr'>Dio</span> <span class='ocrx_word' id='word_1_16' title='bbox 1688 433 1757 482; x_wconf 92' lang='grc'>72,</span> <span class='ocrx_word' id='word_1_17' title='bbox 1786 433 1852 475; x_wconf 90' lang='grc'>35.</span> <span class='ocrx_word' id='word_1_18' title='bbox 1911 431 2087 476; x_wconf 87' lang='lat' dir='ltr'>Studuit</span> 
     </span>
     <span class='ocr_line' id='line_1_4' title="bbox 328 496 2084 556; baseline 0.003 -17"><span class='ocrx_word' id='word_1_19' title='bbox 328 544 331 546; x_wconf 79' lang='lat'><strong>.</strong></span> <span class='ocrx_word' id='word_1_20' title='bbox 370 503 413 540; x_wconf 95' lang='lat' dir='ltr'>et</span> <span class='ocrx_word' id='word_1_21' title='bbox 451 498 545 539; x_wconf 66' lang='lat' dir='ltr'>‘iuri</span> <span class='ocrx_word' id='word_1_22' title='bbox 595 497 775 539; x_wconf 90' lang='lat' dir='ltr'>audiens</span> <span class='ocrx_word' id='word_1_23' title='bbox 821 497 872 539; x_wconf 90' lang='lat' dir='ltr'>L.</span> <span class='ocrx_word' id='word_1_24' title='bbox 910 496 1138 539; x_wconf 90' lang='lat' dir='ltr'>Volusium</span> <span class='ocrx_word' id='word_1_25' title='bbox 1182 497 1454 540; x_wconf 82' lang='lat' dir='ltr'>Maecianum</span> <span class='ocrx_word' id='word_1_26' title='bbox 1496 499 1586 540; x_wconf 90' lang='grc' dir='ltr'><em>υἱέα</em></span> <span class='ocrx_word' id='word_1_27' title='bbox 1622 502 1683 550; x_wconf 78' lang='grc'>3,</span> <span class='ocrx_word' id='word_1_28' title='bbox 1711 502 1737 541; x_wconf 93' lang='grc'><strong><em>6</em></strong></span> <span class='ocrx_word' id='word_1_29' title='bbox 1782 505 1825 542; x_wconf 89' lang='lat' dir='ltr'>et</span> <span class='ocrx_word' id='word_1_30' title='bbox 1867 501 2084 556; x_wconf 88' lang='lat' dir='ltr'>pingendo</span> 
     </span>
     <span class='ocr_line' id='line_1_5' title="bbox 282 565 1796 622; baseline 0.002 -15"><span class='ocrx_word' id='word_1_31' title='bbox 282 575 284 577; x_wconf 81' lang='grc'><strong>’</strong></span> <span class='ocrx_word' id='word_1_32' title='bbox 368 566 584 620; x_wconf 83' lang='lat' dir='ltr'>Diogneto</span> <span class='ocrx_word' id='word_1_33' title='bbox 618 566 824 619; x_wconf 86' lang='lat' dir='ltr'>magistro</span> <span class='ocrx_word' id='word_1_34' title='bbox 855 579 1030 621; x_wconf 84' lang='lat' dir='ltr'><strong>operam</strong></span> <span class='ocrx_word' id='word_1_35' title='bbox 1058 565 1177 608; x_wconf 85' lang='lat' dir='ltr'>dedit</span> <span class='ocrx_word' id='word_1_36' title='bbox 1205 566 1295 608; x_wconf 81' lang='lat' dir='ltr'>vita</span> <span class='ocrx_word' id='word_1_37' title='bbox 1322 569 1361 616; x_wconf 99' lang='lat'>4,</span> <span class='ocrx_word' id='word_1_38' title='bbox 1392 569 1418 608; x_wconf 91' lang='grc'><em>9</em></span> <span class='ocrx_word' id='word_1_39' title='bbox 1449 566 1649 621; x_wconf 79' lang='lat' dir='ltr'>(Marcus</span> <span class='ocrx_word' id='word_1_40' title='bbox 1675 570 1714 618; x_wconf 93' lang='lat'>1,</span> <span class='ocrx_word' id='word_1_41' title='bbox 1740 567 1796 622; x_wconf 90' lang='lat'>6).</span> 
     </span>
    </p>

    <p class='ocr_par' dir='ltr' id='par_1_4' title="bbox 344 633 2086 965">
     <span class='ocr_line' id='line_1_6' title="bbox 455 633 2086 695; baseline 0.004 -21"><span class='ocrx_word' id='word_1_42' title='bbox 455 633 615 686; x_wconf 81' lang='lat' dir='ltr'>Quinto</span> <span class='ocrx_word' id='word_1_43' title='bbox 647 633 811 675; x_wconf 90' lang='lat' dir='ltr'>decimo</span> <span class='ocrx_word' id='word_1_44' title='bbox 853 634 1004 675; x_wconf 88' lang='lat' dir='ltr'>aetatis</span> <span class='ocrx_word' id='word_1_45' title='bbox 1044 641 1171 675; x_wconf 86' lang='lat' dir='ltr'>anno&#39;</span> <span class='ocrx_word' id='word_1_46' title='bbox 1195 633 1250 688; x_wconf 90' lang='lat' dir='ltr'>(a.</span> <span class='ocrx_word' id='word_1_47' title='bbox 1284 634 1485 688; x_wconf 78' lang='lat' dir='ltr'>135l136)</span> <span class='ocrx_word' id='word_1_48' title='bbox 1525 634 1695 676; x_wconf 87' lang='lat' dir='ltr'>virilem</span> <span class='ocrx_word' id='word_1_49' title='bbox 1730 642 1875 690; x_wconf 87' lang='lat' dir='ltr'>togam</span> <span class='ocrx_word' id='word_1_50' title='bbox 1904 639 2086 695; x_wconf 83' lang='lat' dir='ltr'>sumpsit</span> 
     </span>
     <span class='ocr_line' id='line_1_7' title="bbox 368 701 2085 760; baseline 0.003 -17"><span class='ocrx_word' id='word_1_51' title='bbox 368 702 598 757; x_wconf 89' lang='lat' dir='ltr'>statimque</span> <span class='ocrx_word' id='word_1_52' title='bbox 630 702 667 743; x_wconf 90' lang='lat' dir='ltr'>ei</span> <span class='ocrx_word' id='word_1_53' title='bbox 698 702 748 744; x_wconf 88' lang='lat' dir='ltr'>L.</span> <span class='ocrx_word' id='word_1_54' title='bbox 771 701 938 744; x_wconf 85' lang='lat' dir='ltr'>Ceionii</span> <span class='ocrx_word' id='word_1_55' title='bbox 969 701 1192 744; x_wconf 85' lang='lat' dir='ltr'>Commodi</span> <span class='ocrx_word' id='word_1_56' title='bbox 1224 702 1313 756; x_wconf 78' lang='lat' dir='ltr'>(qui</span> <span class='ocrx_word' id='word_1_57' title='bbox 1341 716 1381 744; x_wconf 93' lang='lat' dir='ltr'>a.</span> <span class='ocrx_word' id='word_1_58' title='bbox 1406 704 1486 744; x_wconf 82' lang='lat'>136</span> <span class='ocrx_word' id='word_1_59' title='bbox 1517 703 1569 744; x_wconf 92' lang='lat' dir='ltr'>ab</span> <span class='ocrx_word' id='word_1_60' title='bbox 1601 703 1827 746; x_wconf 88' lang='lat' dir='ltr'>Hadriano</span> <span class='ocrx_word' id='word_1_61' title='bbox 1859 705 2085 760; x_wconf 77' lang='lat' dir='ltr'>adoptatus</span> 
     </span>
     <span class='ocr_line' id='line_1_8' title="bbox 344 769 2083 826; baseline 0.002 -13"><span class='ocrx_word' id='word_1_62' title='bbox 344 770 416 815; x_wconf 75' lang='lat' dir='ltr'>,L.</span> <span class='ocrx_word' id='word_1_63' title='bbox 446 770 599 812; x_wconf 83' lang='lat' dir='ltr'>Aelius</span> <span class='ocrx_word' id='word_1_64' title='bbox 626 769 787 812; x_wconf 81' lang='lat' dir='ltr'>Caesar</span> <span class='ocrx_word' id='word_1_65' title='bbox 819 770 954 812; x_wconf 84' lang='lat' dir='ltr'>dietus</span> <span class='ocrx_word' id='word_1_66' title='bbox 984 770 1059 825; x_wconf 52' lang='lat' dir='ltr'>es&amp;</span> <span class='ocrx_word' id='word_1_67' title='bbox 1099 769 1189 812; x_wconf 92' lang='lat' dir='ltr'>filia</span> <span class='ocrx_word' id='word_1_68' title='bbox 1219 770 1476 826; x_wconf 84' lang='lat' dir='ltr'>desponsata</span> <span class='ocrx_word' id='word_1_69' title='bbox 1512 776 1577 813; x_wconf 91' lang='lat' dir='ltr'>est</span> <span class='ocrx_word' id='word_1_70' title='bbox 1613 785 1668 813; x_wconf 87' lang='lat' dir='ltr'>ex</span> <span class='ocrx_word' id='word_1_71' title='bbox 1695 771 1908 815; x_wconf 87' lang='lat' dir='ltr'>Hadriani</span> <span class='ocrx_word' id='word_1_72' title='bbox 1935 773 2083 816; x_wconf 88' lang='lat' dir='ltr'>volun-</span> 
     </span>
     <span class='ocr_line' id='line_1_9' title="bbox 366 838 2085 895; baseline 0.002 -15"><span class='ocrx_word' id='word_1_73' title='bbox 366 844 475 891; x_wconf 82' lang='lat' dir='ltr'>tate3</span> <span class='ocrx_word' id='word_1_74' title='bbox 516 853 595 880; x_wconf 92' lang='lat' dir='ltr'>nec</span> <span class='ocrx_word' id='word_1_75' title='bbox 625 838 760 881; x_wconf 90' lang='lat' dir='ltr'>multo</span> <span class='ocrx_word' id='word_1_76' title='bbox 793 844 889 894; x_wconf 92' lang='lat' dir='ltr'>post</span> <span class='ocrx_word' id='word_1_77' title='bbox 919 839 1047 893; x_wconf 90' lang='lat' dir='ltr'>(anno</span> <span class='ocrx_word' id='word_1_78' title='bbox 1076 839 1164 892; x_wconf 83' lang='lat' dir='ltr'>fere</span> <span class='ocrx_word' id='word_1_79' title='bbox 1194 840 1290 895; x_wconf 85' lang='lat'><strong><em>137)</em></strong></span> <span class='ocrx_word' id='word_1_80' title='bbox 1321 838 1565 895; x_wconf 76' lang='lat' dir='ltr'>praefectus</span> <span class='ocrx_word' id='word_1_81' title='bbox 1593 839 1799 882; x_wconf 87' lang='lat' dir='ltr'>feriarum</span> <span class='ocrx_word' id='word_1_82' title='bbox 1828 841 2085 884; x_wconf 88' lang='lat' dir='ltr'>Latinarum</span> 
     </span>
     <span class='ocr_line' id='line_1_10' title="bbox 366 905 2084 965; baseline 0.002 -16"><span class='ocrx_word' id='word_1_83' title='bbox 366 905 457 953; x_wconf 45' lang='lat' dir='ltr'>fuit.</span> <span class='ocrx_word' id='word_1_84' title='bbox 480 907 569 949; x_wconf 83' lang='lat' dir='ltr'>vita</span> <span class='ocrx_word' id='word_1_85' title='bbox 597 910 645 958; x_wconf 90' lang='lat'>4,</span> <span class='ocrx_word' id='word_1_86' title='bbox 677 909 776 949; x_wconf 86' lang='lat'><strong><em>5-6.</em></strong></span> <span class='ocrx_word' id='word_1_87' title='bbox 843 907 948 949; x_wconf 84' lang='lat' dir='ltr'>Post</span> <span class='ocrx_word' id='word_1_88' title='bbox 987 906 1152 950; x_wconf 89' lang='lat' dir='ltr'>obitum</span> <span class='ocrx_word' id='word_1_89' title='bbox 1190 907 1243 949; x_wconf 93' lang='lat' dir='ltr'>L.</span> <span class='ocrx_word' id='word_1_90' title='bbox 1285 906 1482 949; x_wconf 84' lang='lat' dir='ltr'>Caesaris</span> <span class='ocrx_word' id='word_1_91' title='bbox 1523 907 1634 962; x_wconf 77' lang='lat' dir='ltr'>(kal.</span> <span class='ocrx_word' id='word_1_92' title='bbox 1664 908 1888 951; x_wconf 74' lang='lat' dir='ltr'>Ianuariis</span> <span class='ocrx_word' id='word_1_93' title='bbox 1917 924 1957 952; x_wconf 90' lang='lat' dir='ltr'>a.</span> <span class='ocrx_word' id='word_1_94' title='bbox 1987 911 2084 965; x_wconf 83' lang='lat'><strong><em>138)</em></strong></span> 
     </span>
    </p>

    <p class='ocr_par' dir='ltr' id='par_1_5' title="bbox 279 974 2085 2330">
     <span class='ocr_line' id='line_1_11' title="bbox 279 974 2085 1035; baseline 0.003 -19"><span class='ocrx_word' id='word_1_95' title='bbox 279 991 283 997; x_wconf 90' lang='lat'><em>·</em></span> <span class='ocrx_word' id='word_1_96' title='bbox 364 974 626 1030; x_wconf 79' lang='lat' dir='ltr'>Hadrianus,</span> <span class='ocrx_word' id='word_1_97' title='bbox 659 990 757 1017; x_wconf 92' lang='lat' dir='ltr'>cum</span> <span class='ocrx_word' id='word_1_98' title='bbox 787 989 1079 1018; x_wconf 80' lang='lat' dir='ltr'>successorem</span> <span class='ocrx_word' id='word_1_99' title='bbox 1108 975 1276 1031; x_wconf 91' lang='lat' dir='ltr'>imperii</span> <span class='ocrx_word' id='word_1_100' title='bbox 1300 981 1528 1031; x_wconf 88' lang='lat' dir='ltr'>quaereret</span> <span class='ocrx_word' id='word_1_101' title='bbox 1546 990 1686 1032; x_wconf 90' lang='lat' dir='ltr'>neque</span> <span class='ocrx_word' id='word_1_102' title='bbox 1713 976 1904 1033; x_wconf 89' lang='lat' dir='ltr'>idoneus,</span> <span class='ocrx_word' id='word_1_103' title='bbox 1937 983 2085 1035; x_wconf 89' lang='lat' dir='ltr'>utpote</span> 
     </span>
     <span class='ocr_line' id='line_1_12' title="bbox 364 1042 2084 1101; baseline 0.002 -16"><span class='ocrx_word' id='word_1_104' title='bbox 364 1042 513 1089; x_wconf 90' lang='lat' dir='ltr'>decem</span> <span class='ocrx_word' id='word_1_105' title='bbox 543 1049 586 1086; x_wconf 91' lang='lat' dir='ltr'>et</span> <span class='ocrx_word' id='word_1_106' title='bbox 615 1050 710 1086; x_wconf 88' lang='lat' dir='ltr'>octo</span> <span class='ocrx_word' id='word_1_107' title='bbox 742 1058 877 1086; x_wconf 90' lang='lat' dir='ltr'>annos</span> <span class='ocrx_word' id='word_1_108' title='bbox 914 1057 1069 1098; x_wconf 86' lang='lat' dir='ltr'>agens,</span> <span class='ocrx_word' id='word_1_109' title='bbox 1101 1043 1274 1085; x_wconf 88' lang='lat' dir='ltr'>Marcus</span> <span class='ocrx_word' id='word_1_110' title='bbox 1304 1042 1561 1096; x_wconf 86' lang='lat' dir='ltr'>haberetur,</span> <span class='ocrx_word' id='word_1_111' title='bbox 1602 1045 1759 1087; x_wconf 89' lang='lat' dir='ltr'>amitae</span> <span class='ocrx_word' id='word_1_112' title='bbox 1789 1045 1860 1100; x_wconf 81' lang='lat' dir='ltr'>(ef.</span> <span class='ocrx_word' id='word_1_113' title='bbox 1892 1047 2084 1101; x_wconf 77' lang='lat' dir='ltr'>stemma)</span> 
     </span>
     <span class='ocr_line' id='line_1_13' title="bbox 363 1111 2084 1157; baseline 0.002 -4"><span class='ocrx_word' id='word_1_114' title='bbox 363 1111 500 1154; x_wconf 90' lang='lat' dir='ltr'>Marci</span> <span class='ocrx_word' id='word_1_115' title='bbox 543 1113 684 1154; x_wconf 91' lang='lat' dir='ltr'>virum</span> <span class='ocrx_word' id='word_1_116' title='bbox 713 1112 764 1155; x_wconf 88' lang='grc' dir='ltr'>Τ.</span> <span class='ocrx_word' id='word_1_117' title='bbox 796 1111 1021 1154; x_wconf 89' lang='lat' dir='ltr'>Aurelium</span> <span class='ocrx_word' id='word_1_118' title='bbox 1050 1111 1236 1155; x_wconf 86' lang='lat' dir='ltr'>Fulvum</span> <span class='ocrx_word' id='word_1_119' title='bbox 1266 1112 1494 1153; x_wconf 92' lang='lat' dir='ltr'>Boionium</span> <span class='ocrx_word' id='word_1_120' title='bbox 1524 1111 1703 1154; x_wconf 88' lang='lat' dir='ltr'>Arrium</span> <span class='ocrx_word' id='word_1_121' title='bbox 1731 1112 2003 1156; x_wconf 91' lang='lat' dir='ltr'>Antoninum</span> <span class='ocrx_word' id='word_1_122' title='bbox 2033 1129 2084 1157; x_wconf 89' lang='lat' dir='ltr'>ca</span> 
     </span>
     <span class='ocr_line' id='line_1_14' title="bbox 363 1179 2081 1238; baseline 0.002 -16"><span class='ocrx_word' id='word_1_123' title='bbox 363 1180 468 1235; x_wconf 66' lang='lat' dir='ltr'>lege,</span> <span class='ocrx_word' id='word_1_124' title='bbox 497 1181 543 1222; x_wconf 92' lang='lat' dir='ltr'>in</span> <span class='ocrx_word' id='word_1_125' title='bbox 585 1180 860 1236; x_wconf 90' lang='lat' dir='ltr'>adoptionem</span> <span class='ocrx_word' id='word_1_126' title='bbox 900 1179 1028 1235; x_wconf 88' lang='lat' dir='ltr'>elegit</span> <span class='ocrx_word' id='word_1_127' title='bbox 1067 1179 1127 1233; x_wconf 87' lang='lat' dir='ltr'>(d.</span> <span class='ocrx_word' id='word_1_128' title='bbox 1159 1181 1212 1222; x_wconf 83' lang='lat'>25</span> <span class='ocrx_word' id='word_1_129' title='bbox 1243 1194 1376 1223; x_wconf 81' lang='lat' dir='ltr'>mens,</span> <span class='ocrx_word' id='word_1_130' title='bbox 1407 1180 1537 1222; x_wconf 87' lang='lat' dir='ltr'>Febr.</span> <span class='ocrx_word' id='word_1_131' title='bbox 1569 1195 1607 1223; x_wconf 88' lang='lat' dir='ltr'>a.</span> <span class='ocrx_word' id='word_1_132' title='bbox 1641 1181 1722 1223; x_wconf 87' lang='lat'>138</span> <span class='ocrx_word' id='word_1_133' title='bbox 1751 1181 1824 1223; x_wconf 81' lang='lat' dir='ltr'>vit.</span> <span class='ocrx_word' id='word_1_134' title='bbox 1853 1181 1932 1224; x_wconf 90' lang='lat' dir='ltr'>Pii</span> <span class='ocrx_word' id='word_1_135' title='bbox 1953 1186 1993 1233; x_wconf 91' lang='lat'>4,</span> <span class='ocrx_word' id='word_1_136' title='bbox 2025 1184 2081 1238; x_wconf 94' lang='lat'>6),</span> 
     </span>
     <span class='ocr_line' id='line_1_15' title="bbox 363 1247 2084 1302; baseline 0.001 -11"><span class='ocrx_word' id='word_1_137' title='bbox 363 1255 410 1291; x_wconf 93' lang='lat' dir='ltr'>ut</span> <span class='ocrx_word' id='word_1_138' title='bbox 437 1247 509 1291; x_wconf 93' lang='lat' dir='ltr'>ille</span> <span class='ocrx_word' id='word_1_139' title='bbox 539 1249 597 1291; x_wconf 90' lang='lat' dir='ltr'>M.</span> <span class='ocrx_word' id='word_1_140' title='bbox 628 1248 821 1290; x_wconf 89' lang='lat' dir='ltr'>Annium</span> <span class='ocrx_word' id='word_1_141' title='bbox 852 1248 1013 1290; x_wconf 91' lang='lat' dir='ltr'>Verum</span> <span class='ocrx_word' id='word_1_142' title='bbox 1046 1253 1088 1289; x_wconf 92' lang='lat' dir='ltr'>et</span> <span class='ocrx_word' id='word_1_143' title='bbox 1116 1248 1167 1290; x_wconf 91' lang='lat' dir='ltr'>L.</span> <span class='ocrx_word' id='word_1_144' title='bbox 1189 1247 1484 1302; x_wconf 85' lang='lat' dir='ltr'>Commodum,</span> <span class='ocrx_word' id='word_1_145' title='bbox 1517 1247 1653 1290; x_wconf 93' lang='lat' dir='ltr'>filium</span> <span class='ocrx_word' id='word_1_146' title='bbox 1677 1248 1728 1292; x_wconf 93' lang='lat' dir='ltr'>L.</span> <span class='ocrx_word' id='word_1_147' title='bbox 1750 1248 1864 1291; x_wconf 92' lang='lat' dir='ltr'>Aelii</span> <span class='ocrx_word' id='word_1_148' title='bbox 1886 1248 2084 1293; x_wconf 86' lang='lat' dir='ltr'>Caesaris</span> 
     </span>
     <span class='ocr_line' id='line_1_16' title="bbox 363 1315 2084 1373; baseline 0.001 -14"><span class='ocrx_word' id='word_1_149' title='bbox 363 1317 444 1360; x_wconf 89' lang='lat' dir='ltr'>sibi</span> <span class='ocrx_word' id='word_1_150' title='bbox 465 1317 691 1373; x_wconf 89' lang='lat' dir='ltr'>adoptaret</span> <span class='ocrx_word' id='word_1_151' title='bbox 709 1317 798 1358; x_wconf 80' lang='lat' dir='ltr'>vita</span> <span class='ocrx_word' id='word_1_152' title='bbox 817 1319 855 1367; x_wconf 89' lang='lat'>5,</span> <span class='ocrx_word' id='word_1_153' title='bbox 877 1320 915 1367; x_wconf 96' lang='lat'>1,</span> <span class='ocrx_word' id='word_1_154' title='bbox 937 1315 1024 1358; x_wconf 88' lang='lat' dir='ltr'>Dio</span> <span class='ocrx_word' id='word_1_155' title='bbox 1046 1319 1112 1366; x_wconf 88' lang='lat'>69,</span> <span class='ocrx_word' id='word_1_156' title='bbox 1133 1319 1203 1367; x_wconf 88' lang='grc'>21,</span> <span class='ocrx_word' id='word_1_157' title='bbox 1223 1316 1294 1358; x_wconf 92' lang='grc' dir='ltr'><em>υἱέ.</em></span> <span class='ocrx_word' id='word_1_158' title='bbox 1318 1315 1392 1358; x_wconf 85' lang='grc' dir='ltr'>Ρὶἱ</span> <span class='ocrx_word' id='word_1_159' title='bbox 1409 1320 1448 1367; x_wconf 89' lang='lat'>4,</span> <span class='ocrx_word' id='word_1_160' title='bbox 1464 1319 1503 1366; x_wconf 86' lang='lat'><strong><em>5,</em></strong></span> <span class='ocrx_word' id='word_1_161' title='bbox 1532 1316 1632 1359; x_wconf 78' lang='lat' dir='ltr'>Veri</span> <span class='ocrx_word' id='word_1_162' title='bbox 1648 1319 1692 1367; x_wconf 88' lang='grc'>2,</span> <span class='ocrx_word' id='word_1_163' title='bbox 1714 1320 1757 1368; x_wconf 90' lang='grc'>2,</span> <span class='ocrx_word' id='word_1_164' title='bbox 1781 1315 1928 1360; x_wconf 77' lang='lat' dir='ltr'>Severi</span> <span class='ocrx_word' id='word_1_165' title='bbox 1944 1322 2016 1370; x_wconf 86' lang='grc'>20,</span> <span class='ocrx_word' id='word_1_166' title='bbox 2033 1322 2084 1370; x_wconf 85' lang='grc'><strong><em>1,·</em></strong></span> 
     </span>
     <span class='ocr_line' id='line_1_17' title="bbox 359 1384 2084 1440; baseline 0.002 -13"><span class='ocrx_word' id='word_1_167' title='bbox 359 1385 600 1428; x_wconf 86' lang='lat' dir='ltr'>nominibus</span> <span class='ocrx_word' id='word_1_168' title='bbox 628 1385 691 1427; x_wconf 83' lang='lat' dir='ltr'>vel</span> <span class='ocrx_word' id='word_1_169' title='bbox 721 1384 1018 1439; x_wconf 66' lang='lat' dir='ltr'>adoptionibus</span> <span class='ocrx_word' id='word_1_170' title='bbox 1048 1385 1234 1438; x_wconf 82' lang='lat' dir='ltr'>confusis</span> <span class='ocrx_word' id='word_1_171' title='bbox 1261 1384 1332 1426; x_wconf 81' lang='lat' dir='ltr'>vit.</span> <span class='ocrx_word' id='word_1_172' title='bbox 1364 1384 1589 1427; x_wconf 87' lang='lat' dir='ltr'>Hadriani</span> <span class='ocrx_word' id='word_1_173' title='bbox 1615 1387 1685 1435; x_wconf 88' lang='grc'>24,</span> <span class='ocrx_word' id='word_1_174' title='bbox 1716 1388 1756 1436; x_wconf 94' lang='grc'><strong><em>1,</em></strong></span> <span class='ocrx_word' id='word_1_175' title='bbox 1786 1384 1906 1428; x_wconf 82' lang='lat' dir='ltr'>Aelii</span> <span class='ocrx_word' id='word_1_176' title='bbox 1931 1389 1972 1438; x_wconf 89' lang='lat'>5,</span> <span class='ocrx_word' id='word_1_177' title='bbox 2003 1390 2084 1440; x_wconf 83' lang='lat'><strong><em>12,-</em></strong></span> 
     </span>
     <span class='ocr_line' id='line_1_18' title="bbox 361 1452 2082 1510; baseline 0.001 -14"><span class='ocrx_word' id='word_1_178' title='bbox 361 1457 398 1505; x_wconf 89' lang='grc'>6,</span> <span class='ocrx_word' id='word_1_179' title='bbox 431 1457 480 1506; x_wconf 88' lang='grc'>9,·</span> <span class='ocrx_word' id='word_1_180' title='bbox 510 1457 547 1505; x_wconf 93' lang='grc'><strong><em>7,</em></strong></span> <span class='ocrx_word' id='word_1_181' title='bbox 579 1457 622 1497; x_wconf 89' lang='grc'>2.</span> <span class='ocrx_word' id='word_1_182' title='bbox 681 1453 905 1495; x_wconf 88' lang='lat' dir='ltr'>Hadriano</span> <span class='ocrx_word' id='word_1_183' title='bbox 947 1453 1110 1494; x_wconf 85' lang='lat' dir='ltr'>ferente</span> <span class='ocrx_word' id='word_1_184' title='bbox 1149 1453 1291 1507; x_wconf 87' lang='lat' dir='ltr'>gratia</span> <span class='ocrx_word' id='word_1_185' title='bbox 1331 1453 1483 1494; x_wconf 88' lang='lat' dir='ltr'>aetatis</span> <span class='ocrx_word' id='word_1_186' title='bbox 1524 1452 1638 1495; x_wconf 88' lang='lat' dir='ltr'>facta</span> <span class='ocrx_word' id='word_1_187' title='bbox 1668 1459 1871 1510; x_wconf 86' lang='lat' dir='ltr'>quaestor</span> <span class='ocrx_word' id='word_1_188' title='bbox 1912 1461 1976 1497; x_wconf 89' lang='lat' dir='ltr'>est</span> <span class='ocrx_word' id='word_1_189' title='bbox 2011 1455 2082 1497; x_wconf 93' lang='lat' dir='ltr'>de-</span> 
     </span>
     <span class='ocr_line' id='line_1_19' title="bbox 360 1521 2082 1578; baseline 0.002 -15"><span class='ocrx_word' id='word_1_190' title='bbox 360 1523 554 1576; x_wconf 85' lang='lat' dir='ltr'>signatus</span> <span class='ocrx_word' id='word_1_191' title='bbox 582 1523 672 1564; x_wconf 79' lang='lat' dir='ltr'>vita</span> <span class='ocrx_word' id='word_1_192' title='bbox 699 1524 739 1573; x_wconf 86' lang='lat'><strong><em>5,</em></strong></span> <span class='ocrx_word' id='word_1_193' title='bbox 768 1525 816 1572; x_wconf 90' lang='lat'><strong><em>6,</em></strong></span> <span class='ocrx_word' id='word_1_194' title='bbox 851 1522 922 1563; x_wconf 86' lang='lat' dir='ltr'>vit.</span> <span class='ocrx_word' id='word_1_195' title='bbox 955 1521 1031 1563; x_wconf 80' lang='lat' dir='ltr'>Pii</span> <span class='ocrx_word' id='word_1_196' title='bbox 1059 1524 1096 1572; x_wconf 92' lang='lat'>6,</span> <span class='ocrx_word' id='word_1_197' title='bbox 1129 1525 1196 1563; x_wconf 90' lang='grc'>10.</span> <span class='ocrx_word' id='word_1_198' title='bbox 1266 1522 1371 1564; x_wconf 89' lang='lat' dir='ltr'>Post</span> <span class='ocrx_word' id='word_1_199' title='bbox 1411 1535 1637 1563; x_wconf 83' lang='lat' dir='ltr'>excessum</span> <span class='ocrx_word' id='word_1_200' title='bbox 1676 1521 1890 1564; x_wconf 89' lang='lat' dir='ltr'>Hadriani</span> <span class='ocrx_word' id='word_1_201' title='bbox 1931 1523 1988 1578; x_wconf 90' lang='lat' dir='ltr'>(d.</span> <span class='ocrx_word' id='word_1_202' title='bbox 2027 1527 2082 1566; x_wconf 88' lang='lat'><strong><em>10</em></strong></span> 
     </span>
     <span class='ocr_line' id='line_1_20' title="bbox 346 1589 2084 1647; baseline 0.001 -14"><span class='ocrx_word' id='word_1_203' title='bbox 346 1598 484 1633; x_wconf 81' lang='lat' dir='ltr'>mens.</span> <span class='ocrx_word' id='word_1_204' title='bbox 514 1591 624 1633; x_wconf 79' lang='lat' dir='ltr'>Iulii</span> <span class='ocrx_word' id='word_1_205' title='bbox 652 1605 692 1635; x_wconf 91' lang='lat' dir='ltr'>a.</span> <span class='ocrx_word' id='word_1_206' title='bbox 722 1592 820 1647; x_wconf 86' lang='grc'><em>138)</em></span> <span class='ocrx_word' id='word_1_207' title='bbox 850 1589 1096 1632; x_wconf 87' lang='lat' dir='ltr'>Antoninus</span> <span class='ocrx_word' id='word_1_208' title='bbox 1129 1604 1207 1646; x_wconf 92' lang='lat' dir='ltr'>per</span> <span class='ocrx_word' id='word_1_209' title='bbox 1237 1603 1415 1632; x_wconf 85' lang='lat' dir='ltr'>uxorem</span> <span class='ocrx_word' id='word_1_210' title='bbox 1446 1589 1643 1632; x_wconf 89' lang='lat' dir='ltr'>Marcum</span> <span class='ocrx_word' id='word_1_211' title='bbox 1674 1591 1917 1633; x_wconf 85' lang='lat' dir='ltr'>sciscitatus</span> <span class='ocrx_word' id='word_1_212' title='bbox 1949 1597 2013 1634; x_wconf 91' lang='lat' dir='ltr'>est</span> <span class='ocrx_word' id='word_1_213' title='bbox 2042 1598 2084 1634; x_wconf 93' lang='lat' dir='ltr'>et</span> 
     </span>
     <span class='ocr_line' id='line_1_21' title="bbox 360 1657 2078 1715; baseline 0.001 -15"><span class='ocrx_word' id='word_1_214' title='bbox 360 1660 398 1701; x_wconf 92' lang='lat' dir='ltr'>ei</span> <span class='ocrx_word' id='word_1_215' title='bbox 429 1658 648 1702; x_wconf 87' lang='lat' dir='ltr'>dissolutis</span> <span class='ocrx_word' id='word_1_216' title='bbox 675 1657 965 1715; x_wconf 80' lang='lat' dir='ltr'>sponsalibUS,</span> <span class='ocrx_word' id='word_1_217' title='bbox 1009 1672 1121 1714; x_wconf 93' lang='lat' dir='ltr'>quae</span> <span class='ocrx_word' id='word_1_218' title='bbox 1161 1664 1288 1700; x_wconf 88' lang='lat' dir='ltr'>antea</span> <span class='ocrx_word' id='word_1_219' title='bbox 1318 1672 1415 1700; x_wconf 93' lang='lat' dir='ltr'>cum</span> <span class='ocrx_word' id='word_1_220' title='bbox 1444 1657 1534 1700; x_wconf 91' lang='lat' dir='ltr'>filia</span> <span class='ocrx_word' id='word_1_221' title='bbox 1563 1658 1614 1702; x_wconf 90' lang='lat' dir='ltr'>L.</span> <span class='ocrx_word' id='word_1_222' title='bbox 1645 1657 1758 1700; x_wconf 93' lang='lat' dir='ltr'>Aelii</span> <span class='ocrx_word' id='word_1_223' title='bbox 1789 1657 1988 1702; x_wconf 85' lang='lat' dir='ltr'>Caesaris</span> <span class='ocrx_word' id='word_1_224' title='bbox 2018 1660 2078 1702; x_wconf 91' lang='lat' dir='ltr'>in·</span> 
     </span>
     <span class='ocr_line' id='line_1_22' title="bbox 356 1726 2083 1782; baseline 0.002 -14"><span class='ocrx_word' id='word_1_225' title='bbox 356 1728 484 1782; x_wconf 89' lang='lat' dir='ltr'>ierat,</span> <span class='ocrx_word' id='word_1_226' title='bbox 531 1728 784 1770; x_wconf 87' lang='lat' dir='ltr'>Faustinam</span> <span class='ocrx_word' id='word_1_227' title='bbox 828 1726 963 1769; x_wconf 90' lang='lat' dir='ltr'>filiam</span> <span class='ocrx_word' id='word_1_228' title='bbox 1003 1726 1234 1782; x_wconf 88' lang='lat' dir='ltr'>despondit</span> <span class='ocrx_word' id='word_1_229' title='bbox 1272 1727 1362 1769; x_wconf 84' lang='lat' dir='ltr'>vita</span> <span class='ocrx_word' id='word_1_230' title='bbox 1391 1729 1439 1781; x_wconf 67' lang='grc' dir='ltr'>6,Ι</span> <span class='ocrx_word' id='word_1_231' title='bbox 1458 1729 1502 1777; x_wconf 97' lang='grc'>2,</span> <span class='ocrx_word' id='word_1_232' title='bbox 1533 1726 1673 1768; x_wconf 88' lang='lat' dir='ltr'>minus</span> <span class='ocrx_word' id='word_1_233' title='bbox 1701 1730 1810 1769; x_wconf 82' lang='lat' dir='ltr'>reete</span> <span class='ocrx_word' id='word_1_234' title='bbox 1845 1730 1885 1770; x_wconf 83' lang='lat' dir='ltr'>et</span> <span class='ocrx_word' id='word_1_235' title='bbox 1913 1728 2083 1782; x_wconf 83' lang='lat' dir='ltr'>eon-fuse</span> 
     </span>
     <span class='ocr_line' id='line_1_23' title="bbox 357 1793 2083 1851; baseline 0.002 -14"><span class='ocrx_word' id='word_1_236' title='bbox 357 1796 428 1839; x_wconf 81' lang='lat' dir='ltr'>vit.</span> <span class='ocrx_word' id='word_1_237' title='bbox 460 1795 578 1838; x_wconf 83' lang='lat' dir='ltr'>Aelii</span> <span class='ocrx_word' id='word_1_238' title='bbox 607 1799 645 1847; x_wconf 89' lang='lat'><strong><em>6,</em></strong></span> <span class='ocrx_word' id='word_1_239' title='bbox 677 1799 716 1846; x_wconf 88' lang='lat'><strong><em>9,</em></strong></span> <span class='ocrx_word' id='word_1_240' title='bbox 751 1795 852 1838; x_wconf 83' lang='lat' dir='ltr'>Veri</span> <span class='ocrx_word' id='word_1_241' title='bbox 869 1798 912 1845; x_wconf 88' lang='grc'>2,</span> <span class='ocrx_word' id='word_1_242' title='bbox 943 1798 983 1837; x_wconf 89' lang='grc'>3.</span> <span class='ocrx_word' id='word_1_243' title='bbox 1035 1794 1251 1848; x_wconf 78' lang='lat' dir='ltr'>Quaestor</span> <span class='ocrx_word' id='word_1_244' title='bbox 1277 1794 1332 1850; x_wconf 88' lang='lat' dir='ltr'>(d.</span> <span class='ocrx_word' id='word_1_245' title='bbox 1364 1797 1391 1837; x_wconf 90' lang='lat'><strong><em>5</em></strong></span> <span class='ocrx_word' id='word_1_246' title='bbox 1419 1807 1544 1839; x_wconf 88' lang='lat' dir='ltr'>mens.</span> <span class='ocrx_word' id='word_1_247' title='bbox 1571 1793 1817 1837; x_wconf 78' lang='lat' dir='ltr'>Decembris</span> <span class='ocrx_word' id='word_1_248' title='bbox 1846 1798 1929 1838; x_wconf 89' lang='grc'><em>138</em></span> <span class='ocrx_word' id='word_1_249' title='bbox 1954 1809 2083 1851; x_wconf 80' lang='lat' dir='ltr'>usque</span> 
     </span>
     <span class='ocr_line' id='line_1_24' title="bbox 357 1862 2080 1918; baseline 0 -11"><span class='ocrx_word' id='word_1_250' title='bbox 357 1864 415 1906; x_wconf 85' lang='lat' dir='ltr'>ad</span> <span class='ocrx_word' id='word_1_251' title='bbox 443 1864 481 1907; x_wconf 83' lang='lat' dir='ltr'>d.</span> <span class='ocrx_word' id='word_1_252' title='bbox 512 1868 540 1907; x_wconf 84' lang='lat'><strong><em>4</em></strong></span> <span class='ocrx_word' id='word_1_253' title='bbox 576 1879 631 1907; x_wconf 91' lang='lat' dir='ltr'>m.</span> <span class='ocrx_word' id='word_1_254' title='bbox 671 1863 730 1906; x_wconf 90' lang='lat' dir='ltr'>D.</span> <span class='ocrx_word' id='word_1_255' title='bbox 760 1863 856 1917; x_wconf 81' lang='lat'><strong><em>139)</em></strong></span> <span class='ocrx_word' id='word_1_256' title='bbox 896 1863 1046 1905; x_wconf 92' lang='lat' dir='ltr'>ludum</span> <span class='ocrx_word' id='word_1_257' title='bbox 1084 1862 1390 1918; x_wconf 85' lang='lat' dir='ltr'>gladiatorium</span> <span class='ocrx_word' id='word_1_258' title='bbox 1428 1864 1474 1905; x_wconf 93' lang='lat' dir='ltr'>in</span> <span class='ocrx_word' id='word_1_259' title='bbox 1514 1862 1718 1905; x_wconf 90' lang='lat' dir='ltr'>honorem</span> <span class='ocrx_word' id='word_1_260' title='bbox 1756 1862 1969 1906; x_wconf 87' lang='lat' dir='ltr'>Hadriani</span> <span class='ocrx_word' id='word_1_261' title='bbox 1993 1866 2080 1907; x_wconf 78' lang='lat' dir='ltr'>&#39;avi</span> 
     </span>
     <span class='ocr_line' id='line_1_25' title="bbox 359 1931 2082 1988; baseline 0 -14"><span class='ocrx_word' id='word_1_262' title='bbox 359 1932 493 1975; x_wconf 90' lang='lat' dir='ltr'>edidit</span> <span class='ocrx_word' id='word_1_263' title='bbox 521 1933 610 1974; x_wconf 83' lang='lat' dir='ltr'>vita</span> <span class='ocrx_word' id='word_1_264' title='bbox 641 1936 678 1983; x_wconf 93' lang='lat'><strong><em>6,</em></strong></span> <span class='ocrx_word' id='word_1_265' title='bbox 710 1935 748 1974; x_wconf 92' lang='lat'>1.</span> <span class='ocrx_word' id='word_1_266' title='bbox 809 1932 1057 1974; x_wconf 90' lang='lat' dir='ltr'>Antoninus</span> <span class='ocrx_word' id='word_1_267' title='bbox 1089 1946 1186 1974; x_wconf 91' lang='lat' dir='ltr'>eum</span> <span class='ocrx_word' id='word_1_268' title='bbox 1216 1931 1359 1973; x_wconf 83' lang='lat' dir='ltr'>adhuc</span> <span class='ocrx_word' id='word_1_269' title='bbox 1389 1937 1660 1988; x_wconf 89' lang='lat' dir='ltr'>quaestorem</span> <span class='ocrx_word' id='word_1_270' title='bbox 1691 1931 1746 1985; x_wconf 88' lang='lat' dir='ltr'>(a.</span> <span class='ocrx_word' id='word_1_271' title='bbox 1779 1931 1879 1986; x_wconf 85' lang='lat'><strong><em>139)</em></strong></span> <span class='ocrx_word' id='word_1_272' title='bbox 1909 1939 2082 1988; x_wconf 91' lang='lat' dir='ltr'>petente</span> 
     </span>
     <span class='ocr_line' id='line_1_26' title="bbox 360 1998 2080 2058; baseline 0 -15"><span class='ocrx_word' id='word_1_273' title='bbox 360 2007 512 2043; x_wconf 89' lang='lat' dir='ltr'>senatu</span> <span class='ocrx_word' id='word_1_274' title='bbox 541 2000 760 2042; x_wconf 91' lang='lat' dir='ltr'>consulem</span> <span class='ocrx_word' id='word_1_275' title='bbox 791 2000 1038 2055; x_wconf 85' lang='lat' dir='ltr'>designavit</span> <span class='ocrx_word' id='word_1_276' title='bbox 1066 2001 1155 2042; x_wconf 90' lang='grc' dir='ltr'><em>υἱέα</em></span> <span class='ocrx_word' id='word_1_277' title='bbox 1185 2003 1221 2050; x_wconf 92' lang='lat'><strong><em>6,</em></strong></span> <span class='ocrx_word' id='word_1_278' title='bbox 1253 2004 1291 2051; x_wconf 94' lang='lat'>1,</span> <span class='ocrx_word' id='word_1_279' title='bbox 1322 2001 1393 2044; x_wconf 89' lang='grc' dir='ltr'><em>υἱέ.</em></span> <span class='ocrx_word' id='word_1_280' title='bbox 1416 1999 1492 2042; x_wconf 83' lang='grc' dir='ltr'>Ρὶἱ</span> <span class='ocrx_word' id='word_1_281' title='bbox 1519 2003 1557 2051; x_wconf 90' lang='lat'><strong><em>6,</em></strong></span> <span class='ocrx_word' id='word_1_282' title='bbox 1588 2003 1614 2042; x_wconf 89' lang='grc'><em>9</em></span> <span class='ocrx_word' id='word_1_283' title='bbox 1645 2006 1688 2041; x_wconf 92' lang='lat' dir='ltr'>et</span> <span class='ocrx_word' id='word_1_284' title='bbox 1708 1998 1907 2042; x_wconf 85' lang='lat' dir='ltr'>Caesaris</span> <span class='ocrx_word' id='word_1_285' title='bbox 1936 2000 2080 2058; x_wconf 88' lang='lat' dir='ltr'>appel·</span> 
     </span>
     <span class='ocr_line' id='line_1_27' title="bbox 359 2068 2081 2124; baseline 0 -13"><span class='ocrx_word' id='word_1_286' title='bbox 359 2069 518 2112; x_wconf 90' lang='lat' dir='ltr'>latione</span> <span class='ocrx_word' id='word_1_287' title='bbox 539 2069 718 2112; x_wconf 90' lang='lat' dir='ltr'>donavit</span> <span class='ocrx_word' id='word_1_288' title='bbox 742 2075 784 2111; x_wconf 91' lang='lat' dir='ltr'>et</span> <span class='ocrx_word' id='word_1_289' title='bbox 813 2071 1005 2111; x_wconf 85' lang='lat' dir='ltr'>sevirum</span> <span class='ocrx_word' id='word_1_290' title='bbox 1030 2070 1181 2110; x_wconf 90' lang='lat' dir='ltr'>turmis</span> <span class='ocrx_word' id='word_1_291' title='bbox 1209 2069 1405 2124; x_wconf 90' lang='lat' dir='ltr'>equitum</span> <span class='ocrx_word' id='word_1_292' title='bbox 1426 2068 1716 2110; x_wconf 86' lang='lat' dir='ltr'>Romanorum</span> <span class='ocrx_word' id='word_1_293' title='bbox 1747 2069 1832 2110; x_wconf 90' lang='lat' dir='ltr'>iam</span> <span class='ocrx_word' id='word_1_294' title='bbox 1860 2068 2081 2112; x_wconf 89' lang='lat' dir='ltr'>consulem</span> 
     </span>
     <span class='ocr_line' id='line_1_28' title="bbox 355 2135 2082 2192; baseline -0.001 -12"><span class='ocrx_word' id='word_1_295' title='bbox 355 2137 626 2192; x_wconf 85' lang='lat' dir='ltr'>designatum</span> <span class='ocrx_word' id='word_1_296' title='bbox 658 2138 822 2179; x_wconf 86' lang='lat' dir='ltr'>creavit</span> <span class='ocrx_word' id='word_1_297' title='bbox 861 2143 903 2179; x_wconf 92' lang='lat' dir='ltr'>et</span> <span class='ocrx_word' id='word_1_298' title='bbox 945 2136 1088 2179; x_wconf 89' lang='lat' dir='ltr'>edenti</span> <span class='ocrx_word' id='word_1_299' title='bbox 1118 2151 1216 2178; x_wconf 92' lang='lat' dir='ltr'>cum</span> <span class='ocrx_word' id='word_1_300' title='bbox 1246 2135 1422 2190; x_wconf 86' lang='lat' dir='ltr'>collegis</span> <span class='ocrx_word' id='word_1_301' title='bbox 1450 2135 1575 2178; x_wconf 91' lang='lat' dir='ltr'>ludos</span> <span class='ocrx_word' id='word_1_302' title='bbox 1607 2135 1813 2178; x_wconf 88' lang='lat' dir='ltr'>sevirales</span> <span class='ocrx_word' id='word_1_303' title='bbox 1843 2136 2010 2179; x_wconf 83' lang='lat' dir='ltr'>adsedit</span> <span class='ocrx_word' id='word_1_304' title='bbox 2039 2143 2082 2180; x_wconf 92' lang='lat' dir='ltr'>et</span> 
     </span>
     <span class='ocr_line' id='line_1_29' title="bbox 360 2203 2080 2261; baseline -0.001 -13"><span class='ocrx_word' id='word_1_305' title='bbox 360 2208 405 2248; x_wconf 90' lang='lat' dir='ltr'>in</span> <span class='ocrx_word' id='word_1_306' title='bbox 435 2205 617 2261; x_wconf 86' lang='lat' dir='ltr'>collegia</span> <span class='ocrx_word' id='word_1_307' title='bbox 637 2205 908 2248; x_wconf 88' lang='lat' dir='ltr'>sacerdotum</span> <span class='ocrx_word' id='word_1_308' title='bbox 932 2204 1108 2247; x_wconf 90' lang='lat' dir='ltr'>iubente</span> <span class='ocrx_word' id='word_1_309' title='bbox 1133 2210 1284 2247; x_wconf 91' lang='lat' dir='ltr'>senatu</span> <span class='ocrx_word' id='word_1_310' title='bbox 1305 2205 1469 2260; x_wconf 87' lang='lat' dir='ltr'>recepit</span> <span class='ocrx_word' id='word_1_311' title='bbox 1489 2204 1580 2246; x_wconf 82' lang='lat' dir='ltr'>vita</span> <span class='ocrx_word' id='word_1_312' title='bbox 1599 2207 1636 2255; x_wconf 89' lang='lat'><strong><em>6,</em></strong></span> <span class='ocrx_word' id='word_1_313' title='bbox 1658 2207 1708 2256; x_wconf 90' lang='grc'>3,·</span> <span class='ocrx_word' id='word_1_314' title='bbox 1737 2203 1872 2246; x_wconf 89' lang='lat' dir='ltr'>frater</span> <span class='ocrx_word' id='word_1_315' title='bbox 1891 2203 2080 2259; x_wconf 88' lang='lat' dir='ltr'>Arvalis,</span> 
     </span>
     <span class='ocr_line' id='line_1_30' title="bbox 358 2272 1733 2330; baseline -0.001 -13"><span class='ocrx_word' id='word_1_316' title='bbox 358 2275 565 2330; x_wconf 86' lang='lat' dir='ltr'>magister</span> <span class='ocrx_word' id='word_1_317' title='bbox 594 2273 762 2328; x_wconf 90' lang='lat' dir='ltr'>collegii</span> <span class='ocrx_word' id='word_1_318' title='bbox 794 2289 831 2315; x_wconf 93' lang='lat' dir='ltr'>a.</span> <span class='ocrx_word' id='word_1_319' title='bbox 865 2274 946 2316; x_wconf 88' lang='lat'>145</span> <span class='ocrx_word' id='word_1_320' title='bbox 978 2273 1047 2316; x_wconf 89' lang='lat' dir='ltr'>VI</span> <span class='ocrx_word' id='word_1_321' title='bbox 1073 2275 1195 2324; x_wconf 83' lang='grc'><strong><em>2085,</em></strong></span> <span class='ocrx_word' id='word_1_322' title='bbox 1226 2272 1402 2327; x_wconf 74' lang='lat' dir='ltr'>prem.</span> <span class='ocrx_word' id='word_1_323' title='bbox 1436 2287 1497 2327; x_wconf 75' lang='lat' dir='ltr'>ep.</span> <span class='ocrx_word' id='word_1_324' title='bbox 1518 2275 1547 2313; x_wconf 93' lang='grc'><em>8</em></span> <span class='ocrx_word' id='word_1_325' title='bbox 1564 2286 1614 2327; x_wconf 73' lang='lat' dir='ltr'>p.</span> <span class='ocrx_word' id='word_1_326' title='bbox 1635 2275 1733 2316; x_wconf 88' lang='grc'><em>332.</em></span> 
     </span>
    </p>

    <p class='ocr_par' dir='ltr' id='par_1_6' title="bbox 358 2340 2083 2875">
     <span class='ocr_line' id='line_1_31' title="bbox 442 2340 2080 2396; baseline -0.001 -11"><span class='ocrx_word' id='word_1_327' title='bbox 442 2342 513 2385; x_wconf 88' lang='lat' dir='ltr'>Ab</span> <span class='ocrx_word' id='word_1_328' title='bbox 554 2342 772 2385; x_wconf 88' lang='lat' dir='ltr'>Antonino</span> <span class='ocrx_word' id='word_1_329' title='bbox 813 2341 1039 2396; x_wconf 73' lang='lat' dir='ltr'>adoptatus</span> <span class='ocrx_word' id='word_1_330' title='bbox 1077 2345 1116 2384; x_wconf 84' lang='lat' dir='ltr'>et</span> <span class='ocrx_word' id='word_1_331' title='bbox 1154 2340 1316 2384; x_wconf 80' lang='lat' dir='ltr'>Caesar</span> <span class='ocrx_word' id='word_1_332' title='bbox 1352 2344 1619 2395; x_wconf 74' lang='lat' dir='ltr'>nuncupatus</span> <span class='ocrx_word' id='word_1_333' title='bbox 1658 2340 1815 2383; x_wconf 86' lang='lat' dir='ltr'>dieitur</span> <span class='ocrx_word' id='word_1_334' title='bbox 1851 2341 1899 2383; x_wconf 85' lang='lat' dir='ltr'>in</span> <span class='ocrx_word' id='word_1_335' title='bbox 1936 2354 2080 2384; x_wconf 87' lang='lat' dir='ltr'>monu-</span> 
     </span>
     <span class='ocr_line' id='line_1_32' title="bbox 358 2406 2080 2466; baseline -0.002 -11"><span class='ocrx_word' id='word_1_336' title='bbox 358 2412 508 2455; x_wconf 78' lang='lat' dir='ltr'>mentis</span> <span class='ocrx_word' id='word_1_337' title='bbox 536 2411 695 2454; x_wconf 82' lang='lat' dir='ltr'>Italiae</span> <span class='ocrx_word' id='word_1_338' title='bbox 714 2410 962 2466; x_wconf 74' lang='lat' dir='ltr'>plerumque</span> <span class='ocrx_word' id='word_1_339' title='bbox 990 2410 1050 2454; x_wconf 91' lang='lat' dir='ltr'>M.</span> <span class='ocrx_word' id='word_1_340' title='bbox 1082 2409 1233 2452; x_wconf 89' lang='lat' dir='ltr'>Aelius</span> <span class='ocrx_word' id='word_1_341' title='bbox 1261 2409 1466 2453; x_wconf 89' lang='lat' dir='ltr'>Aurelius</span> <span class='ocrx_word' id='word_1_342' title='bbox 1497 2408 1659 2452; x_wconf 87' lang='lat' dir='ltr'>Caesar</span> <span class='ocrx_word' id='word_1_343' title='bbox 1690 2406 1761 2463; x_wconf 81' lang='lat' dir='ltr'>(ef.</span> <span class='ocrx_word' id='word_1_344' title='bbox 1793 2412 1892 2451; x_wconf 83' lang='lat' dir='ltr'>acta</span> <span class='ocrx_word' id='word_1_345' title='bbox 1910 2408 2080 2464; x_wconf 84' lang='lat' dir='ltr'>Arval.)</span> 
     </span>
     <span class='ocr_line' id='line_1_33' title="bbox 358 2476 2082 2534; baseline -0.002 -10"><span class='ocrx_word' id='word_1_346' title='bbox 358 2481 444 2524; x_wconf 83' lang='lat' dir='ltr'>sive</span> <span class='ocrx_word' id='word_1_347' title='bbox 471 2480 532 2523; x_wconf 90' lang='lat' dir='ltr'>M.</span> <span class='ocrx_word' id='word_1_348' title='bbox 555 2478 760 2522; x_wconf 92' lang='lat' dir='ltr'>Aurelius</span> <span class='ocrx_word' id='word_1_349' title='bbox 782 2478 943 2522; x_wconf 89' lang='lat' dir='ltr'>Caesar</span> <span class='ocrx_word' id='word_1_350' title='bbox 973 2479 1050 2534; x_wconf 64' lang='lat' dir='ltr'>(sie</span> <span class='ocrx_word' id='word_1_351' title='bbox 1078 2479 1125 2520; x_wconf 85' lang='lat' dir='ltr'>in</span> <span class='ocrx_word' id='word_1_352' title='bbox 1153 2479 1334 2521; x_wconf 88' lang='lat' dir='ltr'>nummis</span> <span class='ocrx_word' id='word_1_353' title='bbox 1364 2477 1579 2520; x_wconf 83' lang='lat' dir='ltr'>commatis</span> <span class='ocrx_word' id='word_1_354' title='bbox 1598 2476 1825 2531; x_wconf 44' lang='lat' dir='ltr'>Roman&amp;</span> <span class='ocrx_word' id='word_1_355' title='bbox 1851 2477 1910 2520; x_wconf 91' lang='lat' dir='ltr'>M.</span> <span class='ocrx_word' id='word_1_356' title='bbox 1932 2477 2082 2520; x_wconf 87' lang='lat' dir='ltr'>Aelius</span> 
     </span>
     <span class='ocr_line' id='line_1_34' title="bbox 360 2544 2082 2605; baseline -0.002 -14"><span class='ocrx_word' id='word_1_357' title='bbox 360 2550 462 2605; x_wconf 89' lang='lat' dir='ltr'>imp.</span> <span class='ocrx_word' id='word_1_358' title='bbox 493 2549 581 2591; x_wconf 88' lang='lat' dir='ltr'>Titi</span> <span class='ocrx_word' id='word_1_359' title='bbox 613 2546 726 2590; x_wconf 92' lang='lat' dir='ltr'>Aelii</span> <span class='ocrx_word' id='word_1_360' title='bbox 757 2547 985 2602; x_wconf 89' lang='lat' dir='ltr'>[Hadriani</span> <span class='ocrx_word' id='word_1_361' title='bbox 1016 2546 1241 2601; x_wconf 89' lang='lat' dir='ltr'>An]tonini</span> <span class='ocrx_word' id='word_1_362' title='bbox 1270 2546 1299 2588; x_wconf 88' lang='lat' dir='ltr'><strong>f.</strong></span> <span class='ocrx_word' id='word_1_363' title='bbox 1332 2547 1438 2602; x_wconf 88' lang='lat' dir='ltr'>Pap.</span> <span class='ocrx_word' id='word_1_364' title='bbox 1460 2545 1663 2588; x_wconf 90' lang='lat' dir='ltr'>Aurelius</span> <span class='ocrx_word' id='word_1_365' title='bbox 1685 2544 1858 2600; x_wconf 89' lang='lat' dir='ltr'>Ve[rus]</span> <span class='ocrx_word' id='word_1_366' title='bbox 1889 2546 1936 2587; x_wconf 90' lang='lat' dir='ltr'>in</span> <span class='ocrx_word' id='word_1_367' title='bbox 1961 2559 2082 2588; x_wconf 84' lang='lat' dir='ltr'>sena-</span> 
     </span>
     <span class='ocr_line' id='line_1_35' title="bbox 360 2612 2082 2670; baseline -0.002 -11"><span class='ocrx_word' id='word_1_368' title='bbox 360 2621 428 2660; x_wconf 90' lang='lat' dir='ltr'>tus</span> <span class='ocrx_word' id='word_1_369' title='bbox 464 2616 649 2660; x_wconf 82' lang='lat' dir='ltr'>consulto</span> <span class='ocrx_word' id='word_1_370' title='bbox 690 2616 739 2659; x_wconf 87' lang='lat' dir='ltr'>de</span> <span class='ocrx_word' id='word_1_371' title='bbox 775 2615 989 2670; x_wconf 67' lang='lat' dir='ltr'>Cyzicenis</span> <span class='ocrx_word' id='word_1_372' title='bbox 1024 2616 1112 2657; x_wconf 91' lang='lat' dir='ltr'>III</span> <span class='ocrx_word' id='word_1_373' title='bbox 1143 2615 1190 2658; x_wconf 80' lang='lat' dir='ltr'><strong>S.</strong></span> <span class='ocrx_word' id='word_1_374' title='bbox 1225 2618 1344 2658; x_wconf 81' lang='grc'><strong><em>7060.</em></strong></span> <span class='ocrx_word' id='word_1_375' title='bbox 1413 2614 1473 2658; x_wconf 91' lang='lat' dir='ltr'>M.</span> <span class='ocrx_word' id='word_1_376' title='bbox 1513 2613 1664 2656; x_wconf 88' lang='lat' dir='ltr'>Aelius</span> <span class='ocrx_word' id='word_1_377' title='bbox 1705 2612 1909 2655; x_wconf 91' lang='lat' dir='ltr'>Aurelius</span> <span class='ocrx_word' id='word_1_378' title='bbox 1941 2613 2082 2656; x_wconf 89' lang='lat' dir='ltr'>Verus</span> 
     </span>
     <span class='ocr_line' id='line_1_36' title="bbox 361 2681 2081 2738; baseline -0.002 -10"><span class='ocrx_word' id='word_1_379' title='bbox 361 2685 522 2729; x_wconf 86' lang='lat' dir='ltr'>Caesar</span> <span class='ocrx_word' id='word_1_380' title='bbox 541 2686 587 2727; x_wconf 90' lang='lat' dir='ltr'>in</span> <span class='ocrx_word' id='word_1_381' title='bbox 609 2684 743 2726; x_wconf 84' lang='lat' dir='ltr'>titulis</span> <span class='ocrx_word' id='word_1_382' title='bbox 760 2684 1077 2738; x_wconf 77' lang='lat' dir='ltr'>provinciarum</span> <span class='ocrx_word' id='word_1_383' title='bbox 1096 2683 1226 2725; x_wconf 81' lang='lat' dir='ltr'>veluti</span> <span class='ocrx_word' id='word_1_384' title='bbox 1243 2683 1305 2725; x_wconf 93' lang='lat' dir='ltr'>II</span> <span class='ocrx_word' id='word_1_385' title='bbox 1317 2685 1439 2732; x_wconf 89' lang='grc'><strong><em>1169,</em></strong></span> <span class='ocrx_word' id='word_1_386' title='bbox 1471 2682 1559 2724; x_wconf 92' lang='grc' dir='ltr'>ΙΙΙ</span> <span class='ocrx_word' id='word_1_387' title='bbox 1569 2683 1694 2732; x_wconf 89' lang='grc'><strong><em>3007,</em></strong></span> <span class='ocrx_word' id='word_1_388' title='bbox 1723 2681 1846 2724; x_wconf 86' lang='lat' dir='ltr'><strong><em>VIII</em></strong></span> <span class='ocrx_word' id='word_1_389' title='bbox 1856 2683 1958 2726; x_wconf 91' lang='grc'>228.</span> <span class='ocrx_word' id='word_1_390' title='bbox 1978 2684 2081 2726; x_wconf 84' lang='grc'><strong><em>229.</em></strong></span> 
     </span>
     <span class='ocr_line' id='line_1_37' title="bbox 360 2749 2083 2801; baseline -0.003 -5"><span class='ocrx_word' id='word_1_391' title='bbox 360 2757 501 2797; x_wconf 87' lang='grc'><strong><em>10592</em></strong></span> <span class='ocrx_word' id='word_1_392' title='bbox 529 2754 613 2795; x_wconf 76' lang='lat' dir='ltr'>sive</span> <span class='ocrx_word' id='word_1_393' title='bbox 644 2754 702 2795; x_wconf 95' lang='lat' dir='ltr'><strong>M.</strong></span> <span class='ocrx_word' id='word_1_394' title='bbox 734 2752 940 2795; x_wconf 88' lang='lat' dir='ltr'>Aurelius</span> <span class='ocrx_word' id='word_1_395' title='bbox 970 2753 1111 2795; x_wconf 89' lang='lat' dir='ltr'>Verus</span> <span class='ocrx_word' id='word_1_396' title='bbox 1142 2750 1302 2793; x_wconf 87' lang='lat' dir='ltr'>Caesar</span> <span class='ocrx_word' id='word_1_397' title='bbox 1328 2750 1456 2793; x_wconf 81' lang='lat' dir='ltr'>veluti</span> <span class='ocrx_word' id='word_1_398' title='bbox 1481 2750 1570 2792; x_wconf 94' lang='lat' dir='ltr'>III</span> <span class='ocrx_word' id='word_1_399' title='bbox 1592 2752 1714 2801; x_wconf 88' lang='grc'><strong><em>6162,</em></strong></span> <span class='ocrx_word' id='word_1_400' title='bbox 1755 2749 1804 2792; x_wconf 91' lang='grc' dir='ltr'>Χ</span> <span class='ocrx_word' id='word_1_401' title='bbox 1826 2752 1954 2801; x_wconf 88' lang='grc'><strong><em>7473,</em></strong></span> <span class='ocrx_word' id='word_1_402' title='bbox 1984 2749 2083 2792; x_wconf 89' lang='lat' dir='ltr'>item</span> 
     </span>
     <span class='ocr_line' id='line_1_38' title="bbox 361 2818 1790 2875; baseline -0.003 -10"><span class='ocrx_word' id='word_1_403' title='bbox 361 2822 535 2866; x_wconf 78' lang='lat' dir='ltr'>additur</span> <span class='ocrx_word' id='word_1_404' title='bbox 564 2823 707 2865; x_wconf 89' lang='lat' dir='ltr'>Verus</span> <span class='ocrx_word' id='word_1_405' title='bbox 737 2822 784 2863; x_wconf 84' lang='lat' dir='ltr'>in</span> <span class='ocrx_word' id='word_1_406' title='bbox 811 2821 992 2863; x_wconf 85' lang='lat' dir='ltr'>nummis</span> <span class='ocrx_word' id='word_1_407' title='bbox 1009 2820 1175 2875; x_wconf 74' lang='lat' dir='ltr'>yraecis</span> <span class='ocrx_word' id='word_1_408' title='bbox 1204 2820 1259 2873; x_wconf 80' lang='lat' dir='ltr'>ef.</span> <span class='ocrx_word' id='word_1_409' title='bbox 1285 2818 1448 2862; x_wconf 76' lang='lat' dir='ltr'>Eckhel</span> <span class='ocrx_word' id='word_1_410' title='bbox 1477 2818 1572 2861; x_wconf 88' lang='lat' dir='ltr'>VII</span> <span class='ocrx_word' id='word_1_411' title='bbox 1581 2832 1630 2872; x_wconf 75' lang='lat' dir='ltr'>p.</span> <span class='ocrx_word' id='word_1_412' title='bbox 1653 2821 1718 2860; x_wconf 88' lang='lat'>69.</span> <span class='ocrx_word' id='word_1_413' title='bbox 1786 2821 1790 2825; x_wconf 84' lang='lat'>&#39;</span> 
     </span>
    </p>

    <p class='ocr_par' dir='ltr' id='par_1_7' title="bbox 352 2885 2082 3355">
     <span class='ocr_line' id='line_1_39' title="bbox 446 2885 2082 2941; baseline -0.003 -8"><span class='ocrx_word' id='word_1_414' title='bbox 446 2890 609 2934; x_wconf 90' lang='lat' dir='ltr'>Consul</span> <span class='ocrx_word' id='word_1_415' title='bbox 648 2891 670 2932; x_wconf 92' lang='lat' dir='ltr'><strong><em>I</em></strong></span> <span class='ocrx_word' id='word_1_416' title='bbox 711 2904 807 2932; x_wconf 93' lang='lat' dir='ltr'>cum</span> <span class='ocrx_word' id='word_1_417' title='bbox 842 2889 1063 2931; x_wconf 90' lang='lat' dir='ltr'>Antonino</span> <span class='ocrx_word' id='word_1_418' title='bbox 1099 2888 1167 2930; x_wconf 90' lang='lat' dir='ltr'>III</span> <span class='ocrx_word' id='word_1_419' title='bbox 1206 2902 1244 2932; x_wconf 89' lang='lat' dir='ltr'>a.</span> <span class='ocrx_word' id='word_1_420' title='bbox 1278 2888 1359 2930; x_wconf 88' lang='lat'>140</span> <span class='ocrx_word' id='word_1_421' title='bbox 1388 2887 1515 2941; x_wconf 81' lang='lat' dir='ltr'>fasti,</span> <span class='ocrx_word' id='word_1_422' title='bbox 1557 2886 1804 2929; x_wconf 90' lang='lat' dir='ltr'>Antoninus</span> <span class='ocrx_word' id='word_1_423' title='bbox 1844 2885 2082 2928; x_wconf 91' lang='lat' dir='ltr'>secundum</span> 
     </span>
     <span class='ocr_line' id='line_1_40' title="bbox 363 2954 2082 3012; baseline -0.004 -10"><span class='ocrx_word' id='word_1_424' title='bbox 363 2961 491 3003; x_wconf 89' lang='lat' dir='ltr'>etiam</span> <span class='ocrx_word' id='word_1_425' title='bbox 522 2973 621 3001; x_wconf 90' lang='lat' dir='ltr'>eum</span> <span class='ocrx_word' id='word_1_426' title='bbox 651 2958 870 3000; x_wconf 90' lang='lat' dir='ltr'>consulem</span> <span class='ocrx_word' id='word_1_427' title='bbox 902 2957 1159 3011; x_wconf 86' lang='lat' dir='ltr'>designavit,</span> <span class='ocrx_word' id='word_1_428' title='bbox 1191 2970 1290 2998; x_wconf 92' lang='lat' dir='ltr'>cum</span> <span class='ocrx_word' id='word_1_429' title='bbox 1319 2956 1411 3012; x_wconf 91' lang='lat' dir='ltr'>ipse</span> <span class='ocrx_word' id='word_1_430' title='bbox 1441 2961 1643 3011; x_wconf 86' lang='lat' dir='ltr'>quartum</span> <span class='ocrx_word' id='word_1_431' title='bbox 1675 2955 1820 2996; x_wconf 87' lang='lat' dir='ltr'>inierit</span> <span class='ocrx_word' id='word_1_432' title='bbox 1846 2954 1937 2996; x_wconf 84' lang='grc' dir='ltr'><em>υἱέα</em></span> <span class='ocrx_word' id='word_1_433' title='bbox 1963 2956 2001 3004; x_wconf 92' lang='grc'><strong><em>6,</em></strong></span> <span class='ocrx_word' id='word_1_434' title='bbox 2031 2957 2082 3006; x_wconf 87' lang='grc'>4;</span> 
     </span>
     <span class='ocr_line' id='line_1_41' title="bbox 362 3021 2082 3078; baseline -0.004 -8"><span class='ocrx_word' id='word_1_435' title='bbox 362 3027 511 3071; x_wconf 90' lang='lat' dir='ltr'>consul</span> <span class='ocrx_word' id='word_1_436' title='bbox 532 3028 577 3069; x_wconf 92' lang='lat' dir='ltr'>II</span> <span class='ocrx_word' id='word_1_437' title='bbox 607 3041 706 3068; x_wconf 85' lang='lat' dir='ltr'>cum</span> <span class='ocrx_word' id='word_1_438' title='bbox 725 3026 945 3068; x_wconf 87' lang='lat' dir='ltr'>Antonino</span> <span class='ocrx_word' id='word_1_439' title='bbox 971 3026 1062 3068; x_wconf 88' lang='grc' dir='ltr'>ΠΙΙ</span> <span class='ocrx_word' id='word_1_440' title='bbox 1084 3040 1121 3067; x_wconf 84' lang='lat' dir='ltr'>a.</span> <span class='ocrx_word' id='word_1_441' title='bbox 1146 3025 1226 3067; x_wconf 88' lang='grc'>145</span> <span class='ocrx_word' id='word_1_442' title='bbox 1247 3024 1366 3078; x_wconf 79' lang='lat' dir='ltr'>fasti.</span> <span class='ocrx_word' id='word_1_443' title='bbox 1403 3024 1507 3066; x_wconf 91' lang='lat' dir='ltr'>Post</span> <span class='ocrx_word' id='word_1_444' title='bbox 1526 3023 1631 3065; x_wconf 88' lang='lat' dir='ltr'>haec</span> <span class='ocrx_word' id='word_1_445' title='bbox 1651 3022 1840 3064; x_wconf 88' lang='lat' dir='ltr'>Anniam</span> <span class='ocrx_word' id='word_1_446' title='bbox 1862 3021 2082 3066; x_wconf 80' lang='lat' dir='ltr'>Galeriam</span> 
     </span>
     <span class='ocr_line' id='line_1_42' title="bbox 361 3088 2082 3144; baseline -0.004 -6"><span class='ocrx_word' id='word_1_447' title='bbox 361 3096 611 3139; x_wconf 85' lang='lat' dir='ltr'>Faustinam</span> <span class='ocrx_word' id='word_1_448' title='bbox 644 3094 771 3136; x_wconf 87' lang='lat' dir='ltr'>duxit</span> <span class='ocrx_word' id='word_1_449' title='bbox 799 3109 981 3136; x_wconf 87' lang='lat' dir='ltr'>uxorem</span> <span class='ocrx_word' id='word_1_450' title='bbox 1005 3094 1095 3135; x_wconf 89' lang='grc' dir='ltr'><em>υἱέα</em></span> <span class='ocrx_word' id='word_1_451' title='bbox 1125 3096 1162 3144; x_wconf 92' lang='grc'><strong><em>6,</em></strong></span> <span class='ocrx_word' id='word_1_452' title='bbox 1194 3096 1220 3134; x_wconf 87' lang='lat'><strong><em>6</em></strong></span> <span class='ocrx_word' id='word_1_453' title='bbox 1230 3106 1243 3144; x_wconf 89' lang='lat'><strong><em>;</em></strong></span> <span class='ocrx_word' id='word_1_454' title='bbox 1272 3095 1337 3143; x_wconf 91' lang='grc'><strong><em>16,</em></strong></span> <span class='ocrx_word' id='word_1_455' title='bbox 1369 3095 1397 3134; x_wconf 93' lang='grc'><strong><em>7</em></strong></span> <span class='ocrx_word' id='word_1_456' title='bbox 1425 3106 1464 3134; x_wconf 91' lang='grc' dir='ltr'>α.</span> <span class='ocrx_word' id='word_1_457' title='bbox 1496 3093 1597 3142; x_wconf 84' lang='grc'><strong><em>145,</em></strong></span> <span class='ocrx_word' id='word_1_458' title='bbox 1627 3094 1675 3132; x_wconf 89' lang='lat' dir='ltr'>ut</span> <span class='ocrx_word' id='word_1_459' title='bbox 1703 3104 1753 3132; x_wconf 80' lang='lat' dir='ltr'>ex</span> <span class='ocrx_word' id='word_1_460' title='bbox 1782 3090 1859 3141; x_wconf 84' lang='lat' dir='ltr'>iis,</span> <span class='ocrx_word' id='word_1_461' title='bbox 1890 3103 1996 3144; x_wconf 76' lang='lat' dir='ltr'>quae</span> <span class='ocrx_word' id='word_1_462' title='bbox 2033 3088 2082 3131; x_wconf 84' lang='lat' dir='ltr'>de</span> 
     </span>
     <span class='ocr_line' id='line_1_43' title="bbox 352 3157 2081 3218; baseline -0.005 -11"><span class='ocrx_word' id='word_1_463' title='bbox 352 3164 587 3207; x_wconf 77' lang='lat' dir='ltr'>&#39;tribunicia</span> <span class='ocrx_word' id='word_1_464' title='bbox 608 3162 817 3218; x_wconf 73' lang='lat' dir='ltr'>potestate</span> <span class='ocrx_word' id='word_1_465' title='bbox 839 3165 1040 3212; x_wconf 78' lang='lat' dir='ltr'>constant,</span> <span class='ocrx_word' id='word_1_466' title='bbox 1071 3160 1305 3216; x_wconf 59' lang='lat' dir='ltr'>eolliyitum</span> <span class='ocrx_word' id='word_1_467' title='bbox 1334 3174 1440 3217; x_wconf 88' lang='lat' dir='ltr'>quas</span> <span class='ocrx_word' id='word_1_468' title='bbox 1461 3159 1634 3215; x_wconf 88' lang='lat' dir='ltr'>nuptias</span> <span class='ocrx_word' id='word_1_469' title='bbox 1656 3158 1762 3200; x_wconf 92' lang='lat' dir='ltr'>Pius</span> <span class='ocrx_word' id='word_1_470' title='bbox 1783 3157 2081 3200; x_wconf 85' lang='lat' dir='ltr'>celeberrimas</span> 
     </span>
     <span class='ocr_line' id='line_1_44' title="bbox 362 3225 2082 3286; baseline -0.005 -11"><span class='ocrx_word' id='word_1_471' title='bbox 362 3233 465 3275; x_wconf 87' lang='lat' dir='ltr'>fecit</span> <span class='ocrx_word' id='word_1_472' title='bbox 501 3232 572 3274; x_wconf 84' lang='lat' dir='ltr'>vit.</span> <span class='ocrx_word' id='word_1_473' title='bbox 614 3231 690 3273; x_wconf 82' lang='lat' dir='ltr'>Pii</span> <span class='ocrx_word' id='word_1_474' title='bbox 721 3234 787 3281; x_wconf 88' lang='lat'>10,</span> <span class='ocrx_word' id='word_1_475' title='bbox 819 3234 862 3273; x_wconf 90' lang='grc'><strong><em>2.</em></strong></span> <span class='ocrx_word' id='word_1_476' title='bbox 934 3230 1144 3286; x_wconf 85' lang='lat' dir='ltr'>Suscepta</span> <span class='ocrx_word' id='word_1_477' title='bbox 1171 3228 1260 3271; x_wconf 88' lang='lat' dir='ltr'>filia</span> <span class='ocrx_word' id='word_1_478' title='bbox 1300 3229 1356 3283; x_wconf 89' lang='lat' dir='ltr'>(a.</span> <span class='ocrx_word' id='word_1_479' title='bbox 1388 3231 1467 3270; x_wconf 86' lang='lat'>146</span> <span class='ocrx_word' id='word_1_480' title='bbox 1496 3227 1646 3270; x_wconf 84' lang='lat' dir='ltr'>Annia</span> <span class='ocrx_word' id='word_1_481' title='bbox 1681 3225 1863 3269; x_wconf 82' lang='lat' dir='ltr'>Galeria</span> <span class='ocrx_word' id='word_1_482' title='bbox 1898 3225 2082 3272; x_wconf 69' lang='lat' dir='ltr'>Auo-elia</span> 
     </span>
     <span class='ocr_line' id='line_1_45' title="bbox 362 3292 2079 3355; baseline -0.005 -12"><span class='ocrx_word' id='word_1_483' title='bbox 362 3300 594 3355; x_wconf 82' lang='lat' dir='ltr'>Faustina)</span> <span class='ocrx_word' id='word_1_484' title='bbox 620 3299 855 3342; x_wconf 89' lang='lat' dir='ltr'>tribunicia</span> <span class='ocrx_word' id='word_1_485' title='bbox 876 3304 1087 3355; x_wconf 87' lang='lat' dir='ltr'>potestate</span> <span class='ocrx_word' id='word_1_486' title='bbox 1108 3298 1289 3339; x_wconf 90' lang='lat' dir='ltr'>donatus</span> <span class='ocrx_word' id='word_1_487' title='bbox 1311 3302 1375 3338; x_wconf 92' lang='lat' dir='ltr'>est</span> <span class='ocrx_word' id='word_1_488' title='bbox 1404 3302 1533 3352; x_wconf 85' lang='lat' dir='ltr'>atque</span> <span class='ocrx_word' id='word_1_489' title='bbox 1564 3294 1743 3351; x_wconf 89' lang='lat' dir='ltr'>imperio</span> <span class='ocrx_word' id='word_1_490' title='bbox 1775 3299 1899 3336; x_wconf 87' lang='lat' dir='ltr'>extra</span> <span class='ocrx_word' id='word_1_491' title='bbox 1927 3292 2079 3336; x_wconf 89' lang='lat' dir='ltr'>urbem</span> 
     </span>
    </p>

    <p class='ocr_par' dir='ltr' id='par_1_8' title="bbox 312 3360 2081 3426">
     <span class='ocr_line' id='line_1_46' title="bbox 312 3360 2081 3426; baseline -0.006 -14"><span class='ocrx_word' id='word_1_492' title='bbox 312 3390 314 3392; x_wconf 89' lang='lat'>·</span> <span class='ocrx_word' id='word_1_493' title='bbox 360 3368 678 3426; x_wconf 82' lang='lat' dir='ltr'>proconsulari,</span> <span class='ocrx_word' id='word_1_494' title='bbox 722 3367 868 3410; x_wconf 87' lang='lat' dir='ltr'>addito</span> <span class='ocrx_word' id='word_1_495' title='bbox 888 3368 994 3409; x_wconf 39' lang='lat' dir='ltr'>*iurc</span> <span class='ocrx_word' id='word_1_496' title='bbox 1026 3367 1200 3422; x_wconf 83' lang='lat' dir='ltr'>quintae</span> <span class='ocrx_word' id='word_1_497' title='bbox 1232 3364 1449 3407; x_wconf 89' lang='lat' dir='ltr'>relationis</span> <span class='ocrx_word' id='word_1_498' title='bbox 1478 3364 1566 3406; x_wconf 77' lang='grc' dir='ltr'><em>υἱέα</em></span> <span class='ocrx_word' id='word_1_499' title='bbox 1595 3366 1633 3414; x_wconf 87' lang='grc'><strong><em>6,</em></strong></span> <span class='ocrx_word' id='word_1_500' title='bbox 1665 3366 1691 3404; x_wconf 92' lang='lat'><strong><em>6</em></strong></span> <span class='ocrx_word' id='word_1_501' title='bbox 1700 3375 1715 3414; x_wconf 90' lang='lat'><strong><em>,·</em></strong></span> <span class='ocrx_word' id='word_1_502' title='bbox 1754 3362 1821 3405; x_wconf 85' lang='lat' dir='ltr'>die</span> <span class='ocrx_word' id='word_1_503' title='bbox 1849 3365 1902 3405; x_wconf 89' lang='lat'><strong><em>10</em></strong></span> <span class='ocrx_word' id='word_1_504' title='bbox 1927 3360 2081 3404; x_wconf 81' lang='lat' dir='ltr'>mensis</span> 
     </span>
    </p>
   </div>
  </div>
 </body>
</html>
