2216 3762
51 349 233 385 AEles
938 343 989 386 17
1679 351 1862 387 AEles

136 481 220 536 leg.
259 480 396 523 XXII
436 481 716 536 primigeniae
757 496 797 537 p.
838 480 867 525 f.
905 484 933 523 t.
969 481 1025 535 cf.
1056 482 1127 523 vit.
1157 485 1201 532 2,
1233 484 1270 523 6.
1340 481 1554 534 Quaestor
1593 482 1863 538 imperatoris

138 549 315 595 Traiani
351 564 388 591 a.
414 550 491 592 101
524 550 595 591 vit.
625 553 664 600 3,
688 553 714 591 1
745 553 772 592 t.
804 556 846 592 et
881 564 1022 592 comes
1051 550 1336 607 expeditionis
1366 550 1556 592 Dacicae
1586 550 1656 594 vit.
1687 553 1726 601 3,
1757 554 1789 594 2
1819 554 1861 602 t„

138 620 262 664 donis
301 617 560 660 militaribus
599 618 656 661 ab
697 633 746 660 eo
789 618 974 661 donatus
1014 618 1082 661 bis
1123 622 1150 663 t.
1212 619 1317 661 Post
1347 625 1624 676 quaesturam
1664 618 1720 661 ab
1755 621 1864 662 actis

140 694 314 732 senatus
343 687 415 729 vit.
447 690 486 737 3,
514 689 558 737 2,
590 686 789 729 tribunus
820 686 959 743 plebis
990 703 1028 731 a.
1053 688 1133 730 105
1163 688 1235 729 i’it.
1255 691 1295 737 3,
1317 691 1344 730 4
1374 691 1403 730 t.
1455 687 1658 730 Secunda
1688 687 1862 744 expedi-

138 758 253 800 tione
267 756 434 798 Dacica
450 755 664 798 Traianus
685 770 781 798 eum
803 756 968 812 primae
988 755 1149 810 legioni
1169 756 1410 798 Minerviae
1430 757 1680 812 praeposuit
1700 771 1863 799 secum-

83 866 87 871 ,
139 841 223 883 que
261 825 389 867 duxit
417 825 488 867 vit.
518 828 557 875 3,
590 828 615 866 6
645 844 700 859 Ξ
730 824 899 879 legatus
938 824 1020 879 leg.
1053 826 1075 867 Ι
1113 825 1354 867 Minerviae
1394 840 1436 881 p.
1471 825 1500 868 f.
1542 828 1585 876 t.,
1626 825 1864 882 eodemque

139 902 330 950 tempore
370 899 543 949 praetor
582 896 610 935 t.
652 893 794 948 (aliter
827 894 899 934 vit.
935 896 974 943 3,
1009 896 1037 934 8
1078 894 1132 947 cf.
1174 893 1290 947 adn.)
1333 908 1444 936 anno
1483 897 1531 935 ut
1567 893 1731 936 videtur
1769 898 1863 936 106.

137 966 295 1008 Postea
332 962 500 1016 legatus
531 961 718 1016 Augusti
760 976 825 1017 pr.
867 976 930 1017 pr.
972 962 1223 1004 Pannoniae
1263 962 1480 1004 inferioris
1511 978 1548 1004 a.
1580 962 1762 1005 107s108
1792 964 1863 1007 vit.

136 1037 175 1084 3,
209 1036 234 1075 9
267 1035 293 1074 t.
350 1030 420 1074 Ob
460 1045 528 1072 res
568 1030 680 1072 bene
708 1036 852 1085 gestas
883 1029 1155 1072 consulatum
1185 1032 1352 1087 accepit
1377 1032 1448 1072 vit.
1479 1034 1518 1081 3,
1547 1034 1624 1082 10,·
1654 1030 1803 1073 60118111
1835 1034 1862 1074 t.

139 1102 342 1144 suffectus
376 1099 416 1141 d.
449 1100 503 1141 22
543 1114 598 1140 m.
638 1099 734 1143 Iun.
771 1114 808 1140 a.
843 1099 923 1141 108
960 1099 1028 1141 VI
1048 1102 1162 1142 2016
1191 1119 1247 1134 =
1276 1099 1402 1141 XIV
1414 1103 1546 1143 2242.
1608 1099 1735 1142 Α11110
1769 1101 1862 1154 112,

137 1171 213 1214 ubi
242 1168 390 1211 titulus
411 1168 579 1222 positus
607 1167 782 1218 videtur,
811 1168 894 1209 fuit
914 1167 1069 1210 VIIvir
1092 1164 1347 1223 epulonum,
1367 1167 1525 1210 sodalis
1546 1168 1799 1223 Augustalis
1822 1172 1863 1218 t.,

138 1238 300 1282 archon
330 1236 514 1279 Athenis
546 1239 573 1279 t.
606 1235 752 1290 Phley.
774 1237 831 1290 fr.
852 1239 906 1278 54
928 1236 1008 1286 M„
1040 1237 1110 1277 vit.
1137 1240 1202 1286 19,
1225 1239 1263 1286 1,
1296 1235 1384 1278 Dio
1405 1239 1470 1286 69,
1493 1240 1557 1287 16,
1580 1240 1618 1279 1.
1668 1236 1865 1279 Plotinae

139 1306 281 1350 studio
311 1305 480 1360 legatus
510 1303 797 1360 expeditionis
827 1304 1058 1346 Parthicae
1089 1310 1280 1360 tempore
1312 1306 1369 1359 (a.
1395 1307 1475 1346 114
1494 1304 1594 1358 seq.)
1627 1305 1865 1347 destinatus

140 1382 205 1419 est
232 1375 304 1417 vit.
335 1377 375 1424 4,
404 1377 442 1416 1.
502 1373 694 1427 Legatus
726 1372 880 1428 Syriae
911 1388 949 1415 a.
983 1373 1063 1415 117
1093 1373 1166 1414 vit.
1192 1376 1231 1423 4,
1256 1377 1291 1423 6,
1323 1371 1411 1414 Dio
1431 1375 1496 1423 68,
1518 1376 1584 1423 33,
1607 1377 1655 1424 1;
1684 1376 1750 1423 69,
1773 1377 1811 1424 1,
1835 1377 1866 1417 2

139 1445 180 1488 V
208 1443 268 1486 id.
297 1442 411 1497 Aug.
443 1441 607 1483 litteras
638 1441 881 1498 adoptionis
912 1442 1090 1497 accepit,
1128 1441 1300 1497 quando
1333 1447 1375 1483 et
1404 1440 1590 1483 natalem
1621 1441 1864 1497 adoptionis

139 1512 347 1556 celebrari
374 1507 520 1564 iussit3
542 1510 716 1552 tertium
737 1509 887 1552 iduum
909 1509 1143 1552 earundem
1166 1513 1234 1562 (Ξ
1258 1510 1296 1553 d.
1314 1514 1366 1552 11
1387 1524 1440 1554 m.
1457 1509 1603 1565 Auo),
1628 1510 1801 1566 quando
1825 1518 1868 1552 et

138 1581 325 1625 natalem
351 1579 522 1635 imperii
554 1579 704 1620 statuit
730 1577 1060 1629 celebrandum,
1102 1593 1303 1620 excessus
1344 1580 1383 1620 ei
1427 1579 1604 1620 Traiani
1644 1580 1866 1621 nuntiatus

140 1656 205 1693 est
231 1650 302 1692 vit.
333 1652 372 1699 4,
406 1651 442 1690 7.
493 1646 784 1703 Adoptionem
815 1662 841 1688 a
871 1646 1044 1690 Plotina
1070 1647 1215 1690 fictam
1245 1646 1368 1689 multi
1400 1653 1610 1703 putarunt
1637 1648 1709 1690 vit.
1738 1652 1776 1698 4,
1798 1652 1864 1698 10,

138 1718 227 1762 Dio
257 1721 323 1768 69,
343 1721 381 1768 1,
415 1716 517 1759 Vict.
547 1715 666 1758 Caes.
697 1719 761 1766 13,
784 1719 864 1767 12;
893 1719 1002 1759 recte
1030 1719 1078 1758 ut
1106 1716 1282 1767 videtur,
1314 1730 1566 1770 quamquam
1597 1715 1864 1766 Hadrianus,

141 1791 189 1831 ut
216 1787 308 1829 vivo
343 1786 534 1829 Traiano
563 1798 606 1827 se
629 1785 886 1839 participem
915 1785 1085 1839 imperii
1113 1785 1244 1838 fuisse
1266 1785 1495 1839 probaret,
1528 1798 1742 1827 nummum
1772 1784 1870 1826 cudi

138 1856 263 1899 iussit
291 1854 454 1898 Eckhez
484 1854 551 1897 VI
574 1857 656 1896 473
685 1873 741 1888 =
769 1852 909 1896 Cohen
938 1854 999 1896 II
1020 1857 1118 1904 246,
1150 1857 1177 1896 5
1219 1854 1263 1895 in
1295 1857 1426 1908 parte
1457 1853 1636 1895 adversa
1673 1853 1867 1896 eoehiben-

140 1929 221 1968 tem
258 1923 480 1967 Hadriano
522 1923 709 1965 Traiano
751 1922 952 1976 Caesari,
994 1923 1040 1964 in
1082 1936 1232 1965 aversa
1260 1923 1370 1978 Imp.
1402 1922 1526 1965 Caes,
1557 1922 1660 1964 Ner.
1691 1922 1867 1966 Traian.

143 1993 303 2049 Optim.
335 1991 449 2046 Aug.
480 1990 628 2034 Germ.
659 1991 767 2033 Dae.
801 1991 871 2046 (cf.
896 1991 1133 2033 Mommsen
1163 1991 1273 2034 StR.
1294 1991 1372 2033 II3
1393 1994 1512 2041 1154,
1534 1990 1589 2044 5).
1638 1989 1799 2032 Consul
1824 1991 1868 2032 II

140 2079 178 2107 a.
211 2062 315 2116 118,
359 2059 509 2103 consul
549 2060 618 2102 III
658 2075 695 2102 a.
730 2060 823 2102 119.
885 2059 1085 2102 Mortuus
1125 2066 1190 2101 est
1228 2059 1344 2115 apud
1374 2060 1504 2101 Baias
1539 2058 1580 2100 d.
1615 2059 1668 2101 10
1699 2073 1754 2102 m.
1785 2058 1867 2100 Iul.

141 2147 177 2176 a.
200 2130 282 2173 138
312 2130 383 2171 vit.
414 2132 481 2179 19,
504 2132 542 2179 6,
573 2128 662 2171 Dio
683 2131 749 2180 69,
771 2132 842 2179 23,
864 2132 902 2170 1.
964 2128 1088 2171 onr
1118 2128 1250 2171 Vibia
1281 2127 1464 2182 Sabina,
1508 2126 1633 2169 liberi
1674 2127 1866 2183 adoptivi

140 2199 192 2242 L.
235 2198 438 2242 Ceionius
484 2196 768 2251 Commodus,
815 2197 889 2253 qui
935 2203 1032 2253 post
1078 2196 1354 2253 adoptionem
1399 2197 1449 2238 L.
1497 2195 1648 2238 Aelius
1694 2194 1866 2249 Caesar,

140 2268 191 2310 T.
223 2266 426 2310 Aurelius
455 2265 624 2308 Fulvus
652 2266 858 2308 Boionius
886 2265 1042 2307 Arrius
1063 2265 1323 2319 Antoninus,
1357 2266 1430 2321 qui
1467 2271 1563 2321 post
1593 2263 1869 2319 adoptionem

141 2338 252 2393 Imp.
283 2337 334 2378 Τ.
366 2334 518 2377 Aelius
549 2334 710 2377 Caesar
739 2334 986 2376 Antoninus
1016 2335 1261 2376 nominatus
1294 2340 1369 2376 est.

329 2403 543 2438 Praeturam
559 2401 795 2437 Hadrianum
815 2402 992 2437 absentem
1008 2402 1146 2445 iniisse,
1172 2412 1250 2436 cum
1271 2401 1401 2446 leyioni
1423 2401 1560 2445 primae
1578 2404 1761 2445 praeesset
1784 2399 1870 2435 bello

240 2459 381 2496 Dacico
405 2458 570 2500 seeundo,
596 2458 692 2493 docet
719 2458 865 2503 titulus5
895 2459 936 2492 in
959 2462 1134 2503 praetura
1165 2458 1318 2493 Romam
1349 2457 1499 2493 rediisse
1531 2457 1759 2503 bioqrapltus,
1790 2467 1870 2491 eum

240 2517 372 2553 scribat
387 2519 421 2559 3,
435 2518 459 2551 8
477 2515 691 2550 sestertium
709 2515 826 2550 vicies
843 2515 892 2549 ad
916 2514 1024 2550 ludos
1050 2515 1212 2550 edendos
1231 2525 1253 2549 a
1270 2514 1438 2549 Traiano
1465 2513 1665 2559 accepisse.
1706 2512 1869 2549 Praetor

240 2573 363 2610 factus
395 2576 452 2608 est
479 2573 548 2608 sub
573 2572 719 2608 Surano
742 2573 868 2615 (immo
893 2571 1010 2614 Sura)
1034 2574 1072 2607 et
1097 2571 1281 2608 Serviano
1306 2571 1443 2607 iterum
1469 2582 1541 2606 cos.
1566 2588 1612 2599 =
1636 2582 1670 2606 a.
1695 2574 1770 2607 102
1795 2571 1867 2606 bio-

238 2632 399 2679 yraphus
424 2631 446 2666 l.
471 2631 492 2666 l.
517 2634 635 2675 aperte
656 2641 794 2665 errans.
845 2629 1062 2674 Confudisse
1086 2633 1204 2665 autem
1234 2640 1312 2664 eum
1337 2628 1499 2664 eonsules
1525 2640 1558 2664 a.
1584 2631 1660 2665 102
1684 2638 1761 2664 cum
1787 2639 1868 2664 con-

239 2690 378 2725 sulibus
411 2700 444 2724 a.
469 2691 544 2723 107
567 2687 687 2731 (Sura
710 2687 782 2722 III
806 2691 837 2722 et
865 2686 1056 2722 Senecione
1078 2686 1147 2730 II)
1179 2697 1223 2722 ne
1249 2697 1443 2731 ponamus,
1476 2685 1712 2721 adversantur
1742 2685 1868 2731 leyatio

238 2746 454 2782 Pannonica
470 2749 502 2781 et
517 2745 726 2781 consulatus
741 2747 887 2789 propter
902 2754 958 2779 res
975 2743 1016 2778 in
1032 2743 1230 2779 Pannonia
1245 2747 1363 2789 qestas
1380 2742 1577 2778 Hadriano
1602 2754 1635 2778 a.
1653 2746 1729 2778 108
1748 2742 1867 2777 datus.

59 2818 135 2861 141
170 2824 210 2861 P.
249 2821 431 2858 AELIVS
470 2820 763 2856 HADRIANVS
802 2820 950 2857 AFER.
1017 2812 1281 2855 Praenomen
1317 2827 1410 2855 cum
1449 2813 1563 2855 tribu
1597 2812 1780 2854 innotuit
1819 2826 1869 2854 ea:

144 2885 268 2928 titulo
288 2884 374 2939 filii
390 2884 479 2926 III
490 2886 583 2934 550,
617 2882 766 2925 Aelius
787 2882 1038 2924 Hadrianus
1060 2888 1343 2936 cognomento
1370 2881 1478 2924 Afer
1507 2882 1578 2924 vit.
1598 2880 1739 2924 Hadr.
1763 2883 1800 2930 1,
1823 2883 1865 2930 2,

143 2953 395 2996 Hadrianus
415 2951 523 2995 Afer
542 2951 642 3002 Dio,
668 2951 820 2994 Aelius
842 2950 1091 2993 Hadrianus
1114 2950 1262 3006 (Vict)
1285 2951 1382 3004 epit.
1408 2974 1465 2980 —
1484 2948 1637 2992 Italica
1659 2948 1868 2991 oriundus

142 3023 214 3064 vit.
237 3021 392 3071 Hadr.,
423 3020 533 3063 unde
563 3019 678 3062 tribu
700 3020 875 3074 Sergia3
907 3019 1148 3076 praetorius
1167 3018 1255 3061 Dio
1279 3021 1345 3069 69,
1367 3022 1406 3069 3,
1429 3022 1454 3060 1
1486 3018 1661 3073 (Zonar.
1684 3021 1749 3067 11,
1771 3018 1869 3071 23);

142 3096 350 3145 mortuus,
392 3104 491 3131 cum
530 3088 645 3131 filius
681 3088 891 3130 decimum
924 3102 1086 3129 annum
1116 3093 1264 3142 ageret
1294 3107 1349 3121 =
1378 3087 1496 3129 intra
1527 3086 1566 3129 d.
1596 3089 1654 3129 24
1683 3100 1736 3128 m.
1769 3086 1867 3128 Ian.

145 3173 184 3201 a.
204 3161 258 3201 85
291 3161 331 3200 et
360 3158 399 3200 d.
430 3161 488 3200 24
517 3171 570 3199 m.
602 3157 700 3201 Ian.
733 3171 770 3199 a.
794 3159 848 3198 86
877 3157 948 3199 vit.
971 3155 1112 3198 Hadr.
1134 3158 1172 3206 1,
1200 3158 1238 3198 4.
1300 3150 1418 3199 onr
1449 3154 1641 3197 Domitia
1670 3153 1866 3207 Paulina,

142 3226 267 3269 liberi
285 3227 332 3269 P.
349 3225 499 3268 Aelius
519 3225 771 3268 Hadrianus
793 3225 868 3281 qui
889 3225 1131 3280 imperavit,
1155 3229 1196 3265 et
1216 3224 1410 3266 Domitia
1430 3222 1615 3265 Paulina
1634 3224 1704 3265 vit.
1723 3222 1749 3264 l.
1769 3223 1794 3266 l.
1811 3247 1869 3251 —

140 3296 234 3349 Qua
269 3293 570 3337 necessitudine
609 3294 853 3336 coniunctus
890 3293 1023 3346 fue-rit
1044 3306 1145 3347 ,cum
1180 3291 1370 3334 Traiano
1400 3292 1674 3346 imperatore,
1710 3304 1869 3344 parum

146 3363 271 3417 liquet
290 3363 337 3404 in
357 3362 546 3404 dissensu
567 3365 808 3404 auctorum:
829 3361 1112 3403 consobrinus
1132 3360 1311 3403 Traiani
1330 3361 1402 3402 vit.
1421 3359 1562 3404 Hadr.
1579 3363 1617 3410 1,
1634 3364 1665 3403 2
1685 3359 1868 3414 (omnino

127 3445 407 3484 Prosopographia
433 3445 515 3481 Imp.
534 3445 626 3475 Rom.
662 3445 691 3474 1.
1573 3438 1595 3473 2
