2202 3730
135 284 438 321 CLEODEMVS
993 278 1079 322 413
1643 283 1940 322 CLEOPATRA

132 416 216 458 893
247 414 516 469 Cleodemus,
556 414 835 458 Atheniensis
871 415 1051 459 Claudio
1093 416 1314 471 (Gothico)
1355 422 1563 471 regnante
1601 415 1823 470 barbaros,
1865 418 1940 473 qui

219 484 448 527 Graeciam
477 484 739 539 invaserant,
771 485 877 527 vicit
906 485 1104 527 Zonaras
1132 488 1202 536 12,
1232 488 1290 528 26
1310 499 1359 539 p.
1380 487 1457 527 151
1486 484 1547 527 ed.
1578 483 1783 538 Dindorf.

131 551 216 594 894
246 550 512 606 Cleomenes,
544 553 789 605 statuarius,
814 554 936 595 cujus
957 553 1224 609 Thespiades
1245 554 1290 595 in
1310 553 1599 595 monumentis
1619 552 1762 595 Asinii
1784 552 1941 595 Pollio-

217 621 283 662 nis
313 627 438 663 erant
462 620 580 662 Plin.
601 634 643 663 n.
669 620 710 663 h.
737 623 804 669 36,
833 624 911 673 33,·
938 622 986 663 in
1014 622 1286 676 inscriptione
1314 624 1480 664 statuae
1508 622 1594 663 viri
1619 621 1810 663 Romani
1834 620 1941 664 CIG

217 691 324 731 6158
353 709 408 723 =
437 688 549 731 IGI
569 691 685 732 1247
712 687 947 746 Κλεομένης
975 689 1230 747 Κλεομένους
1259 687 1464 747 Ἀθηναῖος
1501 691 1700 747 ἐποίησεν,
1740 704 1848 743 quac
1886 689 1944 731 ad

216 757 387 800 initium
407 758 560 799 aetatis
580 757 880 812 imperatoriae
899 761 1090 812 spectare
1108 758 1285 808 videtur,
1308 758 1486 800 alterum
1514 761 1657 800 utrum
1681 757 1942 800 Cleomenem

216 825 389 868 eundem
418 839 505 868 esse
534 829 700 879 atquem
729 827 936 880 artificem
962 841 990 868 a
1010 826 1158 868 Plinio
1187 829 1463 869 memoratum
1491 827 1666 869 coniecit
1694 826 1836 880 Lo'wy,
1868 826 1942 867 In-

215 893 421 948 schriften
446 893 727 949 yriechischer
754 894 995 937 Bildhauer
1016 910 1064 949 p.
1080 898 1179 938 244.

130 963 214 1006 895
245 962 393 1014 Cleon,
432 961 601 1018 Mysius
631 961 723 1004 dux
753 962 972 1018 quondam
1010 962 1240 1018 latronum,
1284 977 1383 1005 cum
1413 962 1525 1005 bello
1556 962 1735 1005 Actiaco
1765 962 1822 1005 ab
1854 961 1941 1004 An-

216 1032 333 1073 tonio
353 1030 410 1072 ad
431 1029 661 1073 Caesarem
681 1030 920 1085 defecisset,
943 1030 998 1073 ab
1020 1046 1069 1073 eo
1090 1031 1323 1074 honoratus
1346 1038 1512 1087 partem
1533 1032 1723 1086 regionis
1743 1031 1942 1072 Morenes

215 1099 337 1155 quasi
365 1099 567 1155 princeps
596 1099 712 1141 rexit
742 1099 901 1142 Strabo
931 1103 1001 1150 12,
1023 1102 1063 1150 8,
1084 1102 1124 1144 8.
1146 1103 1172 1143 9
1193 1115 1241 1154 p.
1262 1103 1344 1142 574
1367 1114 1426 1154 sq.

131 1167 215 1210 896
245 1166 487 1222 Cleonicus,
519 1166 701 1209 libertus
731 1167 902 1210 Annaei
933 1168 1124 1211 Senecae
1154 1168 1433 1225 (philosophi)
1461 1168 1558 1210 Tac.
1581 1182 1621 1210 a.
1642 1171 1707 1217 15,
1728 1170 1794 1210 45.

130 1236 213 1278 897
246 1241 544 1277 CLEOPATRA
575 1242 788 1278 SELENE.
850 1236 1030 1279 Nummi
1068 1237 1258 1292 aryentei
1295 1240 1334 1280 et
1372 1238 1488 1279 aerei
1517 1236 1771 1278 Mauretani
1800 1238 1945 1278 extant

215 1304 296 1346 alii
325 1302 578 1359 Cleopatrae
616 1305 743 1354 unius
779 1306 947 1348 nomine
985 1306 1184 1360 inscripti
1222 1305 1462 1362 Κλεοπάτρα
1503 1307 1708 1364 βασίλισσα
1748 1307 1788 1346 et
1816 1307 1944 1358 caput

217 1372 502 1415 diadematum
538 1372 798 1429 exhibentes,
830 1373 1026 1428 plerique
1053 1375 1253 1429 inscripti
1278 1375 1324 1417 in
1354 1374 1532 1417 adversa
1563 1375 1658 1416 Rex
1687 1373 1798 1415 Iuba
1829 1373 1942 1427 regis

215 1440 340 1483 Iubai
371 1441 399 1483 f.
429 1440 494 1483 vel
522 1441 619 1483 Rex
648 1441 770 1496 Iuba,
801 1442 849 1484 in
878 1456 1029 1485 aversa
1059 1441 1299 1500 Κλεοπάτρα
1330 1445 1538 1502 βασίλισσα
1561 1442 1736 1492 Mulier,
1770 1439 1943 1483 Numis-

214 1509 399 1563 matique
419 1509 469 1551 de
491 1508 722 1552 l'ancienne
741 1509 926 1565 Afrique
946 1511 1035 1553 III
1048 1525 1097 1565 p.
1118 1514 1202 1553 108
1221 1525 1308 1565 sqq.
1337 1512 1391 1565 cf.
1415 1511 1565 1565 Suppl.
1589 1525 1637 1565 p.
1661 1513 1736 1560 74;
1765 1508 1944 1563 irmionis

213 1581 273 1621 est
300 1591 494 1620 nummus
521 1592 564 1620 n.
587 1580 712 1621 102a
733 1593 780 1633 p.
805 1581 857 1621 74
886 1579 1115 1633 inscriptus
1145 1578 1251 1637 Ἰόβα
1282 1579 1456 1638 βασιλέω
1488 1578 1580 1634 (sic)
1612 1580 1654 1620 R·
1685 1577 1890 1634 Σελέν(η).

300 1646 372 1688 Ex
402 1645 632 1702 Cleopatra
661 1646 721 1691 M.
752 1646 968 1690 Antonius
1009 1647 1167 1690 liberos
1207 1647 1411 1703 gemellos
1444 1647 1542 1690 tulit
1571 1645 1872 1690 Alexandrum
1904 1652 1946 1687 et

214 1714 513 1771 Cleopatram,
555 1721 784 1772 postquam
814 1731 853 1758 a.
885 1716 1014 1759 37s36
1048 1706 1243 1772 reginam
1281 1718 1326 1758 in
1358 1716 1529 1772 Syriam
1560 1715 1815 1758 advocatam
1848 1714 1943 1756 loco

214 1784 353 1826 iustae
381 1783 529 1826 uxoris
556 1783 717 1826 habere
737 1785 878 1841 coepit
897 1784 1122 1829 Plutarch.
1144 1785 1301 1828 Anton.
1324 1788 1378 1828 36
1388 1798 1402 1837 ,·
1430 1784 1518 1827 Dio
1538 1788 1605 1835 49,
1623 1787 1682 1828 32
1701 1785 1778 1827 sub
1800 1798 1841 1827 a.
1864 1787 1944 1826 718

143 1879 147 1881 -
213 1871 270 1887 =
288 1854 344 1894 36
371 1855 648 1909 προληπτικῶς
672 1853 719 1895 in
747 1853 988 1895 universum
1017 1853 1067 1896 de
1098 1853 1243 1896 liberis
1262 1853 1446 1896 Antonii
1475 1856 1514 1896 et
1544 1852 1796 1907 Cleopatrae
1826 1854 1866 1895 et
1895 1852 1944 1894 de

148 1963 150 1967 ‚
214 1921 356 1975 reynis
393 1920 450 1962 iis
489 1921 708 1963 attributis
747 1922 850 1975 ayit.
909 1922 970 1964 Vt
998 1921 1217 1964 Antonius
1246 1921 1499 1965 Alexandro
1529 1936 1686 1964 nomen
1718 1921 1850 1975 Solis,
1883 1922 1943 1962 ita

154 2002 165 2004 ·
216 1988 471 2045 Cleopatrae
502 1988 679 2032 Selenes
708 1989 864 2032 indidit
887 1989 1112 2035 Plutarch.
1145 1991 1172 2033 l.
1204 1991 1246 2042 l.,
1277 1990 1365 2034 Dio
1394 1994 1459 2044 51,
1491 1993 1573 2042 21;
1604 1990 1758 2033 Selene
1790 1990 1944 2044 dicitur

213 2058 259 2099 in
296 2071 464 2100 nummo
498 2060 620 2101 102a
658 2057 711 2113 (v.
742 2057 904 2112 supra),
942 2058 1114 2102 Sueten.
1146 2059 1282 2115 Caliy.
1312 2063 1382 2109 26,
1423 2059 1580 2102 Euseb.
1614 2073 1771 2101 armen.
1808 2057 1867 2101 ad
1903 2072 1943 2100 a.

215 2125 324 2170 Abr.
355 2128 462 2169 1990
499 2127 551 2180 cf.
581 2126 760 2181 Syncell.
792 2142 840 2181 p.
868 2129 963 2178 588,
1005 2127 1250 2183 Hieronym.
1281 2131 1392 2171 1988
1423 2128 1600 2183 (Luna),
1640 2126 1800 2170 Suidas
1840 2138 1875 2169 s.
1905 2140 1942 2168 υ.

215 2193 342 2251 Ἰόβας
367 2194 402 2236 Ι
423 2197 455 2237 2
474 2209 523 2249 p.
544 2197 622 2237 999
653 2195 715 2237 ed.
746 2195 1016 2250 Bernhardy.
1623 2189 1628 2193 ’

300 2262 414 2305 Nata
445 2269 510 2304 est
538 2263 672 2317 igitur
698 2278 736 2308 a.
766 2264 909 2307 36l35.
967 2264 1095 2306 Anno
1126 2265 1184 2306 34
1212 2271 1335 2320 pater
1365 2265 1404 2306 ei
1442 2278 1625 2319 regnum
1655 2263 1943 2319 Cyrenaicum

216 2330 451 2373 destinavit
469 2330 557 2373 Dio
578 2334 645 2382 49,
666 2334 731 2375 41.
789 2331 860 2374 Ab
890 2332 1090 2387 Augusto
1122 2348 1160 2375 a.
1191 2333 1246 2375 29
1275 2333 1319 2374 in
1350 2332 1570 2389 triumpho
1601 2332 1732 2375 ducta
1762 2339 1828 2374 est
1856 2331 1944 2374 Dio

214 2402 281 2450 51,
311 2403 391 2450 21,
423 2399 937 2455 Eusebius-Hieronymus
969 2401 994 2443 l.
1027 2401 1054 2443 l.
1112 2400 1336 2456 Augustus
1379 2416 1471 2443 eam
1502 2401 1636 2444 Iubae
1666 2402 1779 2456 regi,
1815 2415 1943 2457 quem

74 2515 77 2517 ,
217 2482 350 2523 regno
367 2467 529 2510 Bocchi
545 2467 795 2524 donaverat,
812 2469 858 2511 in
880 2470 1202 2511 matrimonium
1218 2469 1448 2512 collocavit
1463 2469 1685 2514 Plutarch.
1698 2470 1845 2512 Anton
1875 2472 1943 2519 87,

148 2579 151 2581 .
217 2536 307 2580 Dio
333 2539 410 2587 51,
441 2538 495 2578 15
527 2536 582 2590 cf.
614 2536 785 2580 Sueton.
815 2536 906 2579 Cal.
940 2541 1012 2588 26,
1046 2537 1205 2580 Strabo
1236 2540 1302 2587 17,
1332 2540 1371 2588 3,
1404 2541 1434 2579 7
1452 2553 1500 2592 p.
1527 2540 1633 2589 828,
1673 2537 1830 2581 Suidas
1858 2537 1883 2579 l.
1917 2537 1943 2579 l.

218 2606 312 2659 (ubi
329 2617 560 2659 perperam
589 2603 745 2646 dicitur
775 2604 1031 2661 Cleopatrae
1062 2612 1105 2648 et
1134 2605 1184 2650 C.
1216 2605 1415 2649 Caesaris
1444 2605 1576 2661 filia);
1611 2607 1656 2647 in
1696 2606 1945 2660 coniugium

218 2673 390 2729 scripsit
410 2672 670 2727 Crinagoras
690 2673 822 2728 epiyr.
837 2673 970 2717 Anth.
984 2688 1125 2728 ¹qraec.
1144 2677 1182 2725 9,
1199 2676 1294 2717 235.
1327 2674 1526 2729 Regnum
1541 2675 1704 2717 Bocchi
1721 2674 1944 2729 Augustus

216 2741 351 2784 Iubae
381 2756 419 2785 a.
452 2741 534 2784 729
564 2761 619 2776 =
646 2742 700 2784 25
729 2741 849 2784 dedit
876 2741 967 2784 Dio
996 2745 1061 2793 53,
1092 2745 1162 2796 26,
1206 2742 1307 2784 inde
1337 2758 1363 2784 a
1393 2757 1478 2799 quo
1516 2758 1629 2785 anno
1670 2743 1780 2786 Iuba
1809 2757 1944 2784 annos

217 2810 340 2864 regni
384 2810 649 2864 numeravit,
690 2813 739 2852 ut
777 2810 924 2853 docent
960 2811 1123 2852 nummi
1160 2811 1214 2864 cf.
1248 2811 1412 2853 Muller
1440 2812 1502 2854 II
1524 2826 1574 2866 p.
1605 2814 1686 2855 115
1694 2825 1709 2863 ,·
1751 2824 1946 2854 nummus

218 2878 354 2921 Iubae
384 2881 424 2920 et
454 2877 708 2932 Cleopatrae
730 2892 773 2920 n.
794 2881 853 2920 87
879 2879 926 2920 in
947 2893 1098 2921 aversa
1128 2882 1255 2934 caput
1276 2878 1534 2934 Cleopatrae
1562 2883 1602 2923 et
1632 2881 1945 2935 inscriptionem

215 2946 399 2989 nominis
437 2946 612 2997 exhibet,
653 2947 700 2989 in
738 2946 917 2989 adversa
955 2948 1185 3001 inscriptus
1220 2951 1281 2990 est
1319 2949 1415 2990 Rex
1453 2948 1567 2991 Iuba
1605 2950 1719 3004 regis
1759 2948 1883 2991 Iubai
1915 2948 1942 2990 f.

218 3015 378 3069 r(egni)
410 3014 561 3070 a(nno)
589 3015 665 3069 VI,
706 3014 817 3057 unde
856 3016 946 3057 veri
982 3016 1120 3058 simile
1157 3017 1209 3070 fit
1236 3016 1391 3059 Iubam
1426 3032 1519 3060 eam
1549 3019 1666 3060 circa
1694 3017 1742 3059 id
1773 3020 1943 3071 tempus,

218 3082 266 3125 id
293 3085 355 3124 est
384 3097 423 3124 a.
454 3083 544 3136 fere
571 3086 631 3126 20
658 3097 833 3126 uxorem
863 3083 1040 3126 duxisse.
1086 3083 1266 3126 Mortua
1287 3088 1348 3127 est
1367 3088 1465 3128 ante
1486 3100 1644 3128 annum
1663 3088 1690 3128 5
1711 3099 1751 3127 a.
1775 3083 1833 3135 C.,
1864 3099 1944 3138 quo

219 3151 310 3205 fere
344 3150 458 3193 Iuba
494 3150 761 3206 Glaphyram
798 3151 970 3194 viduam
1007 3151 1252 3194 Alexandri
1282 3153 1469 3196 Herodis
1506 3154 1592 3209 filii
1629 3154 1757 3196 occisi
1785 3167 1824 3196 a.
1856 3154 1945 3206 fere

219 3222 249 3261 7
275 3233 314 3261 a.
348 3218 393 3262 C.
422 3219 474 3274 (v.
500 3233 634 3274 supra
661 3219 705 3261 A
728 3220 824 3275 361)
854 3221 901 3263 in
929 3221 1246 3263 matrimonium
1274 3221 1396 3264 duxit
1423 3222 1587 3277 Ioseph.
1620 3225 1706 3264 ant.
1729 3226 1795 3272 17,
1817 3225 1882 3272 13,
1904 3225 1942 3272 1,

221 3287 314 3330 bell.
345 3291 388 3338 2,
423 3290 459 3338 7,
490 3291 530 3330 4.
579 3288 732 3341 Itaque
760 3302 953 3331 nummus
981 3290 1117 3332 Iubae
1150 3303 1192 3333 n.
1222 3292 1291 3340 88,
1331 3291 1406 3344 qui
1439 3291 1487 3333 in
1526 3304 1676 3333 aversa
1716 3291 1945 3344 inscriptus

217 3355 376 3412 R(egni
407 3356 538 3411 anno)
568 3356 729 3399 XXXI
757 3360 886 3414 caput
911 3357 1115 3411 muliebre
1144 3357 1429 3402 diadematum
1457 3359 1643 3410 exhibet,
1683 3358 1795 3416 quod
1822 3357 1943 3405 Cleo-
